2479 3508
912 173 1768 281 PREFACE.

489 364 585 440 te
597 319 837 476 fçay
863 357 1053 476 que
1073 317 1337 427 leurs
1391 321 1939 472 Royaumes
1979 341 2173 481 mef,

496 525 700 590 mes
746 520 862 589 ne
908 477 1144 630 [ont
1208 475 1488 632 point
1530 510 1654 578 en
1697 467 1798 577 la
1862 453 2174 595 Cartle

491 637 1117 788 *vmuer[elle,
1145 674 1265 738 ou
1279 663 1537 788 pour
1579 635 1917 739 mieux
1950 641 2177 777 dire,

500 842 618 908 en
655 795 924 903 l'étre
967 793 1142 902 des
1166 786 1486 944 chofes
1513 792 1570 894 ?
1610 795 1866 897 mais
1888 834 1980 898 ce
2008 810 2182 957 nef

495 992 683 1118 pas
762 953 849 1059 le
888 949 1131 1108 [eul
1186 941 1575 1104 dejfaut
1623 991 1653 1104 ,
1709 988 1883 1103 qui
1991 985 2175 1100 peut

510 1157 762 1228 nous
815 1106 1298 1257 esloigner
1345 1103 1470 1211 de
1505 1098 1608 1208 la
1677 1109 2148 1260 vrayfem
2154 1189 2176 1209 .

508 1270 847 1380 blance
864 1316 899 1374 :
938 1271 1077 1376 Et
1100 1304 1347 1371 nous
1366 1300 1681 1369 auons
1700 1267 2177 1415 autre-fois

511 1468 604 1542 v
607 1469 720 1537 eu
743 1426 912 1538 des
959 1429 1422 1535 Romans
1444 1503 1480 1547 }
1521 1423 1700 1574 qui
1739 1461 1974 1527 nous
2001 1457 2172 1578 pro-

514 1583 1207 1739 duifoientdes
1238 1578 1753 1731 Monfires
1776 1616 1807 1705 ,
1848 1616 1961 1684 en
1990 1611 2147 1738 pen
2148 1651 2175 1675 •

503 1752 778 1896 faut
815 1742 1342 1895 nousfaire
1357 1776 1596 1845 voir
1607 1733 1780 1845 des
1805 1737 2182 1845 miracles

520 1900 782 2010 leurs
858 1899 1372 2010 Autbeurs
1434 1926 1694 2053 pour
1764 1892 1906 2000 s*a
1920 1893 2186 2002 tacher

527 2088 744 2211 trop
767 2098 901 2164 au
923 2055 1563 2167 merueilleux
1587 2100 1616 2184 ,
1635 2081 1809 2159 ont
1827 2056 2029 2207 fait
2069 2049 2183 2157 des

524 2218 1194 2372 Grotefques,
1238 2219 1414 2372 qui
1470 2216 1930 2318 tiennent
1966 2205 2186 2319 beau*

527 2407 770 2529 coup
795 2360 967 2481 des
993 2372 1355 2523 vifions
1379 2363 1943 2520 delafieure
1973 2361 2191 2476 chau¬

536 2534 660 2642 de
686 2571 710 2673 ;
750 2558 886 2673 çcf
908 2528 1568 2687 l’onpourroit
1596 2610 1630 2650 3
1654 2521 2102 2678 auecplus
2117 2521 2190 2629 de

533 2691 873 2841 raifon
925 2727 1117 2846 que
1157 2690 1691 2798 rïenauoit
1740 2685 1831 2795 le
1874 2688 2099 2788 Duc
2126 2675 2191 2783 il

540 2868 950 2957 Ferrare
992 2845 1024 2973 ,
1087 2844 1636 2958 demander
1673 2843 1742 2949 à
1786 2884 1932 2953 ces
1961 2828 2194 2989 Afef

514 3002 839 3152 fleurs
863 3048 963 3116 ce
985 3049 1121 3163 qu
1158 3004 1239 3116 il
1250 3003 1757 3114 demanda
1787 3042 1849 3107 a
1878 2998 2191 3108 l’Am-

523 3170 670 3320 fie
696 3249 730 3289 ,
772 3198 1056 3322 apres
1100 3207 1390 3274 auoir
1425 3165 1586 3275 leu
1593 3167 1796 3320 fon
1831 3141 2194 3280 Rolani\

552 3323 897 3426 Méfier
962 3330 1469 3441 Lodoico,
1552 3330 1801 3427 doue
1866 3307 2207 3422 Diauoic.
