2479 3508
741 286 918 386 44
1092 248 1580 397 LÏIttuflre
1604 255 1906 404 Bajpa

739 395 1357 538 fortloingdu
1399 437 1683 498 terme
1725 446 1839 502 ou
1885 421 1957 507 ie
1991 423 2111 517 de-

736 538 1273 635 uoisvoiria
1316 534 1728 662 lumière,
1776 540 2111 689 lorsque

738 672 1180 771 lesviures
1222 712 1822 813 manquèrent
1868 701 2112 787 entiè¬

735 845 1094 907 rement
1121 808 1168 904 à
1193 808 1605 913 Arfalon.
1653 824 1758 910 Et
1795 856 2114 927 comme

733 946 799 1044 il
825 957 1075 1043 auoit
1103 942 1527 1083 employé
1577 985 1775 1048 tout
1815 954 1969 1055 Ton
2009 1003 2113 1059 ar¬

734 1115 967 1220 gent
1010 1163 1038 1205 ,
1080 1079 1129 1178 à
1172 1082 1559 1225 l’achapt
1604 1091 1708 1182 de
1738 1090 1896 1187 Ton
1936 1101 2112 1195 vaif-

738 1226 1006 1331 feau,
1068 1231 1160 1316 &
1224 1258 1392 1317 aux
1454 1234 1954 1325 munitions
2030 1241 2112 1331 de

731 1390 1057 1496 guerre
1105 1373 1192 1454 &
1247 1362 1359 1456 de
1403 1360 1759 1458 bouche
1831 1367 2026 1501 qu’il
2071 1411 2113 1505 y

731 1507 987 1592 auoit
1013 1494 1385 1618 miles,il
1413 1537 1527 1597 ne
1550 1512 1929 1635 pouuoit
1953 1501 2115 1601 fon-

732 1670 894 1770 ger
940 1629 992 1729 à
1030 1631 1418 1735 aborder
1464 1675 1576 1735 en
1646 1634 1890 1733 nulle
1952 1677 2110 1775 part

729 1808 964 1904 pour
990 1811 1104 1867 en
1128 1784 1404 1871 auoir.
1472 1783 1606 1871 En
1636 1812 1810 1872 vne
1832 1779 2116 1877 aduan-

739 1940 931 2005 ture
957 1907 1021 2007 fi
1045 1907 1497 2035 facheufe,
1549 1913 1667 2008 les
1695 1910 2007 2011 loldats
2047 1931 2113 2017 à

730 2042 859 2138 les
894 2046 1317 2145 Matelots
1346 2050 1959 2147 consultèrent
1992 2091 2113 2151 en¬

734 2179 1114 2306 semble,
1150 2200 1236 2284 &
1268 2184 1858 2324 ayantgagné
1896 2183 1972 2283 le
2002 2199 2116 2285 Pi¬

729 2316 955 2439 lote,
1007 2319 1116 2417 ils
1157 2322 1428 2420 firent
1465 2361 1642 2463 que
1677 2322 2000 2463 malgré
2019 2323 2114 2419 les

727 2464 1589 2558 commandements
1663 2502 1837 2600 que
1921 2497 2115 2559 mon

724 2593 1106 2729 percîuy
1148 2596 1500 2709 faifoit,
1556 2595 1619 2695 il
1660 2636 1772 2694 ne
1836 2596 1943 2695 lai
1954 2601 2113 2695 doit

724 2766 880 2862 pas
906 2735 1014 2827 de
1040 2740 1426 2869 prendre
1472 2735 1550 2831 la
1606 2770 1854 2832 route
1898 2739 2118 2835 d'vns

727 2868 885 2968 Me
931 2872 1189 3011 quils
1229 2874 1947 2977 defcouuroient»
2019 2879 2113 2967 La
