2479 3508
572 214 740 322 t4
940 172 1460 330 Ulïïuftre
1500 177 1822 338 Ba£a

577 328 1079 467 çhaifncr,
1121 351 1218 440 &
1267 342 1382 437 de
1427 342 1824 440 trailner
1849 340 2070 457 leurs

571 481 1043 624 drapeaux
1071 522 1243 626 par
1267 489 1809 587 terre.Mais
1837 530 2069 601 com¬

570 661 736 734 me
760 626 848 728 le
876 625 1276 730 combat
1304 622 1454 729 fut
1484 641 2068 779 commencé,

570 770 1786 918 cegenereuxEfcIauecjui
1828 797 2070 889 auoic

573 916 855 1020 attiré
899 917 1029 1021 les
1091 958 1331 1060 yeux
1375 923 1489 1021 de
1567 953 1835 1022 toute
1885 923 2073 1029 l'as¬

568 1060 1001 1166 semblée
1026 1059 1175 1164 fur
1222 1062 1416 1205 Iuy,
1466 1107 1519 1165 a
1554 1061 1635 1166 la
1682 1068 1921 1210 prife
1970 1079 2073 1177 de

574 1205 668 1313 la
708 1208 1014 1312 feinte
1042 1206 1266 1313 ville
1292 1214 1404 1310 de
1428 1217 1800 1340 Tauris,
1832 1248 2070 1321 tom¬

573 1349 701 1454 ba
731 1386 945 1464 tout
979 1351 1032 1455 à
1077 1394 1327 1498 coup
1357 1358 1579 1459 d’vn
1623 1368 1813 1486 leu,
1861 1365 2073 1473 dans

573 1538 765 1610 yne
810 1501 1157 1642 pensée
1222 1498 1437 1642 plus
1491 1499 1923 1629 ferieufej
1989 1525 2073 1615 &

576 1648 890 1746 eftant
938 1646 1378 1790 emporté
1432 1651 1558 1747 du
1608 1646 1948 1752 zelede
1994 1653 2072 1757 fa

571 1786 1442 1937 Religion,ilpafla
1491 1794 1720 1896 delà
1759 1830 2076 1941 troupe

573 1939 983 2082 Turque
1009 1941 1243 2040 dans
1291 1936 1379 2039 la
1429 1937 2071 2071 Chreftienne,

576 2093 679 2184 èc
716 2120 839 2188 en
890 2081 1441 2228 changeant
1494 2089 1610 2187 de
1660 2097 1934 2230 parti,
1978 2087 2075 2191 fit

572 2224 1002 2373 changer
1024 2227 1112 2331 la
1136 2230 1344 2332 face
1370 2233 1524 2333 des
1552 2230 1900 2335 choses.
1930 2241 2074 2335 Les

573 2377 1041 2521 Turcsqu
1073 2373 1429 2479 ilauoit
1475 2373 2073 2509 abandonez,

570 2518 1119 2629 tafeherent
1148 2520 1379 2625 bien
1424 2527 1541 2625 de
1572 2517 1659 2624 le
1702 2536 2073 2631 vaincre

568 2698 1040 2813 auccques
1074 2663 1204 2770 les
1230 2704 1574 2797 autres,
1598 2682 1834 2772 mais
1864 2669 1932 2771 il
1962 2669 2074 2771 les

569 2847 864 2922 mena
911 2813 1254 2918 batant
1279 2819 1652 2957 iniques
1679 2820 1908 2918 dans
1955 2813 2072 2915 les

575 2992 905 3104 porte?
979 2963 1097 3065 de
1165 2960 1255 3082 la
1335 2961 1617 3092 ville;
1673 2978 1767 3068 &
1824 3001 2071 3113 quoy
