2479 3508
854 70 1662 168 PREFACE.

369 202 883 353 mefgarer
911 234 945 331 ,
993 235 1220 314 tant
1309 246 1495 359 que
1539 248 1623 312 te
1659 208 2067 355 fuiurois

374 353 1156 508 <vnfibonguide.
1252 366 1361 468 Je
1406 364 1757 513 neficaj
1810 411 2074 481 encor

345 513 456 658 fi
517 513 1066 668 quelqu'un
1113 556 1232 624 ne
1303 544 1760 622 trouuera
1811 555 2072 668 point

373 709 835 777 mauuais
884 714 917 822 ,
970 711 1159 823 que
1229 711 1455 775 mon
1546 674 1867 780 Héros
1946 710 2071 819 (f

372 865 602 930 mon
682 827 1110 938 Herome
1150 864 1268 930 ne
1361 825 1726 976 fioyent
1799 863 2070 982 point

379 984 631 1092 Rois
681 1027 715 1085 :
769 988 1019 1089 mais
1071 1010 1341 1086 outre
1372 1020 1559 1131 que
1605 980 1745 1086 les
1782 1024 2075 1132 géné¬

378 1175 622 1243 reux
652 1221 684 1259 ,
738 1175 856 1242 ne
910 1163 1328 1242 mettent
1358 1172 1708 1281 gueres
1736 1141 1856 1245 de
1880 1140 2072 1291 dif¬

343 1293 797 1440 férence,
831 1320 1097 1398 entre
1119 1320 1445 1444 porter
1463 1289 1633 1396 des
1683 1334 2063 1403 couron¬

372 1485 540 1550 nes
568 1471 703 1583 çef
728 1441 858 1548 les
886 1475 1304 1562 menter,
1340 1473 1608 1552 outre
1638 1489 1826 1601 que
1860 1493 2072 1559 mon

369 1595 858 1752 lufiinian
863 1690 893 1728 y
899 1614 1026 1761 efi
1035 1601 1336 1706 d’aune
1371 1607 1628 1712 Race
1661 1611 1832 1761 qui
1861 1649 1922 1712 a
1945 1638 2067 1712 te¬

372 1796 511 1860 nu
536 1754 599 1865 /'
620 1757 1013 1910 Empire
1036 1757 1507 1863 d’Orient
1534 1754 1559 1880 ;
1590 1754 2073 1914 l’exemple

376 1909 606 2014 d’H
612 1907 1180 2064 thenagoras
1227 1912 1260 2036 ,
1292 1912 1502 2019 doit
1528 1952 1626 2018 ce
1655 1957 1806 2025 me
1807 1921 2070 2072 fem-

381 2059 523 2168 ble
575 2064 747 2225 luj
766 2073 1131 2218 fermer
1153 2066 1251 2172 la
1275 2063 1657 2174 bouche:
1674 2083 2071 2227 puisque

372 2225 414 2271 c
384 2216 878 2369 Iheogene
932 2266 1042 2367 (g
1040 2253 1068 2287 3
1150 2220 1580 2336 Charide
1602 2310 1636 2350 }
1690 2269 1804 2335 ne
1849 2231 2070 2378 font

381 2414 569 2526 que
595 2382 713 2483 de
733 2379 1123 2533 /impies
1171 2382 1659 2533 Citoyens.
1781 2382 2075 2532 Enfin

374 2529 840 2662 Letteur,
892 2538 1024 2642 les
1060 2532 1524 2689 Cenfeurs
1542 2570 1970 2690 peuuent
1974 2540 2074 2691 fe

373 2716 724 2797 mettre
745 2727 861 2798 en
897 2727 1161 2853 repos
1185 2692 1306 2798 de
1333 2727 1432 2795 ce
1485 2695 1841 2842 cofiéla
1865 2736 1893 2832 ,
1949 2720 2074 2833 çf

376 2840 501 2944 ni
498 2886 561 2984 y
584 2837 895 2988 laiffer
926 2900 955 2954 :
976 2887 1137 2959 car
1162 2852 1247 2954 ie
1274 2842 1409 2951 les
1452 2833 1809 3000 affeure
1836 2894 1862 3004 ,
1894 2890 2075 3004 que

371 2993 864 3144 Iufiiman
895 3010 1028 3157 efi
1047 3003 1160 3108 de
1179 2999 1666 3114 condition
1723 3005 1794 3109 à
1829 3046 2080 3112 com¬

375 3155 789 3263 mander
809 3200 873 3266 a
892 3189 1157 3269 toute
1181 3158 1281 3266 la
1309 3186 1561 3268 terre
1588 3206 1613 3321 ;
1810 3164 2031 3322 qui
2041 3229 2081 3251 -
