2479 3508
826 145 1659 251 PREFACE.

352 335 540 459 que
570 292 966 403 d'auoir
1000 283 1212 395 bien
1212 287 1430 439 fait
1450 281 1702 437 fans
1748 329 1818 439 y
1848 289 2058 427 fbn-

334 499 542 613 ger.
590 451 688 560 Il
736 459 964 608 nef
996 451 1206 555 rien
1252 479 1444 597 que
1492 441 1598 547 la
1646 453 2082 559 témérité

354 615 600 763 nofe
626 603 1314 765 entreprendre
1318 597 1746 741 yÇg’dont
1765 600 2066 751 lafor¬

354 805 596 881 tune
621 758 1378 925 nepuiffe*\venir
1398 753 1464 861 d
1486 751 1716 863 bout
1763 807 1796 867 :
1833 803 2070 871 mais

356 927 714 1089 quand
752 945 876 1073 on
894 945 1000 1073 Je
1030 915 1170 1068 fe
1202 955 1318 1023 en
1362 951 1510 1021 ces
1558 913 1830 1023 deux
1850 927 2076 1069 gui¬

358 1088 527 1195 des
554 1083 890 1233 ,fil’on
912 1114 1028 1185 ne
1054 1071 1418 1227 s’égare
1444 1113 1477 1197 ,
1502 1111 1622 1181 on
1638 1105 1874 1233 peut
1894 1081 2084 1228 sef

344 1283 646 1403 garer
672 1240 694 1372 ;
740 1240 880 1347 Et
920 1235 1042 1343 de
1090 1259 1338 1343 cette
1350 1229 1628 1383 forte
1668 1317 1702 1357 ,
1750 1237 2086 1385 quand

364 1407 720 1553 mefme
761 1399 888 1503 les
958 1427 1532 1503 euenemens
1571 1387 1820 1545 font
1861 1389 2080 1499 heu¬

366 1601 620 1671 reux
664 1555 692 1682 ,
732 1555 924 1665 l’on
967 1590 1194 1657 nen
1249 1575 1594 1655 mente
1649 1552 1928 1703 point
1974 1547 2082 1659 de

351 1722 658 1873 gloire
673 1714 1114 1865 .Chaque
1146 1735 1318 1817 art
1338 1707 1550 1857 afes
1572 1707 1884 1857 réglés
1909 1748 2086 1815 cer¬

374 1909 705 1985 taines
751 1914 785 2029 ,
830 1911 1009 2029 qui
1040 1903 1241 2028 par
1278 1865 1451 1973 des
1498 1903 1891 2019 moyens
1948 1905 2091 1973 in¬

356 2025 837 2191 faillibles
888 2113 923 2153 y
988 2031 1424 2131 meinent
1452 2017 1514 2123 d
1562 2047 1666 2127 !a
1702 2021 1849 2175 jin
1906 2063 2089 2177 que

373 2193 556 2303 ton
611 2191 714 2337 fe
738 2181 1764 2345 propoferêj)pourueu
1790 2217 2096 2335 qwvn

377 2344 952 2457 ylrchitciïe
987 2375 1360 2501 prenne
1425 2329 1638 2445 bien
1701 2349 1852 2471 (es
1895 2334 2096 2457 ali¬

389 2545 564 2661 gne
563 2543 716 2613 me
723 2543 840 2626 ns
873 2583 906 2625 3
928 2489 1672 2656 ilcfajfeuréde
1696 2495 1796 2605 la
1822 2489 2103 2601 beau¬

389 2665 499 2773 té
506 2669 627 2771 de
648 2657 807 2806 fon
832 2655 885 2765 b
889 2663 1347 2805 afiment
1363 2650 1381 2757 .
1402 2649 1533 2755 N
1535 2697 1579 2759 e
1596 2684 2103 2807 croyezspas

392 2826 807 2929 Le£teur
807 2907 835 2945 3
844 2857 1033 2974 que
1058 2821 1149 2923 ie
1164 2805 1535 2919 <veuille
1552 2812 1981 2923 conclure
2002 2805 2111 2915 de

389 2979 555 3105 Idy
578 3017 769 3133 Cjue
794 3005 1472 3119 monouurage
1483 2969 1701 3119 foit
1762 3005 2116 3078 accom-

381 3137 880 3297 ply3parce
911 3173 1150 3291 quel
1181 3117 1768 3283 ayfumyles
1793 3124 2122 3277 reigles

397 3301 576 3453 qui
637 3292 724 3403 le
787 3317 1324 3451 pouuoient
1385 3292 1738 3401 rendre
1781 3281 1970 3395 tel:
2033 3283 2116 3390 ie
