2479 3508
595 245 1405 403 Liurepremier.
1671 291 1822 388 27

317 395 402 500 îc
431 396 746 505 Sultan
777 404 888 502 de
921 405 1324 543 prendre
1353 401 1444 504 fa
1493 415 1648 507 vie
1695 449 1816 510 au

320 545 492 648 lieu
556 550 662 646 de
714 544 800 648 la
868 546 1220 668 tienne,
1286 550 1357 653 ü
1408 549 1496 652 fa
1542 551 1810 656 faute

312 693 845 794 n’obtenoit
874 705 1159 836 point
1212 701 1327 798 de
1382 705 1790 842 pardon.

314 839 727 942 Soliman
757 846 1073 943 tendit
1121 840 1249 946 les
1288 844 1499 949 bras
1552 845 1606 952 à
1656 885 1809 950 cet

309 982 643 1088 illuitrc
697 991 932 1088 BaiTa
975 1075 1003 1117 ,
1065 1006 1156 1093 &
1189 987 1349 1135 luy
1401 997 1544 1097 dit
1579 1036 1697 1099 en
1727 993 1815 1100 le

309 1128 751 1260 releuant,
805 1175 990 1275 que
1029 1144 1360 1282 quand
1399 1142 1808 1245 ilaurok

310 1277 390 1378 la
412 1276 730 1381 foudre
756 1280 807 1379 à
840 1281 920 1382 la
950 1296 1254 1414 main,
1292 1286 1424 1390 fes
1449 1299 1804 1434 prières

304 1419 1041 1532 l’arrefteroient:
1072 1446 1161 1535 &
1195 1473 1383 1578 que
1410 1475 1533 1540 ne
1565 1478 1812 1584 pou¬

298 1607 521 1673 rtant
548 1570 701 1712 luy
728 1584 933 1678 rien
966 1574 1344 1711 refüfer,
1376 1579 1437 1684 il
1470 1580 1627 1728 luy
1656 1626 1813 1685 ac-

301 1716 785 1822 cordoitla
833 1732 1104 1826 vie&
1157 1723 1241 1826 le
1284 1738 1659 1871 pardon
1689 1739 1811 1837 de

303 1876 941 1972 cetemeraire.
981 1869 1406 1977 Ibrahim
1441 1876 1528 1979 fe
1567 1891 1810 1982 ietta

302 2046 644 2113 encore
683 2052 870 2120 vne
915 2014 1100 2120 fois
1157 2061 1332 2124 aux
1379 2031 1648 2168 pieds
1679 2032 1810 2130 du

296 2154 621 2260 Sultan
667 2201 909 2304 pour
938 2160 1090 2306 luy
1120 2172 1460 2274 rendre
1489 2210 1806 2317 grâce,

300 2315 393 2402 &
418 2345 675 2448 apres
704 2320 969 2410 auoir
996 2312 1373 2417 obtenu
1400 2321 1525 2420 du
1552 2323 1809 2426 BaiTa

299 2449 413 2546 de
439 2449 517 2550 la
549 2460 793 2571 Mer,
826 2495 1013 2602 que
1049 2495 1203 2561 cet
1243 2462 1633 2570 Efclaue
1662 2469 1807 2571 al¬

299 2587 466 2697 lait
488 2601 776 2742 pafTer
827 2603 910 2706 la
937 2616 1204 2711 nui£t
1229 2610 1463 2714 chez
1493 2610 1685 2754 luy,
1733 2613 1808 2717 il

299 2735 454 2879 luy
487 2779 850 2883 enuoya
879 2761 1512 2861 commander
1539 2767 1656 2862 de
1711 2761 1804 2864 le

300 2881 618 2997 fuiure.
692 2899 1060 3002 Toutes
1128 2898 1258 3002 les
1338 2905 1806 3051 magnifi¬

300 3069 619 3141 cences
646 3041 757 3142 de
786 3083 891 3146 ce
952 3050 1445 3194 triomphe
1498 3053 1807 3159 citant
