2479 3508
581 291 698 359 12
927 231 1437 386 Ullluftre
1517 233 1817 387 Baffa

580 399 791 505 aufli
846 396 1065 503 bien
1122 434 1303 543 que
1322 381 1971 493 l'habillement
2010 404 2107 498 de

579 550 728 648 cét
753 541 1090 648 Illuflre
1111 539 1408 661 Baflà,
1453 528 1530 630 le
1553 564 1760 629 tout
1781 569 1892 632 en
1915 532 2108 636 bro¬

578 696 825 791 derie
848 694 959 789 de
978 686 1311 832 grofTes
1336 672 1615 821 perles
1642 719 1663 773 :
1694 672 1757 773 il
1784 694 2109 816 portoic

577 833 634 935 à
657 830 738 936 la
761 842 1016 934 main
1043 847 1136 931 &
1163 826 1356 927 fans
1401 818 1816 919 fourreau
1845 815 1922 917 le
1965 832 2108 924 Ci-

574 1011 1013 1081 metterre
1102 958 1553 1110 Impérial.
1642 968 1803 1062 Les
1916 999 2105 1068 cent

573 1132 846 1223 PeiKs
890 1156 1010 1217 ou
1053 1109 1392 1259 laquais
1443 1110 1568 1206 du
1609 1111 1922 1212 Grand
1945 1122 2108 1210 Sei¬

573 1303 869 1409 gneur
893 1263 1471 1366 marcnoient
1517 1289 1629 1354 en
1656 1248 1825 1350 fuir
1840 1283 1923 1347 te
1940 1250 2107 1361 sans

578 1420 822 1508 tenir
841 1413 954 1509 de
982 1435 1460 1545 rang,auec
1483 1392 1704 1496 leurs
1733 1392 2104 1498 bonnets

575 1557 981 1694 d'argent
1045 1541 1359 1649 maflif
1392 1538 1535 1641 for
1576 1533 1659 1639 la
1709 1539 1925 1642 telle
1951 1582 1973 1637 :
2000 1544 2103 1642 du

568 1692 888 1797 milieu
912 1686 1320 1839 desquels
1344 1687 1674 1787 fortoit
1696 1684 1912 1785 d‘vn
1936 1717 2106 1822 tuy¬

569 1878 685 1941 au
707 1871 1087 1940 couuert
1111 1841 1227 1937 de
1249 1839 1740 1978 pierreries,
1773 1830 1919 1926 des
1957 1832 2099 1927 Ai¬

566 2019 904 2129 grettes
930 1988 1200 2090 d’vne
1240 1978 1692 2124 grandeur
1736 2005 2100 2071 extraor-

567 2123 1416 2271 dinaire.Cinquâce
1437 2119 1817 2222 Archers
1843 2115 2097 2257 à.pied

568 2271 689 2381 les
728 2278 1233 2396 fuiuoient,
1276 2305 1491 2368 auec
1520 2262 1713 2366 l’arc
1744 2276 1833 2364 &
1860 2258 2096 2359 Iaüe-

565 2418 746 2525 çhe
769 2417 818 2522 à
837 2415 920 2521 la
943 2429 1344 2540 main,au
1365 2406 1684 2511 milieu
1709 2400 2096 2549 desquels

568 2566 837 2664 efloit
862 2562 1175 2667 Sultan
1204 2551 1909 2681 Soliman,veftu
1932 2548 2099 2649 d’v¬

561 2747 682 2811 ne
725 2707 956 2809 robe
1001 2709 1116 2808 de
1139 2706 1362 2844 drap
1405 2702 1600 2800 d’or
1641 2738 1758 2799 en
1783 2694 2092 2798 brode¬

563 2865 691 2953 rie
716 2856 827 2950 de
847 2847 1137 2993 perles
1164 2864 1259 2953 &
1280 2851 1395 2948 de
1416 2848 1925 2963 diamants,
1952 2836 2091 2936 fon

559 2993 946 3104 Turban
974 2990 1480 3102 efloitorné
1505 2994 1616 3094 de
1644 2998 1860 3130 cinq
1888 2974 2092 3083 maf-
