2479 3508
811 95 1654 198 PREFACE.

410 218 592 328 état
615 261 805 377 que
830 230 919 333 ie
939 231 1213 386 parle
1262 230 1383 339 de
1410 235 1509 344 la
1540 234 1933 400 bien-fie
1934 301 1993 362 a
2001 304 2106 368 n-

404 416 504 484 ce
534 418 565 503 ,
594 377 736 484 île
713 381 819 530 fi
848 422 912 488 a
931 420 1274 548 propos
1296 386 1414 494 de
1445 434 1702 504 rvous
1736 408 1944 511 dire
1953 417 2105 552 (de

409 565 642 650 peur
664 578 958 690 quon
991 582 1110 649 ne
1163 590 1256 652 m
1297 588 1530 654 accu
1540 550 1632 694 fe
1657 556 1804 662 d’e
1833 603 2103 676 man¬

402 706 701 842 quer)
742 732 929 846 que
934 696 1042 845 fi
1049 735 1305 804 vous
1329 739 1649 856 voyez
1639 740 1667 821 1
1665 743 1682 861 >
1692 743 1879 863 par
1901 752 2105 831 tout

416 885 643 954 ?non
684 853 1218 1004 Ouurage,
1249 860 1604 1007 quand
1620 904 1739 971 on
1751 871 2023 1020 parle
2040 877 2098 985 d

402 1000 846 1110 Soliman
880 1036 903 1130 ;
936 1037 1048 1114 ta
1078 1010 1550 1158 Hauteffe
1582 1048 1609 1143 ,
1652 1049 1758 1125 ta
1810 1039 2091 1140 dSSCa-

399 1156 690 1289 ieïlé\
724 1185 861 1297 çe?
888 1162 1312 1320 quenfin
1345 1209 1466 1276 on
1493 1171 1580 1278 le
1627 1182 1866 1284 trait
1875 1210 1966 1287 te
1987 1190 2096 1296 de

400 1315 664 1448 Toy,
707 1342 845 1458 çf
875 1359 1067 1428 non
1082 1354 1271 1477 pas
1297 1325 1417 1432 de
1447 1330 1745 1435 Vous:
1771 1375 1869 1440 ce
1893 1384 2031 1448 ne
2016 1351 2107 1487 fi

383 1498 565 1612 pas
582 1509 647 1570 a
671 1471 981 1617 faute
1034 1479 1151 1580 de
1200 1484 1600 1633 refpect,
1662 1497 1913 1596 mais
1968 1538 2091 1605 au

382 1628 862 1737 contraire
892 1677 996 1750 ,c
1022 1634 1159 1774 efi
1167 1668 1426 1792 pour
1446 1678 1564 1749 en
1592 1650 1880 1754 auoir
1922 1649 2081 1756 da¬

385 1807 822 1929 vantage
875 1829 908 1886 :
986 1813 1123 1929 pfi
1154 1824 1414 1945 pour
1487 1837 1952 1956 marquer
1999 1809 2088 1913 la

383 1934 857 2082 coufiume
877 1937 997 2045 de
1021 1983 1171 2050 ces
1190 1981 1447 2104 peup
1465 1951 1601 2060 les
1611 2040 1644 2083 3
1672 1995 2064 2111 quipar-

378 2080 582 2193 lent
606 2091 943 2239 ainfia
966 2095 1225 2210 leurs
1268 2112 1882 2222 Souverains,
1917 2160 2089 2270 que

350 2238 457 2386 fi
558 2242 625 2348 d
632 2286 768 2353 au
774 2246 1026 2361 thon
1032 2254 1143 2361 té
1266 2258 1442 2367 des
1638 2311 2013 2378 viuans
2064 2358 2085 2395 ,

362 2427 607 2550 peut
653 2413 944 2514 auoir
993 2441 1370 2521 autant
1425 2418 1544 2527 de
1574 2427 1852 2576 force
1910 2470 2086 2580 que

374 2551 589 2655 celle
617 2556 787 2664 des
815 2595 1188 2693 morts,
1213 2611 1469 2680 vous
1525 2616 1647 2687 en
1697 2612 2082 2689 trouve-

376 2707 1263 2879 rezjàes'exemples
1305 2817 1338 2854 ,
1388 2731 1645 2842 d,ans
1684 2780 1855 2844 nos
1879 2738 2081 2892 plus

334 2859 776 3008 fameux
810 2880 1260 2988 Romans
1296 2931 1328 2990 :
1373 2913 1510 3028 &
1538 2929 1802 3000 vous
1850 2934 2079 3002 ver¬

363 3054 462 3120 re
469 3059 556 3130 z>
598 3061 790 3175 que
843 3029 1104 3142 leurs
1163 3036 1400 3147 dut
1409 3044 1704 3154 heurs
1726 3090 1757 3177 ,
1823 3053 2080 3160 n’ont

339 3202 529 3323 pas
573 3189 899 3292 craint
1001 3194 1576 3357 d’emplojer
1649 3209 1905 3314 dans
1975 3224 2071 3317 la
