2479 3508
764 253 1086 362 Liure
1091 259 1563 409 premier.
1812 282 1928 406 ip

467 429 692 503 tous.
719 406 916 502 Elle
943 410 1215 507 elloit
1247 411 1526 508 iüiuie
1555 411 1666 511 de
1687 419 1930 520 deux

465 578 710 642 cents
759 534 1178 647 Efclaucs
1229 554 1350 649 du
1409 557 1790 658 Ballade
1836 560 1930 662 la

462 682 785 797 Mer,la
814 694 1148 790 moitié
1170 731 1477 793 armez
1510 694 1558 797 à
1586 693 1924 801 laTur*

452 855 655 966 que,
693 843 780 929 &
809 830 892 929 la
919 843 1242 931 moitié
1281 831 1337 932 à
1385 833 1466 935 la
1513 842 1919 945 Perfïen-

448 1005 594 1092 ne,
622 1009 833 1068 auec
860 977 1013 1072 des
1042 984 1605 1080 Cimeterres
1644 1000 1734 1086 &
1758 991 1915 1088 des

443 1110 896 1214 Boucliers
929 1120 1376 1259 d’argent,
1412 1134 1577 1265 qui
1607 1160 1720 1225 au
1743 1132 1910 1230 Ion

448 1253 560 1346 de
602 1263 1109 1394 cinquante
1170 1265 1599 1367 Haubois
1680 1275 1919 1371 dan-

443 1403 749 1517 Çoient
782 1437 881 1495 ce
909 1398 1243 1543 quedes
1300 1410 1577 1507 Grecs
1625 1450 1906 1515 nom*

435 1544 798 1635 moient
847 1543 1140 1642 dance
1193 1552 1678 1693 Pirrhique
1722 1575 1751 1686 ,
1815 1576 1910 1662 6c

434 1712 531 1770 ce
563 1713 739 1816 que
772 1677 955 1780 l'on
1007 1720 1229 1823 peut
1258 1725 1695 1794 nommer
1720 1743 1907 1804 vnc

433 1823 714 1916 dance
763 1827 1094 1924 armée.
1137 1835 1300 1926 Les
1325 1870 1610 1977 coups
1654 1881 1712 1978 y
1761 1846 1904 1949 ef-

430 1969 728 2057 toient
796 1970 1171 2071 donnez
1242 1987 1333 2072 6c
1394 2014 1707 2080 receus
1776 2028 1899 2092 en

426 2103 880 2229 cadence,
931 2106 1008 2206 le
1037 2112 1675 2255 changement
1729 2134 1894 2232 des

421 2240 754 2379 figures
802 2286 858 2381 y
897 2251 1498 2389 reprefentoit
1552 2263 1678 2365 les
1724 2277 1891 2373 ad-

414 2392 470 2475 v
482 2419 589 2478 an
602 2407 853 2525 rages
914 2408 999 2490 6c
1048 2391 1133 2493 la
1176 2393 1409 2504 fuite
1473 2418 1635 2551 qui
1704 2412 1885 2515 fuit

417 2518 540 2618 les
609 2529 1032 2633 combats
1063 2552 1084 2655 ;
1131 2553 1218 2638 &i
1275 2541 1356 2641 le
1421 2544 1678 2650 bruit
1723 2562 1882 2657 des

416 2665 865 2770 Boucliers
914 2688 1007 2774 6c
1068 2681 1223 2778 des
1274 2695 1874 2827 Cimeterres,

414 2828 881 2949 lliarquoit
929 2807 1012 2912 la
1077 2823 1432 2931 mefure
1477 2839 1630 2935 des
1680 2880 1873 2981 pas,

407 2982 626 3047 auec
649 2989 968 3058 sautant
1009 2964 1122 3064 de
1158 2971 1509 3076 iuftefle
1535 3015 1719 3120 que
1748 2979 1873 3085 les

1435 3123 1499 3218 B
1571 3130 1635 3253 ij
