2479 3508
639 261 780 361 $0
973 224 1498 381 L’Illuftre
1517 232 1842 385 Bajfd

642 395 815 487 Vn
840 384 1257 488 difcours
1282 388 1351 491 lî
1380 384 1782 517 violent,
1812 411 1899 498 &
1926 396 1987 500 fi
2014 401 2124 513 es-

639 525 978 676 loigné
1053 539 1204 633 des
1317 532 1838 637 fientimens
1927 548 2118 655 d’vn

634 713 899 815 pere,
943 672 1053 775 fit
1104 715 1295 822 que
1345 675 1781 779 Soliman
1821 690 2121 795 voulut

638 816 1186 922 s’efclaircir
1234 824 1350 922 de
1402 865 1504 921 ce
1536 862 1722 968 que
1768 829 2118 963 c’eftoit;

629 1000 763 1065 ne
805 963 1209 1068 voulant
1255 1006 1417 1108 pas
1467 974 1743 1112 qu’au
1791 981 1991 1074 iour
2019 984 2115 1083 de

632 1107 726 1207 fia
750 1108 1062 1254 gloire
1086 1109 1260 1212 Ton
1310 1112 1652 1254 peuple
1674 1119 1881 1253 puft
1920 1124 2116 1255 dire,

631 1252 868 1397 qu’il
939 1261 1134 1359 eufl:
1211 1253 1546 1360 refFufé
1635 1252 1936 1362 d’ouïr
2003 1264 2114 1371 les

624 1393 1033 1537 pleintes
1066 1401 1221 1502 des
1252 1410 1763 1545 oppreflez.
1814 1406 1889 1507 Il
1908 1450 2113 1513 vou¬

620 1522 768 1641 lut
850 1542 1352 1646 toutesfois
1446 1590 1564 1649 en
1638 1554 2114 1661 demander

625 1689 893 1792 aduis
919 1730 1035 1793 au
1061 1694 1371 1837 grand
1415 1694 1665 1800 Vifir
1687 1695 2107 1833 Ibrahim,

622 1868 796 1977 qui
856 1838 1242 1975 n’ayant
1292 1878 1534 1983 pour
1576 1838 1756 1940 but
1822 1883 1994 1988 que
2034 1847 2104 1949 la

617 1977 925 2123 gloire
957 1984 1067 2083 de
1093 1983 1263 2084 Ion
1299 1988 1715 2111 Maiftre,
1745 1993 1933 2126 Luy
1957 1994 2105 2121 dit,

622 2129 917 2271 qu’en
946 2167 1077 2231 vn
1104 2163 1413 2269 temps
1446 2173 1571 2230 ou
1600 2128 1683 2229 le
1716 2132 1925 2232 Ciel
1976 2132 2109 2275 luy

617 2282 886 2373 auoit
915 2275 1212 2373 rendu
1239 2279 1598 2390 iuftice,
1635 2315 1754 2377 en
1783 2275 1930 2414 luy
1953 2278 2106 2381 fai¬

615 2412 833 2517 sant
861 2452 1387 2563 remporter
1415 2421 1501 2521 la
1547 2430 1941 2525 victoire
1983 2424 2105 2527 fur

614 2560 750 2663 fies
778 2575 1272 2692 ennemis,
1318 2567 1384 2667 il
1416 2565 1696 2668 feroit
1726 2609 1844 2669 en
1869 2569 2106 2714 quel¬

615 2746 807 2853 que
857 2712 1145 2845 façon
1171 2717 1545 2838 iniulte,
1581 2716 1695 2814 de
1727 2711 1807 2815 la
1851 2712 2099 2814 reffu-

614 2852 758 2953 fier
808 2850 861 2952 à
910 2896 1140 2955 ceux
1188 2868 1355 3002 qui
1402 2857 1484 2959 la
1518 2856 1672 2996 luy
1724 2867 2096 2962 deman-

619 3002 987 3109 doient.
1017 3003 1142 3103 Le
1169 3015 1572 3148 premier
1599 3006 2094 3111 sentiment
