2479 3508
593 588 2075 835 PRÉFACE

980 1040 1064 1143 E
1136 1074 1248 1142 ne
1264 1033 1510 1188 ffdy
1536 1022 1844 1181 quelle
1868 1027 2180 1183 efpece

969 1194 1089 1301 de
1113 1192 1521 1337 louange
1545 1182 1729 1309 ,les
1775 1225 2175 1291 anciens

973 1375 1457 1502 crojoient
1517 1342 1891 1450 donner
1951 1383 2017 1447 a
2077 1384 2177 1449 ce

960 1514 1422 1627 Temtrc,
1446 1504 1622 1655 qui
1648 1538 1764 1606 ne
1800 1532 2174 1654 pouuat

464 1658 873 1814 finirfon
892 1703 1317 1814 ouurage
1322 1659 1413 1787 /
1410 1654 2171 1810 dcheuafortui-

463 1848 755 1926 temet
779 1863 893 1929 en
917 1821 1461 1974 iettantfon
1491 1816 1883 1968 cfponge
1929 1847 2175 1923 cotre

458 1973 864 2082 soTable
872 2021 1002 2085 au
1016 2020 1300 2088 :mais
1325 1983 1410 2085 ie
1411 1977 1642 2127 fcay
1665 1964 1808 2078 bie
1834 1972 2172 2126 quelle

460 2170 578 2235 ne
600 2174 698 2238 m
716 2132 1252 2292 ’auroitpas
1284 2133 1568 2283 oblige
1602 2128 1624 2250 ;
1668 2128 1800 2232 Et
1850 2169 2042 2283 que
2078 2136 2168 2239 ie

455 2282 519 2387 h
521 2330 847 2396 aurais
875 2289 1265 2451 plujlofi
1311 2303 1557 2447 prije
1579 2320 1611 2442 ,
1643 2320 1895 2442 peur
1961 2325 2169 2394 <vne

459 2450 770 2552 Satire
833 2491 1018 2599 que
1051 2484 1298 2600 pour
1343 2489 1500 2553 rsn
1581 2444 1904 2596 Eloge.
1971 2447 2168 2549 Les

460 2605 982 2741 operations
1002 2606 1126 2711 de
1144 2602 1736 2758 lefprttfont
1762 2632 1972 2753 trop
1996 2641 2152 2707 im¬

442 2784 943 2905 portantes
999 2798 1283 2917 ,pour
1303 2803 1417 2867 en
1456 2762 1777 2909 laiffer
1800 2754 1899 2862 la
1935 2795 2161 2863 con¬

453 2916 721 3016 duite
757 2957 891 3021 au
937 2917 1063 3023 ha
1065 2919 1313 3064 fard
1359 2967 1389 3025 :
1435 2947 1569 3059 (g?
1633 2910 1695 3020 î
1703 2920 2015 3022 aimer
2019 2918 2161 3021 ois

432 3072 830 3222 prefque
854 3114 1186 3183 mieux
1214 3117 1398 3232 que
1434 3077 1554 3181 I’o
1602 3110 1696 3172 m
1730 3075 2168 3227 accufafi

452 3220 520 3323 d
550 3234 825 3336 auoir
854 3232 1151 3381 failly
1210 3272 1399 3388 par
1454 3235 2153 3384 connoiff'ance,

1715 3424 1763 3482 c
1801 3393 1897 3482 ni
