2479 3508
629 236 739 357 îo
977 235 1479 349 LÏJÜuBre
1539 236 1821 373 Bajfa

626 399 920 499 main,
958 426 1058 484 au
1102 387 1324 485 bout
1366 389 1474 482 de
1534 380 1882 520 laquelle
1922 383 1980 484 il
2026 433 2077 527 y

623 539 875 625 ■auoit
919 564 1089 625 vne
1131 525 1429 661 plume
1489 515 1823 655 d’Aigle
1859 602 1887 644 ,
1945 541 2079 662 qui

632 677 926 762 tenoit
951 662 1116 758 lieu
1146 667 1252 757 de
1279 651 1770 756 banderole.
1840 670 2082 759 Cette

640 800 963 901 bifarre
1009 832 1377 933 trouppe
1465 794 1721 889 eftoit
1802 790 2081 919 fuiuie,

639 942 854 1034 d’vn
900 937 1334 1071 meflange
1377 933 1488 1028 de
1511 932 2086 1063 Trompettes,

642 1070 1131 1171 d’Atabales
1171 1143 1193 1191 ,
1264 1072 1373 1164 de
1414 1061 1889 1163 Hautsbois
1933 1140 1955 1176 ,
1996 1073 2089 1163 de

641 1209 1150 1307 Tambours
1215 1204 1266 1303 à
1319 1202 1872 1336 l’Europeane
1914 1280 1942 1322 ,
1999 1207 2090 1299 de

634 1342 1225 1467 Cimbales,&
1250 1338 2095 1475 deFiffres,quicom-

639 1484 1054 1617 pofoient
1097 1477 1718 1615 vnemufïque,
1759 1484 1910 1613 qui
1947 1477 2098 1574 n’e-

644 1622 855 1717 lloit
898 1654 1197 1759 gueres
1244 1625 1537 1712 moins
1560 1648 1657 1706 ex
1670 1641 2099 1746 trauagan-

647 1784 738 1849 te
761 1810 786 1868 j
825 1793 996 1891 que
1033 1754 1512 1893 l’équipage
1551 1752 1660 1844 de
1713 1782 1914 1843 ceux
1961 1759 2094 1884 qui

646 1888 769 1989 les
828 1897 1433 2021 deuançoient.
1494 1896 1727 1983 Cent
1766 1892 2015 2020 Pages
2058 1881 2097 1983 à

653 2026 1824 2155 cheualfùiuoientceux-cy,
1859 2055 2093 2116 mon¬

656 2198 803 2264 tez
824 2167 959 2263 fur
980 2170 1122 2264 des
1150 2164 1458 2262 Barbes
1480 2158 1835 2277 blancs,
1858 2170 1944 2252 &
1966 2191 2100 2253 ve^

657 2308 727 2401 11
741 2341 829 2400 us
873 2309 979 2399 de
1025 2299 1365 2404 velours
1389 2295 1645 2395 blanc
1689 2289 2101 2391 chamarré

660 2442 1008 2581 d’argét:
1036 2444 1396 2538 derrière
1418 2476 1550 2533 ces
1578 2444 1838 2569 Pages
1864 2438 2102 2559 vingt

655 2584 999 2715 Azapes
1043 2586 1497 2674 menoient
1553 2606 1661 2666 en
1699 2576 1931 2663 main
1969 2567 2097 2657 dix

662 2716 1052 2812 chenaux
1078 2710 1666 2810 enharnachez
1688 2701 1734 2801 à
1752 2699 1828 2795 la
1850 2714 2104 2829 Roya¬

663 2850 769 2972 le,
795 2855 955 2950 dot
981 2848 1049 2946 le
1079 2855 1421 2951 dernier
1459 2884 1629 2987 que
1649 2842 1817 2939 l'on
1839 2829 2103 2978 appel-
