2479 3508
672 206 990 317 Liure
1044 226 1492 362 premier
1500 291 1520 314 .
1790 247 1924 345 ij

365 373 581 471 clans
631 406 757 472 vn
799 360 1283 491 Throfne,
1325 362 1598 507 porté
1645 360 1789 467 fur
1833 361 1919 465 le

363 519 529 616 dos
553 518 771 618 dvn
797 511 1301 639 Chameau,
1333 525 1427 615 Lc
1453 543 1773 612 tenant
1801 553 1921 617 en

366 659 486 762 lès
510 670 800 762 mains
824 657 900 759 le
924 655 1140 762 liure
1168 660 1282 758 de
1310 651 1804 763 l’Alcoran.
1844 657 1919 761 Il

370 807 628 912 eftoit
656 804 882 907 fuiui
908 809 1020 907 de
1044 840 1252 904 tous
1302 799 1424 905 les
1464 798 1920 952 Alfaquis,

359 951 479 1059 les
503 948 1037 1080 Calenders,
1063 970 1155 1056 &
1193 948 1307 1053 les
1333 960 1667 1055 Demis
1695 956 1809 1054 de
1835 947 1917 1057 la

371 1094 579 1201 ville
627 1102 733 1200 de
779 1093 1593 1243 Conftantinople.
1647 1104 1923 1202 Tous

372 1285 508 1344 ces
554 1240 1024 1395 Religieux
1074 1256 1526 1372 crioient,
1566 1262 1664 1352 ôc
1702 1248 1922 1351 hur-

371 1383 722 1521 loient,
791 1433 1006 1496 auec
1067 1432 1202 1498 vn
1273 1389 1530 1499 bruit
1593 1392 1924 1538 efpou-

367 1535 781 1641 uentable
805 1589 825 1643 :
865 1559 957 1645 &
985 1578 1213 1686 pour
1237 1577 1923 1684 accompagner

364 1677 585 1784 leurs
656 1699 875 1791 voix
948 1705 1045 1794 &
1128 1680 1319 1788 leur
1384 1689 1673 1788 dance
1720 1772 1748 1816 ,
1816 1687 1925 1789 ils

364 1823 1516 1982 frappoientdespoilles&
1550 1838 1700 1934 des
1738 1832 1926 1937 bat

365 1971 595 2104 fins,
629 1998 718 2081 &
741 1977 1164 2086 failoient
1195 1982 1526 2084 Tonner
1541 1986 1694 2084 des
1725 1977 1927 2083 clo¬

367 2119 711 2223 chettes
731 2175 751 2227 :
779 2131 889 2227 de
911 2127 1149 2230 forte
1173 2169 1351 2277 que
1375 2171 1477 2229 ce
1505 2132 1929 2235 modefie

370 2261 663 2412 clergé
690 2310 804 2373 ne
828 2288 1128 2378 tenoit
1160 2316 1310 2420 pas
1340 2317 1510 2421 peu
1534 2282 1690 2378 des
1724 2290 1928 2381 Or¬

370 2422 554 2556 gies
580 2418 692 2514 de
726 2413 1228 2526 l’ancienne
1256 2433 1598 2556 Grece,
1648 2440 1742 2530 &
1770 2426 1926 2525 des

379 2562 961 2667 Bacchanales
1023 2574 1135 2670 de
1209 2564 1293 2671 la
1363 2566 1663 2672 vieille
1733 2582 1929 2675 Ro¬

373 2735 541 2806 me.
579 2718 983 2815 Comme
1011 2712 1113 2818 ils
1139 2714 1445 2818 furent
1473 2721 1817 2818 deuant
1843 2713 1927 2815 le

370 2846 726 2985 Sultan,
772 2855 884 2963 ils
954 2903 988 2962 s
1018 2866 1600 2992 arrefterent,
1650 2860 1928 2963 firent

374 2995 518 3096 des
539 3012 866 3146 prières
901 3047 1134 3151 pour
1173 3008 1926 3157 laprofpcritéde
