2479 3508
877 113 1667 211 PREFACE.

433 259 872 369 ment,ria
899 244 1234 352 obtenu
1249 253 1358 389 fa
1373 287 1662 397 grâce
1677 259 2061 389 duCtel,

432 397 767 532 eAttsfî
792 404 1057 539 ay-ie
1098 398 1467 535 obferue
1533 439 1768 556 pour
1838 422 2072 545 cela,

426 545 1065 690 l’esgalitedes
1088 591 1419 658 mœurs
1442 601 1472 675 ,
1502 601 1609 662 en
1632 588 1917 673 toutes
1938 572 2065 681 les

404 687 885 849 personnes
908 707 1090 840 qui
1135 697 1507 851 agiffent
1547 756 1579 814 :
1609 716 1690 815 ri
1719 754 1811 820 ce
1853 721 2061 833 ricïl

429 857 770 1001 quand
807 848 936 955 les
941 860 1348 998 passions
1375 856 1508 963 les
1529 861 2043 1015 defreglent,

426 1049 548 1109 ou
587 1003 921 1148 quand
982 1004 1064 1111 le
1152 1044 1488 1115 remors
1510 1009 1640 1116 les
1710 1022 2016 1128 touche
2015 1098 2040 1131 .

426 1156 649 1302 fay
676 1145 1347 1296 mefmeeufoin
1364 1162 1483 1267 de
1494 1165 1745 1312 faire
1762 1177 2064 1312 enfor¬

422 1340 559 1433 te,
598 1349 777 1453 que
795 1304 925 1408 les
922 1309 1257 1452 fautes
1296 1355 1471 1456 que
1510 1313 1639 1422 les
1676 1325 2061 1435 Grands

425 1476 1084 1592 ontcommi(es
1127 1465 1382 1568 dans
1425 1508 1638 1575 mon
1681 1467 2061 1605 histoire,

399 1611 754 1762 fujfent
799 1604 1172 1719 causées
1209 1650 1404 1761 par
1493 1619 1931 1752 ïamour,
1961 1672 2064 1735 ou

409 1800 598 1915 par
620 1764 1186 1888 l'ambition,
1215 1810 1382 1913 qui
1389 1772 1613 1917 font
1690 1775 1818 1882 les
1855 1780 2056 1923 pltu

420 1915 733 2023 nobles
776 1916 937 2021 des
986 1917 1399 2072 pafions
1444 1973 1475 2031 :
1516 1946 1643 2061 gg
1704 1931 2065 2074 qu’elles

392 2065 741 2216 puffent
759 2076 987 2174 erire
1013 2075 1405 2178 reiettées
1428 2081 1451 2219 ,
1472 2081 1629 2220 fur
1647 2075 1775 2186 les
1795 2120 2047 2188 mau-

421 2228 644 2329 uais
659 2222 1038 2363 confetls
1067 2223 1632 2371 desflateurs
1645 2273 1673 2354 ,
1735 2234 1916 2379 afin
1937 2238 2044 2342 de

420 2388 884 2512 conjeruer
910 2379 1356 2510 toujours
1375 2380 1404 2506 ,
1430 2380 1516 2487 le
1549 2385 1856 2529 re(périt
1891 2430 2054 2538 que

420 2524 605 2637 l’on
630 2526 841 2630 doit
862 2569 1077 2631 aux
1112 2535 1398 2675 rioys.
1488 2545 1831 2695 1/ousj
1864 2581 2066 2644 ver-

420 2720 469 2781 r
472 2688 985 2841 effecteur
1000 2683 1205 2817 {/lie
1234 2722 1341 2786 ne
1366 2724 1507 2791 me
1536 2714 1881 2831 trompe
1882 2688 1935 2802 >)
1964 2688 2059 2793 la

421 2828 1051 2967 bten-fceançe
1137 2834 1303 2937 des
1383 2833 1673 2980 chofes
1747 2868 1850 2947 et
1909 2843 2061 2949 dis

417 2984 997 3106 conditions,
1035 2981 1302 3149 affef
1311 2998 1878 3097 exactement
1919 2994 2062 3099 ob¬

387 3140 516 3283 jet
546 3174 704 3241 use
740 3185 772 3244 :
834 3163 928 3243 et
956 3170 1038 3238 te
1064 3133 1280 3283 riay
1306 3181 1504 3251 rien
1528 3148 1704 3256 mis
1730 3184 1832 3250 en
1854 3183 2058 3253 mon
