<?xml version="1.0" encoding="UTF-8" standalone="yes"?>
<PcGts xmlns="http://schema.primaresearch.org/PAGE/gts/pagecontent/2013-07-15" xmlns:xsi="http://www.w3.org/2001/XMLSchema-instance" xsi:schemaLocation="http://schema.primaresearch.org/PAGE/gts/pagecontent/2013-07-15 http://schema.primaresearch.org/PAGE/gts/pagecontent/2013-07-15/pagecontent.xsd">
    <Metadata>
        <Creator></Creator>
        <Created>2019-01-25T11:31:32.402+01:00</Created>
        <LastChange>2019-07-25T17:10:08.445+02:00</LastChange>
        <Comments>
                Measurement unit: pixel
                PrimaryLanguage: English
                Language: FrenchStandard
                Producer: ABBYY FineReader Engine 11</Comments>
        <TranskribusMetadata docId="187940" pageId="7468506" pageNr="107" tsid="13126529" status="DONE" userId="10612" imgUrl="https://files.transkribus.eu/Get?id=HQDPUWGCNNCJWZBMBFMVTQFC&amp;fileType=view" xmlUrl="https://files.transkribus.eu/Get?id=EWAJLSOOKHJCEPWGXYHLQWAA" imageId="2301489"/>
    </Metadata>
    <Page imageFilename="Scudery1641_Ibrahim_cb31341849n_corrected_0107.png" imageWidth="2479" imageHeight="3508">
        <PrintSpace>
            <Coords points="218,198 1974,198 1974,3222 218,3222"/>
        </PrintSpace>
        <ReadingOrder>
            <OrderedGroup id="ro_1604224479859" caption="Regions reading order">
                <RegionRefIndexed index="0" regionRef="r_1_1"/>
            </OrderedGroup>
        </ReadingOrder>
        <TextRegion type="paragraph" id="r_1_1" custom="readingOrder {index:0;}">
            <Coords points="337,238 1908,238 1908,3211 337,3211"/>
            <TextLine id="tl_1" primaryLanguage="English" custom="readingOrder {index:0;}">
                <Coords points="616,239 1866,239 1866,414 616,414"/>
                <Baseline points="617,354 942,353 1457,349 1866,362"/>
                <Word id="w_w2aab1b1b2b1b1ab1" language="English" custom="readingOrder {index:0;}">
                    <Coords points="617,242 942,242 942,354 617,354"/>
                    <TextEquiv>
                        <Unicode>Liure</Unicode>
                    </TextEquiv>
                    <TextStyle fontFamily="Times New Roman" fontSize="11.0" italic="true"/>
                </Word>
                <Word id="w_w2aab1b1b2b1b1ac13" language="English" custom="readingOrder {index:1;}">
                    <Coords points="970,247 1457,247 1457,404 970,404"/>
                    <TextEquiv>
                        <Unicode>premier.</Unicode>
                    </TextEquiv>
                    <TextStyle fontFamily="Times New Roman" fontSize="11.0" italic="true"/>
                </Word>
                <Word id="w_w2aab1b1b2b1b1ac31" language="English" custom="readingOrder {index:2;}">
                    <Coords points="1703,284 1866,284 1866,391 1703,391"/>
                    <TextEquiv>
                        <Unicode>4.1</Unicode>
                    </TextEquiv>
                    <TextStyle fontFamily="Times New Roman" fontSize="11.0" italic="true"/>
                </Word>
                <TextEquiv>
                    <Unicode>Liure premier. 41</Unicode>
                </TextEquiv>
                <TextStyle fontFamily="Times New Roman" fontSize="11.0" italic="true"/>
            </TextLine>
            <TextLine id="tl_2" primaryLanguage="English" custom="readingOrder {index:1;}">
                <Coords points="353,390 1866,390 1866,556 353,556"/>
                <Baseline points="353,527 586,497 862,520 1270,505 1350,504 1866,512"/>
                <Word id="w_w2aab1b1b2b1b3ab1" language="English" custom="readingOrder {index:0;}">
                    <Coords points="353,432 586,432 586,527 353,527"/>
                    <TextEquiv>
                        <Unicode>pion</Unicode>
                    </TextEquiv>
                    <TextStyle fontFamily="Times New Roman" fontSize="11.0"/>
                </Word>
                <Word id="w_w2aab1b1b2b1b3ac11" language="English" custom="readingOrder {index:1;}">
                    <Coords points="617,436 862,436 862,542 617,542"/>
                    <TextEquiv>
                        <Unicode>pcre,</Unicode>
                    </TextEquiv>
                    <TextStyle fontFamily="Times New Roman" fontSize="11.0"/>
                </Word>
                <Word id="w_w2aab1b1b2b1b3ac23" language="English" custom="readingOrder {index:2;}">
                    <Coords points="893,403 1270,403 1270,505 893,505"/>
                    <TextEquiv>
                        <Unicode>vouloir</Unicode>
                    </TextEquiv>
                    <TextStyle fontFamily="Times New Roman" fontSize="11.0"/>
                </Word>
                <Word id="w_w2aab1b1b2b1b3ac39" language="English" custom="readingOrder {index:3;}">
                    <Coords points="1303,442 1602,442 1602,553 1303,553"/>
                    <TextEquiv>
                        <Unicode>encor</Unicode>
                    </TextEquiv>
                    <TextStyle fontFamily="Times New Roman" fontSize="11.0"/>
                </Word>
                <Word id="w_w2aab1b1b2b1b3b1b1" language="English" custom="readingOrder {index:4;}">
                    <Coords points="1625,407 1866,407 1866,554 1625,554"/>
                    <TextEquiv>
                        <Unicode>quil</Unicode>
                    </TextEquiv>
                    <TextStyle fontFamily="Times New Roman" fontSize="13.0" bold="true"/>
                </Word>
                <TextEquiv>
                    <Unicode>mon pere, vouloit encor qu'il</Unicode>
                </TextEquiv>
            </TextLine>
            <TextLine id="tl_3" primaryLanguage="English" custom="readingOrder {index:2;}">
                <Coords points="359,534 1861,534 1861,702 359,702"/>
                <Baseline points="359,685 669,646 824,654 1040,650 1226,652 1470,655 1860,660"/>
                <Word id="w_w2aab1b1b2b1b5ab1" language="English" custom="readingOrder {index:0;}">
                    <Coords points="359,549 669,549 669,685 359,685"/>
                    <TextEquiv>
                        <Unicode>paflalt</Unicode>
                    </TextEquiv>
                    <TextStyle fontFamily="Times New Roman" fontSize="11.0"/>
                </Word>
                <Word id="w_w2aab1b1b2b1b5ac17" language="English" custom="readingOrder {index:1;}">
                    <Coords points="734,540 824,540 824,654 734,654"/>
                    <TextEquiv>
                        <Unicode>fa</Unicode>
                    </TextEquiv>
                    <TextStyle fontFamily="Times New Roman" fontSize="11.0"/>
                </Word>
                <Word id="w_w2aab1b1b2b1b5ac23" language="English" custom="readingOrder {index:2;}">
                    <Coords points="889,561 1040,561 1040,655 889,655"/>
                    <TextEquiv>
                        <Unicode>vie</Unicode>
                    </TextEquiv>
                    <TextStyle fontFamily="Times New Roman" fontSize="11.0"/>
                </Word>
                <Word id="w_w2aab1b1b2b1b5ac31" language="English" custom="readingOrder {index:3;}">
                    <Coords points="1108,590 1226,590 1226,652 1108,652"/>
                    <TextEquiv>
                        <Unicode>en</Unicode>
                    </TextEquiv>
                    <TextStyle fontFamily="Times New Roman" fontSize="11.0"/>
                </Word>
                <Word id="w_w2aab1b1b2b1b5ac37" language="English" custom="readingOrder {index:4;}">
                    <Coords points="1279,592 1470,592 1470,658 1279,658"/>
                    <TextEquiv>
                        <Unicode>vne</Unicode>
                    </TextEquiv>
                    <TextStyle fontFamily="Times New Roman" fontSize="11.0"/>
                </Word>
                <Word id="w_w2aab1b1b2b1b5ac45" language="English" custom="readingOrder {index:5;}">
                    <Coords points="1521,550 1860,550 1860,696 1521,696"/>
                    <TextEquiv>
                        <Unicode>prifon</Unicode>
                    </TextEquiv>
                    <TextStyle fontFamily="Times New Roman" fontSize="11.0"/>
                </Word>
                <TextEquiv>
                    <Unicode>paſſaſt ſa vie en vne priſon</Unicode>
                </TextEquiv>
                <TextStyle fontFamily="Times New Roman" fontSize="11.0"/>
            </TextLine>
            <TextLine id="tl_4" primaryLanguage="English" custom="readingOrder {index:3;}">
                <Coords points="357,684 1861,684 1861,850 357,850"/>
                <Baseline points="357,833 982,825 1141,803 1302,799 1860,804"/>
                <Word id="w_w2aab1b1b2b1b7ab1" language="English" custom="readingOrder {index:0;}">
                    <Coords points="357,689 982,689 982,835 357,835"/>
                    <TextEquiv>
                        <Unicode>perpétuelle,</Unicode>
                    </TextEquiv>
                    <TextStyle fontFamily="Times New Roman" fontSize="11.0"/>
                </Word>
                <Word id="w_w2aab1b1b2b1b7ac27" language="English" custom="readingOrder {index:1;}">
                    <Coords points="1050,712 1141,712 1141,803 1050,803"/>
                    <TextEquiv>
                        <Unicode>&amp;</Unicode>
                    </TextEquiv>
                    <TextStyle fontFamily="Times New Roman" fontSize="11.0"/>
                </Word>
                <Word id="w_w2aab1b1b2b1b7ac31" language="English" custom="readingOrder {index:2;}">
                    <Coords points="1220,696 1302,696 1302,799 1220,799"/>
                    <TextEquiv>
                        <Unicode>la</Unicode>
                    </TextEquiv>
                    <TextStyle fontFamily="Times New Roman" fontSize="11.0"/>
                </Word>
                <Word id="w_w2aab1b1b2b1b7ac37" language="English" custom="readingOrder {index:3;}">
                    <Coords points="1371,700 1860,700 1860,845 1371,845"/>
                    <TextEquiv>
                        <Unicode>perfonne</Unicode>
                    </TextEquiv>
                    <TextStyle fontFamily="Times New Roman" fontSize="11.0"/>
                </Word>
                <TextEquiv>
                    <Unicode>perpetuelle, &amp; la perſonne</Unicode>
                </TextEquiv>
                <TextStyle fontFamily="Times New Roman" fontSize="11.0"/>
            </TextLine>
            <TextLine id="tl_5" primaryLanguage="English" custom="readingOrder {index:4;}">
                <Coords points="358,834 1863,834 1863,998 358,998"/>
                <Baseline points="358,981 569,937 857,942 1321,945 1611,949 1863,954"/>
                <Word id="w_w2aab1b1b2b1b9ab1" language="English" custom="readingOrder {index:0;}">
                    <Coords points="358,836 569,836 569,981 358,981"/>
                    <TextEquiv>
                        <Unicode>qu’il</Unicode>
                    </TextEquiv>
                    <TextStyle fontFamily="Times New Roman" fontSize="11.0"/>
                </Word>
                <Word id="w_w2aab1b1b2b1b9ac13" language="English" custom="readingOrder {index:1;}">
                    <Coords points="600,853 857,853 857,942 600,942"/>
                    <TextEquiv>
                        <Unicode>auoit</Unicode>
                    </TextEquiv>
                    <TextStyle fontFamily="Times New Roman" fontSize="11.0"/>
                </Word>
                <Word id="w_w2aab1b1b2b1b9ac25" language="English" custom="readingOrder {index:2;}">
                    <Coords points="886,843 1321,843 1321,988 886,988"/>
                    <TextEquiv>
                        <Unicode>efpoulee</Unicode>
                    </TextEquiv>
                    <TextStyle fontFamily="Times New Roman" fontSize="11.0"/>
                </Word>
                <Word id="w_w2aab1b1b2b1b9ac43" language="English" custom="readingOrder {index:3;}">
                    <Coords points="1378,852 1611,852 1611,951 1378,951"/>
                    <TextEquiv>
                        <Unicode>clans</Unicode>
                    </TextEquiv>
                    <TextStyle fontFamily="Times New Roman" fontSize="11.0"/>
                </Word>
                <Word id="w_w2aab1b1b2b1b9ac55" language="English" custom="readingOrder {index:4;}">
                    <Coords points="1666,887 1863,887 1863,954 1666,954"/>
                    <TextEquiv>
                        <Unicode>vne</Unicode>
                    </TextEquiv>
                    <TextStyle fontFamily="Times New Roman" fontSize="11.0"/>
                </Word>
                <TextEquiv>
                    <Unicode>qu’il auoit eſpouſée dans vne</Unicode>
                </TextEquiv>
                <TextStyle fontFamily="Times New Roman" fontSize="11.0"/>
            </TextLine>
            <TextLine id="tl_6" primaryLanguage="English" custom="readingOrder {index:5;}">
                <Coords points="350,986 1865,986 1865,1146 350,1146"/>
                <Baseline points="350,1083 625,1113 771,1093 1027,1090 1237,1094 1865,1100"/>
                <Word id="w_w2aab1b1b2b1c11ab1" language="English" custom="readingOrder {index:0;}">
                    <Coords points="350,1017 625,1017 625,1113 350,1113"/>
                    <TextEquiv>
                        <Unicode>autre,</Unicode>
                    </TextEquiv>
                    <TextStyle fontFamily="Times New Roman" fontSize="11.0"/>
                </Word>
                <Word id="w_w2aab1b1b2b1c11ac15" language="English" custom="readingOrder {index:1;}">
                    <Coords points="658,990 771,990 771,1098 658,1098"/>
                    <TextEquiv>
                        <Unicode>de</Unicode>
                    </TextEquiv>
                    <TextStyle fontFamily="Times New Roman" fontSize="11.0"/>
                </Word>
                <Word id="w_w2aab1b1b2b1c11ac21" language="English" custom="readingOrder {index:2;}">
                    <Coords points="798,1027 1027,1027 1027,1134 798,1134"/>
                    <TextEquiv>
                        <Unicode>peur</Unicode>
                    </TextEquiv>
                    <TextStyle fontFamily="Times New Roman" fontSize="11.0"/>
                </Word>
                <Word id="w_w2aab1b1b2b1c11ac31" language="English" custom="readingOrder {index:3;}">
                    <Coords points="1048,1030 1237,1030 1237,1137 1048,1137"/>
                    <TextEquiv>
                        <Unicode>que</Unicode>
                    </TextEquiv>
                    <TextStyle fontFamily="Times New Roman" fontSize="11.0"/>
                </Word>
                <Word id="w_w2aab1b1b2b1c11ac39" language="English" custom="readingOrder {index:4;}">
                    <Coords points="1282,999 1865,999 1865,1101 1282,1101"/>
                    <TextEquiv>
                        <Unicode>demeurant</Unicode>
                    </TextEquiv>
                    <TextStyle fontFamily="Times New Roman" fontSize="11.0"/>
                </Word>
                <TextEquiv>
                    <Unicode>autre, de peur que demeurant</Unicode>
                </TextEquiv>
                <TextStyle fontFamily="Times New Roman" fontSize="11.0"/>
            </TextLine>
            <TextLine id="tl_7" primaryLanguage="English" custom="readingOrder {index:6;}">
                <Coords points="352,1126 1854,1126 1854,1288 352,1288"/>
                <Baseline points="353,1229 823,1234 948,1241 1195,1240 1385,1242 1853,1276"/>
                <Word id="w_w2aab1b1b2b1c13ab1" language="English" custom="readingOrder {index:0;}">
                    <Coords points="353,1129 823,1129 823,1234 353,1234"/>
                    <TextEquiv>
                        <Unicode>enfembîe</Unicode>
                    </TextEquiv>
                    <TextStyle fontFamily="Times New Roman" fontSize="11.0"/>
                </Word>
                <Word id="w_w2aab1b1b2b1c13ac19" language="English" custom="readingOrder {index:1;}">
                    <Coords points="859,1158 948,1158 948,1241 859,1241"/>
                    <TextEquiv>
                        <Unicode>&amp;</Unicode>
                    </TextEquiv>
                    <TextStyle fontFamily="Times New Roman" fontSize="11.0"/>
                </Word>
                <Word id="w_w2aab1b1b2b1c13ac23" language="English" custom="readingOrder {index:2;}">
                    <Coords points="979,1178 1195,1178 1195,1279 979,1279"/>
                    <TextEquiv>
                        <Unicode>ayat</Unicode>
                    </TextEquiv>
                    <TextStyle fontFamily="Times New Roman" fontSize="11.0"/>
                </Word>
                <Word id="w_w2aab1b1b2b1c13ac33" language="English" custom="readingOrder {index:3;}">
                    <Coords points="1227,1144 1385,1144 1385,1242 1227,1242"/>
                    <TextEquiv>
                        <Unicode>des</Unicode>
                    </TextEquiv>
                    <TextStyle fontFamily="Times New Roman" fontSize="11.0"/>
                </Word>
                <Word id="w_w2aab1b1b2b1c13ac41" language="English" custom="readingOrder {index:4;}">
                    <Coords points="1425,1140 1853,1140 1853,1276 1425,1276"/>
                    <TextEquiv>
                        <Unicode>enfants,</Unicode>
                    </TextEquiv>
                    <TextStyle fontFamily="Times New Roman" fontSize="11.0"/>
                </Word>
                <TextEquiv>
                    <Unicode>enſemble &amp; ayãt des enfants,</Unicode>
                </TextEquiv>
                <TextStyle fontFamily="Times New Roman" fontSize="11.0"/>
            </TextLine>
            <TextLine id="tl_8" primaryLanguage="English" custom="readingOrder {index:7;}">
                <Coords points="352,1268 1856,1268 1856,1434 352,1434"/>
                <Baseline points="353,1373 544,1378 690,1378 910,1385 1064,1386 1312,1389 1648,1393 1855,1396"/>
                <Word id="w_w2aab1b1b2b1c15ab1" language="English" custom="readingOrder {index:0;}">
                    <Coords points="353,1273 544,1273 544,1378 353,1378"/>
                    <TextEquiv>
                        <Unicode>cela</Unicode>
                    </TextEquiv>
                    <TextStyle fontFamily="Times New Roman" fontSize="11.0"/>
                </Word>
                <Word id="w_w2aab1b1b2b1c15ac11" language="English" custom="readingOrder {index:1;}">
                    <Coords points="573,1319 690,1319 690,1379 573,1379"/>
                    <TextEquiv>
                        <Unicode>ne</Unicode>
                    </TextEquiv>
                    <TextStyle fontFamily="Times New Roman" fontSize="11.0"/>
                </Word>
                <Word id="w_w2aab1b1b2b1c15ac17" language="English" custom="readingOrder {index:2;}">
                    <Coords points="712,1286 910,1286 910,1421 712,1421"/>
                    <TextEquiv>
                        <Unicode>puft</Unicode>
                    </TextEquiv>
                    <TextStyle fontFamily="Times New Roman" fontSize="11.0"/>
                </Word>
                <Word id="w_w2aab1b1b2b1c15ac27" language="English" custom="readingOrder {index:3;}">
                    <Coords points="939,1326 1064,1326 1064,1386 939,1386"/>
                    <TextEquiv>
                        <Unicode>vn</Unicode>
                    </TextEquiv>
                    <TextStyle fontFamily="Times New Roman" fontSize="11.0"/>
                </Word>
                <Word id="w_w2aab1b1b2b1c15ac33" language="English" custom="readingOrder {index:4;}">
                    <Coords points="1099,1297 1312,1297 1312,1389 1099,1389"/>
                    <TextEquiv>
                        <Unicode>iour</Unicode>
                    </TextEquiv>
                    <TextStyle fontFamily="Times New Roman" fontSize="11.0"/>
                </Word>
                <Word id="w_w2aab1b1b2b1c15ac43" language="English" custom="readingOrder {index:5;}">
                    <Coords points="1335,1282 1648,1282 1648,1393 1335,1393"/>
                    <TextEquiv>
                        <Unicode>caufer</Unicode>
                    </TextEquiv>
                    <TextStyle fontFamily="Times New Roman" fontSize="11.0"/>
                </Word>
                <Word id="w_w2aab1b1b2b1c15ac57" language="English" custom="readingOrder {index:6;}">
                    <Coords points="1697,1294 1855,1294 1855,1396 1697,1396"/>
                    <TextEquiv>
                        <Unicode>des</Unicode>
                    </TextEquiv>
                    <TextStyle fontFamily="Times New Roman" fontSize="11.0"/>
                </Word>
                <TextEquiv>
                    <Unicode>cela ne puſt vn iour cauſer des</Unicode>
                </TextEquiv>
                <TextStyle fontFamily="Times New Roman" fontSize="11.0"/>
            </TextLine>
            <TextLine id="tl_9" primaryLanguage="English" custom="readingOrder {index:8;}">
                <Coords points="349,1420 1856,1420 1856,1586 349,1586"/>
                <Baseline points="349,1521 808,1529 890,1530 1257,1535 1594,1539 1856,1544"/>
                <Word id="w_w2aab1b1b2b1c17ab1" language="English" custom="readingOrder {index:0;}">
                    <Coords points="349,1423 808,1423 808,1529 349,1529"/>
                    <TextEquiv>
                        <Unicode>désordres</Unicode>
                    </TextEquiv>
                    <TextStyle fontFamily="Times New Roman" fontSize="11.0"/>
                </Word>
                <Word id="w_w2aab1b1b2b1c17ac21" language="English" custom="readingOrder {index:1;}">
                    <Coords points="839,1426 890,1426 890,1530 839,1530"/>
                    <TextEquiv>
                        <Unicode>à</Unicode>
                    </TextEquiv>
                    <TextStyle fontFamily="Times New Roman" fontSize="11.0"/>
                </Word>
                <Word id="w_w2aab1b1b2b1c17ac25" language="English" custom="readingOrder {index:2;}">
                    <Coords points="917,1429 1257,1429 1257,1537 917,1537"/>
                    <TextEquiv>
                        <Unicode>l’Eftat.</Unicode>
                    </TextEquiv>
                    <TextStyle fontFamily="Times New Roman" fontSize="11.0"/>
                </Word>
                <Word id="w_w2aab1b1b2b1c17ac43" language="English" custom="readingOrder {index:3;}">
                    <Coords points="1341,1444 1594,1444 1594,1539 1341,1539"/>
                    <TextEquiv>
                        <Unicode>Mon</Unicode>
                    </TextEquiv>
                    <TextStyle fontFamily="Times New Roman" fontSize="11.0"/>
                </Word>
                <Word id="w_w2aab1b1b2b1c17ac51" language="English" custom="readingOrder {index:4;}">
                    <Coords points="1625,1481 1856,1481 1856,1584 1625,1584"/>
                    <TextEquiv>
                        <Unicode>père</Unicode>
                    </TextEquiv>
                    <TextStyle fontFamily="Times New Roman" fontSize="11.0"/>
                </Word>
                <TextEquiv>
                    <Unicode>deſordres à l’Eſtat. Mon pere</Unicode>
                </TextEquiv>
                <TextStyle fontFamily="Times New Roman" fontSize="11.0"/>
            </TextLine>
            <TextLine id="tl_10" primaryLanguage="English" custom="readingOrder {index:9;}">
                <Coords points="345,1566 1857,1566 1857,1734 345,1734"/>
                <Baseline points="345,1667 434,1669 806,1675 954,1679 1172,1682 1588,1687 1676,1690 1856,1674"/>
                <Word id="w_w2aab1b1b2b1c19ab1" language="English" custom="readingOrder {index:0;}">
                    <Coords points="345,1566 434,1566 434,1669 345,1669"/>
                    <TextEquiv>
                        <Unicode>fe</Unicode>
                    </TextEquiv>
                    <TextStyle fontFamily="Times New Roman" fontSize="11.0"/>
                </Word>
                <Word id="w_w2aab1b1b2b1c19ab7" language="English" custom="readingOrder {index:1;}">
                    <Coords points="455,1611 806,1611 806,1713 455,1713"/>
                    <TextEquiv>
                        <Unicode>voyant</Unicode>
                    </TextEquiv>
                    <TextStyle fontFamily="Times New Roman" fontSize="11.0"/>
                </Word>
                <Word id="w_w2aab1b1b2b1c19ac21" language="English" custom="readingOrder {index:2;}">
                    <Coords points="837,1616 954,1616 954,1679 837,1679"/>
                    <TextEquiv>
                        <Unicode>en</Unicode>
                    </TextEquiv>
                    <TextStyle fontFamily="Times New Roman" fontSize="11.0"/>
                </Word>
                <Word id="w_w2aab1b1b2b1c19ac27" language="English" custom="readingOrder {index:3;}">
                    <Coords points="981,1618 1172,1618 1172,1684 981,1684"/>
                    <TextEquiv>
                        <Unicode>vne</Unicode>
                    </TextEquiv>
                    <TextStyle fontFamily="Times New Roman" fontSize="11.0"/>
                </Word>
                <Word id="w_w2aab1b1b2b1c19ac35" language="English" custom="readingOrder {index:4;}">
                    <Coords points="1199,1578 1588,1578 1588,1688 1199,1688"/>
                    <TextEquiv>
                        <Unicode>fortune</Unicode>
                    </TextEquiv>
                    <TextStyle fontFamily="Times New Roman" fontSize="11.0"/>
                </Word>
                <Word id="w_w2aab1b1b2b1c19ac51" language="English" custom="readingOrder {index:5;}">
                    <Coords points="1609,1587 1676,1587 1676,1690 1609,1690"/>
                    <TextEquiv>
                        <Unicode>fi</Unicode>
                    </TextEquiv>
                    <TextStyle fontFamily="Times New Roman" fontSize="11.0"/>
                </Word>
                <Word id="w_w2aab1b1b2b1c19ac57" language="English" custom="readingOrder {index:6;}">
                    <Coords points="1705,1599 1856,1599 1856,1733 1705,1733"/>
                    <TextEquiv>
                        <Unicode>pi¬</Unicode>
                    </TextEquiv>
                    <TextStyle fontFamily="Times New Roman" fontSize="11.0"/>
                </Word>
                <TextEquiv>
                    <Unicode>ſe voyant en vne fortune ſi pi¬</Unicode>
                </TextEquiv>
                <TextStyle fontFamily="Times New Roman" fontSize="11.0"/>
            </TextLine>
            <TextLine id="tl_11" primaryLanguage="English" custom="readingOrder {index:10;}">
                <Coords points="347,1714 1853,1714 1853,1880 347,1880"/>
                <Baseline points="348,1816 764,1849 1370,1832 1686,1834 1852,1838"/>
                <Word id="w_w2aab1b1b2b1c21ab1" language="English" custom="readingOrder {index:0;}">
                    <Coords points="348,1718 764,1718 764,1856 348,1856"/>
                    <TextEquiv>
                        <Unicode>toyable,</Unicode>
                    </TextEquiv>
                    <TextStyle fontFamily="Times New Roman" fontSize="11.0"/>
                </Word>
                <Word id="w_w2aab1b1b2b1c21ac19" language="English" custom="readingOrder {index:1;}">
                    <Coords points="816,1743 1370,1743 1370,1872 816,1872"/>
                    <TextEquiv>
                        <Unicode>n’entreprit</Unicode>
                    </TextEquiv>
                    <TextStyle fontFamily="Times New Roman" fontSize="11.0"/>
                </Word>
                <Word id="w_w2aab1b1b2b1c21ac43" language="English" custom="readingOrder {index:2;}">
                    <Coords points="1401,1746 1686,1746 1686,1875 1401,1875"/>
                    <TextEquiv>
                        <Unicode>point</Unicode>
                    </TextEquiv>
                    <TextStyle fontFamily="Times New Roman" fontSize="11.0"/>
                </Word>
                <Word id="w_w2aab1b1b2b1c21ac55" language="English" custom="readingOrder {index:3;}">
                    <Coords points="1734,1740 1852,1740 1852,1838 1734,1838"/>
                    <TextEquiv>
                        <Unicode>de</Unicode>
                    </TextEquiv>
                    <TextStyle fontFamily="Times New Roman" fontSize="11.0"/>
                </Word>
                <TextEquiv>
                    <Unicode>toyable, n’entreprit point de</Unicode>
                </TextEquiv>
                <TextStyle fontFamily="Times New Roman" fontSize="11.0"/>
            </TextLine>
            <TextLine id="tl_12" primaryLanguage="English" custom="readingOrder {index:11;}">
                <Coords points="348,1862 1853,1862 1853,1986 348,1986"/>
                <Baseline points="348,1958 733,1969 849,1970 1155,1978 1317,1979 1852,1986"/>
                <Word id="w_w2aab1b1b2b1c23ab1" language="English" custom="readingOrder {index:0;}">
                    <Coords points="348,1865 733,1865 733,1970 348,1970"/>
                    <TextEquiv>
                        <Unicode>toucher</Unicode>
                    </TextEquiv>
                    <TextStyle fontFamily="Times New Roman" fontSize="11.0"/>
                </Word>
                <Word id="w_w2aab1b1b2b1c23ac17" language="English" custom="readingOrder {index:1;}">
                    <Coords points="764,1867 849,1867 849,1970 764,1970"/>
                    <TextEquiv>
                        <Unicode>le</Unicode>
                    </TextEquiv>
                    <TextStyle fontFamily="Times New Roman" fontSize="11.0"/>
                </Word>
                <Word id="w_w2aab1b1b2b1c23ac23" language="English" custom="readingOrder {index:2;}">
                    <Coords points="900,1914 1155,1914 1155,1978 900,1978"/>
                    <TextEquiv>
                        <Unicode>coeur</Unicode>
                    </TextEquiv>
                    <TextStyle fontFamily="Times New Roman" fontSize="11.0"/>
                </Word>
                <Word id="w_w2aab1b1b2b1c23ac35" language="English" custom="readingOrder {index:3;}">
                    <Coords points="1204,1880 1317,1880 1317,1979 1204,1979"/>
                    <TextEquiv>
                        <Unicode>de</Unicode>
                    </TextEquiv>
                    <TextStyle fontFamily="Times New Roman" fontSize="11.0"/>
                </Word>
                <Word id="w_w2aab1b1b2b1c23ac41" language="English" custom="readingOrder {index:4;}">
                    <Coords points="1360,1878 1852,1878 1852,1986 1360,1986"/>
                    <TextEquiv>
                        <Unicode>Tachmas</Unicode>
                    </TextEquiv>
                    <TextStyle fontFamily="Times New Roman" fontSize="11.0"/>
                </Word>
                <TextEquiv>
                    <Unicode>toucher le coeur de Tachmas</Unicode>
                </TextEquiv>
                <TextStyle fontFamily="Times New Roman" fontSize="11.0"/>
            </TextLine>
            <TextLine id="tl_13" primaryLanguage="English" custom="readingOrder {index:12;}">
                <Coords points="342,2014 1855,2014 1855,2178 342,2178"/>
                <Baseline points="342,2151 509,2110 887,2118 1035,2124 1855,2160"/>
                <Word id="w_w2aab1b1b2b1c25ab1" language="English" custom="readingOrder {index:0;}">
                    <Coords points="342,2046 509,2046 509,2151 342,2151"/>
                    <TextEquiv>
                        <Unicode>par</Unicode>
                    </TextEquiv>
                    <TextStyle fontFamily="Times New Roman" fontSize="11.0"/>
                </Word>
                <Word id="w_w2aab1b1b2b1c25ab9" language="English" custom="readingOrder {index:1;}">
                    <Coords points="548,2026 887,2026 887,2157 548,2157"/>
                    <TextEquiv>
                        <Unicode>prières</Unicode>
                    </TextEquiv>
                    <TextStyle fontFamily="Times New Roman" fontSize="11.0"/>
                </Word>
                <Word id="w_w2aab1b1b2b1c25ac25" language="English" custom="readingOrder {index:2;}">
                    <Coords points="942,2035 1035,2035 1035,2124 942,2124"/>
                    <TextEquiv>
                        <Unicode>&amp;</Unicode>
                    </TextEquiv>
                    <TextStyle fontFamily="Times New Roman" fontSize="11.0"/>
                </Word>
                <Word id="w_w2aab1b1b2b1c25ac29" language="English" custom="readingOrder {index:3;}">
                    <Coords points="1084,2027 1855,2027 1855,2169 1084,2169"/>
                    <TextEquiv>
                        <Unicode>parfumiifions;</Unicode>
                    </TextEquiv>
                    <TextStyle fontFamily="Times New Roman" fontSize="11.0"/>
                </Word>
                <TextEquiv>
                    <Unicode>par prieres &amp; par ſumiſſions;</Unicode>
                </TextEquiv>
                <TextStyle fontFamily="Times New Roman" fontSize="11.0"/>
            </TextLine>
            <TextLine id="tl_14" primaryLanguage="English" custom="readingOrder {index:13;}">
                <Coords points="338,2160 1858,2160 1858,2320 338,2320"/>
                <Baseline points="339,2257 575,2259 729,2263 1315,2303 1436,2275 1635,2317 1857,2264"/>
                <Word id="w_w2aab1b1b2b1c27ab1" language="English" custom="readingOrder {index:0;}">
                    <Coords points="339,2170 575,2170 575,2260 339,2260"/>
                    <TextEquiv>
                        <Unicode>mais</Unicode>
                    </TextEquiv>
                    <TextStyle fontFamily="Times New Roman" fontSize="11.0"/>
                </Word>
                <Word id="w_w2aab1b1b2b1c27ac11" language="English" custom="readingOrder {index:1;}">
                    <Coords points="616,2195 729,2195 729,2263 616,2263"/>
                    <TextEquiv>
                        <Unicode>au</Unicode>
                    </TextEquiv>
                    <TextStyle fontFamily="Times New Roman" fontSize="11.0"/>
                </Word>
                <Word id="w_w2aab1b1b2b1c27ac17" language="English" custom="readingOrder {index:2;}">
                    <Coords points="788,2181 1315,2181 1315,2303 788,2303"/>
                    <TextEquiv>
                        <Unicode>contraire,</Unicode>
                    </TextEquiv>
                    <TextStyle fontFamily="Times New Roman" fontSize="11.0"/>
                </Word>
                <Word id="w_w2aab1b1b2b1c27ac39" language="English" custom="readingOrder {index:3;}">
                    <Coords points="1362,2172 1436,2172 1436,2275 1362,2275"/>
                    <TextEquiv>
                        <Unicode>il</Unicode>
                    </TextEquiv>
                    <TextStyle fontFamily="Times New Roman" fontSize="11.0"/>
                </Word>
                <Word id="w_w2aab1b1b2b1c27ac45" language="English" custom="readingOrder {index:4;}">
                    <Coords points="1482,2175 1635,2175 1635,2317 1482,2317"/>
                    <TextEquiv>
                        <Unicode>luy</Unicode>
                    </TextEquiv>
                    <TextStyle fontFamily="Times New Roman" fontSize="11.0"/>
                </Word>
                <Word id="w_w2aab1b1b2b1c27ac53" language="English" custom="readingOrder {index:5;}">
                    <Coords points="1680,2218 1857,2218 1857,2281 1680,2281"/>
                    <TextEquiv>
                        <Unicode>en-</Unicode>
                    </TextEquiv>
                    <TextStyle fontFamily="Times New Roman" fontSize="11.0"/>
                </Word>
                <TextEquiv>
                    <Unicode>mais au contraire, il luy en¬</Unicode>
                </TextEquiv>
                <TextStyle fontFamily="Times New Roman" fontSize="11.0"/>
            </TextLine>
            <TextLine id="tl_15" primaryLanguage="English" custom="readingOrder {index:14;}">
                <Coords points="340,2310 1860,2310 1860,2474 340,2474"/>
                <Baseline points="341,2403 579,2407 809,2411 1025,2416 1167,2428 1651,2425 1859,2428"/>
                <Word id="w_w2aab1b1b2b1c29ab1" language="English" custom="readingOrder {index:0;}">
                    <Coords points="341,2340 579,2340 579,2446 341,2446"/>
                    <TextEquiv>
                        <Unicode>uoya</Unicode>
                    </TextEquiv>
                    <TextStyle fontFamily="Times New Roman" fontSize="11.0"/>
                </Word>
                <Word id="w_w2aab1b1b2b1c29ac11" language="English" custom="readingOrder {index:1;}">
                    <Coords points="611,2313 809,2313 809,2412 611,2412"/>
                    <TextEquiv>
                        <Unicode>dire</Unicode>
                    </TextEquiv>
                    <TextStyle fontFamily="Times New Roman" fontSize="11.0"/>
                </Word>
                <Word id="w_w2aab1b1b2b1c29ac21" language="English" custom="readingOrder {index:2;}">
                    <Coords points="834,2352 1025,2352 1025,2461 834,2461"/>
                    <TextEquiv>
                        <Unicode>que</Unicode>
                    </TextEquiv>
                    <TextStyle fontFamily="Times New Roman" fontSize="11.0"/>
                </Word>
                <Word id="w_w2aab1b1b2b1c29ac29" language="English" custom="readingOrder {index:3;}">
                    <Coords points="1045,2354 1167,2354 1167,2428 1045,2428"/>
                    <TextEquiv>
                        <Unicode>ne</Unicode>
                    </TextEquiv>
                    <TextStyle fontFamily="Times New Roman" fontSize="11.0"/>
                </Word>
                <Word id="w_w2aab1b1b2b1c29ac35" language="English" custom="readingOrder {index:4;}">
                    <Coords points="1191,2331 1651,2331 1651,2427 1191,2427"/>
                    <TextEquiv>
                        <Unicode>méritant</Unicode>
                    </TextEquiv>
                    <TextStyle fontFamily="Times New Roman" fontSize="11.0"/>
                </Word>
                <Word id="w_w2aab1b1b2b1c29ac53" language="English" custom="readingOrder {index:5;}">
                    <Coords points="1680,2366 1859,2366 1859,2472 1680,2472"/>
                    <TextEquiv>
                        <Unicode>pas</Unicode>
                    </TextEquiv>
                    <TextStyle fontFamily="Times New Roman" fontSize="11.0"/>
                </Word>
                <TextEquiv>
                    <Unicode>uoya dire que ne meritant pas</Unicode>
                </TextEquiv>
                <TextStyle fontFamily="Times New Roman" fontSize="11.0"/>
            </TextLine>
            <TextLine id="tl_16" primaryLanguage="English" custom="readingOrder {index:15;}">
                <Coords points="344,2448 1850,2448 1850,2616 344,2616"/>
                <Baseline points="345,2549 654,2556 930,2561 1128,2565 1284,2569 1704,2574 1850,2576"/>
                <Word id="w_w2aab1b1b2b1c31ab1" language="English" custom="readingOrder {index:0;}">
                    <Coords points="345,2449 654,2449 654,2556 345,2556"/>
                    <TextEquiv>
                        <Unicode>d’eftre</Unicode>
                    </TextEquiv>
                    <TextStyle fontFamily="Times New Roman" fontSize="11.0"/>
                </Word>
                <Word id="w_w2aab1b1b2b1c31ac17" language="English" custom="readingOrder {index:1;}">
                    <Coords points="693,2456 930,2456 930,2561 693,2561"/>
                    <TextEquiv>
                        <Unicode>ferui</Unicode>
                    </TextEquiv>
                    <TextStyle fontFamily="Times New Roman" fontSize="11.0"/>
                </Word>
                <Word id="w_w2aab1b1b2b1c31ac29" language="English" custom="readingOrder {index:2;}">
                    <Coords points="958,2503 1128,2503 1128,2606 958,2606"/>
                    <TextEquiv>
                        <Unicode>par</Unicode>
                    </TextEquiv>
                    <TextStyle fontFamily="Times New Roman" fontSize="11.0"/>
                </Word>
                <Word id="w_w2aab1b1b2b1c31ac37" language="English" custom="readingOrder {index:3;}">
                    <Coords points="1153,2504 1284,2504 1284,2569 1153,2569"/>
                    <TextEquiv>
                        <Unicode>vn</Unicode>
                    </TextEquiv>
                    <TextStyle fontFamily="Times New Roman" fontSize="11.0"/>
                </Word>
                <Word id="w_w2aab1b1b2b1c31ac43" language="English" custom="readingOrder {index:4;}">
                    <Coords points="1307,2465 1704,2465 1704,2575 1307,2575"/>
                    <TextEquiv>
                        <Unicode>homme</Unicode>
                    </TextEquiv>
                    <TextStyle fontFamily="Times New Roman" fontSize="11.0"/>
                </Word>
                <Word id="w_w2aab1b1b2b1c31ac55" language="English" custom="readingOrder {index:5;}">
                    <Coords points="1731,2478 1850,2478 1850,2577 1731,2577"/>
                    <TextEquiv>
                        <Unicode>de</Unicode>
                    </TextEquiv>
                    <TextStyle fontFamily="Times New Roman" fontSize="11.0"/>
                </Word>
                <TextEquiv>
                    <Unicode>d'eſtre ſerui par vn homme de</Unicode>
                </TextEquiv>
                <TextStyle fontFamily="Times New Roman" fontSize="11.0"/>
            </TextLine>
            <TextLine id="tl_17" primaryLanguage="English" custom="readingOrder {index:16;}">
                <Coords points="345,2590 1852,2590 1852,2766 345,2766"/>
                <Baseline points="345,2693 512,2698 977,2737 1104,2715 1248,2715 1368,2716 1747,2749 1852,2722"/>
                <Word id="w_w2aab1b1b2b1c33ab1" language="English" custom="readingOrder {index:0;}">
                    <Coords points="345,2590 512,2590 512,2698 345,2698"/>
                    <TextEquiv>
                        <Unicode>fon</Unicode>
                    </TextEquiv>
                    <TextStyle fontFamily="Times New Roman" fontSize="11.0"/>
                </Word>
                <Word id="w_w2aab1b1b2b1c33ab9" language="English" custom="readingOrder {index:1;}">
                    <Coords points="537,2642 977,2642 977,2754 537,2754"/>
                    <TextEquiv>
                        <Unicode>courage,</Unicode>
                    </TextEquiv>
                    <TextStyle fontFamily="Times New Roman" fontSize="11.0"/>
                </Word>
                <Word id="w_w2aab1b1b2b1c33ac27" language="English" custom="readingOrder {index:2;}">
                    <Coords points="1009,2624 1104,2624 1104,2715 1009,2715"/>
                    <TextEquiv>
                        <Unicode>&amp;</Unicode>
                    </TextEquiv>
                    <TextStyle fontFamily="Times New Roman" fontSize="11.0"/>
                </Word>
                <Word id="w_w2aab1b1b2b1c33ac31" language="English" custom="readingOrder {index:3;}">
                    <Coords points="1133,2613 1248,2613 1248,2715 1133,2715"/>
                    <TextEquiv>
                        <Unicode>de</Unicode>
                    </TextEquiv>
                    <TextStyle fontFamily="Times New Roman" fontSize="11.0"/>
                </Word>
                <Word id="w_w2aab1b1b2b1c33ac37" language="English" custom="readingOrder {index:4;}">
                    <Coords points="1279,2611 1368,2611 1368,2716 1279,2716"/>
                    <TextEquiv>
                        <Unicode>fa</Unicode>
                    </TextEquiv>
                    <TextStyle fontFamily="Times New Roman" fontSize="11.0"/>
                </Word>
                <Word id="w_w2aab1b1b2b1c33ac43" language="English" custom="readingOrder {index:5;}">
                    <Coords points="1395,2614 1747,2614 1747,2749 1395,2749"/>
                    <TextEquiv>
                        <Unicode>valeur,</Unicode>
                    </TextEquiv>
                    <TextStyle fontFamily="Times New Roman" fontSize="11.0"/>
                </Word>
                <Word id="w_w2aab1b1b2b1c33ac59" language="English" custom="readingOrder {index:6;}">
                    <Coords points="1781,2619 1852,2619 1852,2722 1781,2722"/>
                    <TextEquiv>
                        <Unicode>il</Unicode>
                    </TextEquiv>
                    <TextStyle fontFamily="Times New Roman" fontSize="11.0"/>
                </Word>
                <TextEquiv>
                    <Unicode>ſon courage, &amp; de ſa valeur, il</Unicode>
                </TextEquiv>
                <TextStyle fontFamily="Times New Roman" fontSize="11.0"/>
            </TextLine>
            <TextLine id="tl_18" primaryLanguage="English" custom="readingOrder {index:17;}">
                <Coords points="341,2738 1857,2738 1857,2896 341,2896"/>
                <Baseline points="342,2839 676,2848 1374,2890 1652,2865 1856,2848"/>
                <Word id="w_w2aab1b1b2b1c35ab1" language="English" custom="readingOrder {index:0;}">
                    <Coords points="342,2738 676,2738 676,2849 342,2849"/>
                    <TextEquiv>
                        <Unicode>fortoit</Unicode>
                    </TextEquiv>
                    <TextStyle fontFamily="Times New Roman" fontSize="11.0"/>
                </Word>
                <Word id="w_w2aab1b1b2b1c35ac17" language="English" custom="readingOrder {index:1;}">
                    <Coords points="727,2754 1374,2754 1374,2890 727,2890"/>
                    <TextEquiv>
                        <Unicode>defesEUats,</Unicode>
                    </TextEquiv>
                    <TextStyle fontFamily="Times New Roman" fontSize="11.0"/>
                </Word>
                <Word id="w_w2aab1b1b2b1c35ac41" language="English" custom="readingOrder {index:2;}">
                    <Coords points="1421,2805 1652,2805 1652,2867 1421,2867"/>
                    <TextEquiv>
                        <Unicode>auec</Unicode>
                    </TextEquiv>
                    <TextStyle fontFamily="Times New Roman" fontSize="11.0"/>
                </Word>
                <Word id="w_w2aab1b1b2b1c35ac51" language="English" custom="readingOrder {index:3;}">
                    <Coords points="1695,2778 1856,2778 1856,2869 1695,2869"/>
                    <TextEquiv>
                        <Unicode>in¬</Unicode>
                    </TextEquiv>
                    <TextStyle fontFamily="Times New Roman" fontSize="11.0"/>
                </Word>
                <TextEquiv>
                    <Unicode>ſortoit de ſes Eſtats, auec in¬</Unicode>
                </TextEquiv>
                <TextStyle fontFamily="Times New Roman" fontSize="11.0"/>
            </TextLine>
            <TextLine id="tl_19" primaryLanguage="English" custom="readingOrder {index:18;}">
                <Coords points="343,2896 1853,2896 1853,3054 343,3054"/>
                <Baseline points="344,2984 718,2998 860,3002 1038,3044 1456,3011 1852,3046"/>
                <Word id="w_w2aab1b1b2b1c37ab1" language="English" custom="readingOrder {index:0;}">
                    <Coords points="344,2905 718,2905 718,2998 344,2998"/>
                    <TextEquiv>
                        <Unicode>tention</Unicode>
                    </TextEquiv>
                    <TextStyle fontFamily="Times New Roman" fontSize="11.0"/>
                </Word>
                <Word id="w_w2aab1b1b2b1c37ac17" language="English" custom="readingOrder {index:1;}">
                    <Coords points="748,2903 860,2903 860,3002 748,3002"/>
                    <TextEquiv>
                        <Unicode>de</Unicode>
                    </TextEquiv>
                    <TextStyle fontFamily="Times New Roman" fontSize="11.0"/>
                </Word>
                <Word id="w_w2aab1b1b2b1c37ac23" language="English" custom="readingOrder {index:2;}">
                    <Coords points="884,2903 1038,2903 1038,3044 884,3044"/>
                    <TextEquiv>
                        <Unicode>n’y</Unicode>
                    </TextEquiv>
                    <TextStyle fontFamily="Times New Roman" fontSize="11.0"/>
                </Word>
                <Word id="w_w2aab1b1b2b1c37ac31" language="English" custom="readingOrder {index:3;}">
                    <Coords points="1088,2943 1456,2943 1456,3011 1088,3011"/>
                    <TextEquiv>
                        <Unicode>rentrer</Unicode>
                    </TextEquiv>
                    <TextStyle fontFamily="Times New Roman" fontSize="11.0"/>
                </Word>
                <Word id="w_w2aab1b1b2b1c37ac47" language="English" custom="readingOrder {index:4;}">
                    <Coords points="1480,2923 1852,2923 1852,3046 1480,3046"/>
                    <TextEquiv>
                        <Unicode>jamais,</Unicode>
                    </TextEquiv>
                    <TextStyle fontFamily="Times New Roman" fontSize="11.0"/>
                </Word>
                <TextEquiv>
                    <Unicode>tention de n'y rentrer iamais,</Unicode>
                </TextEquiv>
                <TextStyle fontFamily="Times New Roman" fontSize="11.0"/>
            </TextLine>
            <TextLine id="tl_20" primaryLanguage="English" custom="readingOrder {index:19;}">
                <Coords points="343,3012 1907,3012 1907,3210 343,3210"/>
                <Baseline points="344,3181 523,3136 803,3149 907,3193 1287,3159 1431,3159 1907,3164"/>
                <Word id="w_w2aab1b1b2b1c39ab1" language="English" custom="readingOrder {index:0;}">
                    <Coords points="344,3069 523,3069 523,3181 344,3181"/>
                    <TextEquiv>
                        <Unicode>que</Unicode>
                    </TextEquiv>
                    <TextStyle fontFamily="Times New Roman" fontSize="11.0"/>
                </Word>
                <Word id="w_w2aab1b1b2b1c39ab9" language="English" custom="readingOrder {index:1;}">
                    <Coords points="562,3079 803,3079 803,3185 562,3185"/>
                    <TextEquiv>
                        <Unicode>pour</Unicode>
                    </TextEquiv>
                    <TextStyle fontFamily="Times New Roman" fontSize="11.0"/>
                </Word>
                <Word id="w_w2aab1b1b2b1c39ac19" language="English" custom="readingOrder {index:2;}">
                    <Coords points="851,3090 907,3090 907,3193 851,3193"/>
                    <TextEquiv>
                        <Unicode>y</Unicode>
                    </TextEquiv>
                    <TextStyle fontFamily="Times New Roman" fontSize="11.0"/>
                </Word>
                <Word id="w_w2aab1b1b2b1c39ac23" language="English" custom="readingOrder {index:3;}">
                    <Coords points="959,3089 1287,3089 1287,3200 959,3200"/>
                    <TextEquiv>
                        <Unicode>porter</Unicode>
                    </TextEquiv>
                    <TextStyle fontFamily="Times New Roman" fontSize="11.0"/>
                </Word>
                <Word id="w_w2aab1b1b2b1c39ac37" language="English" custom="readingOrder {index:4;}">
                    <Coords points="1342,3054 1431,3054 1431,3160 1342,3160"/>
                    <TextEquiv>
                        <Unicode>la</Unicode>
                    </TextEquiv>
                    <TextStyle fontFamily="Times New Roman" fontSize="11.0"/>
                </Word>
                <Word id="w_w2aab1b1b2b1c39ac43" language="English" custom="readingOrder {index:5;}">
                    <Coords points="1479,3030 1907,3030 1907,3204 1479,3204"/>
                    <TextEquiv>
                        <Unicode>guerre/</Unicode>
                    </TextEquiv>
                    <TextStyle fontFamily="Times New Roman" fontSize="11.0"/>
                </Word>
                <TextEquiv>
                    <Unicode>que pour y porter la guerre.</Unicode>
                </TextEquiv>
                <TextStyle fontFamily="Times New Roman" fontSize="11.0"/>
            </TextLine>
            <TextEquiv>
                <Unicode>Liure premier. 41
mon pere, vouloit encor qu'il
paſſaſt ſa vie en vne priſon
perpetuelle, &amp; la perſonne
qu’il auoit eſpouſée dans vne
autre, de peur que demeurant
enſemble &amp; ayãt des enfants,
cela ne puſt vn iour cauſer des
deſordres à l’Eſtat. Mon pere
ſe voyant en vne fortune ſi pi¬
toyable, n’entreprit point de
toucher le coeur de Tachmas
par prieres &amp; par ſumiſſions;
mais au contraire, il luy en¬
uoya dire que ne meritant pas
d'eſtre ſerui par vn homme de
ſon courage, &amp; de ſa valeur, il
ſortoit de ſes Eſtats, auec in¬
tention de n'y rentrer iamais,
que pour y porter la guerre.</Unicode>
            </TextEquiv>
        </TextRegion>
    </Page>
</PcGts>
