2479 3508
668 241 1003 355 Liure
1042 232 1503 397 premier
1505 262 1527 369 .
1744 262 1887 372 jp

365 412 866 511 auoitcreu
911 390 1618 544 queTachmas
1657 382 1895 488 l’en-

366 553 864 657 freindroic
958 581 1202 692 pour
1270 538 1680 642 l’amour
1766 537 1894 637 de

373 699 523 840 luy
567 744 587 800 :
643 711 737 800 &
791 732 979 841 que
1025 687 1171 794 s’il
1201 728 1325 791 ne
1377 686 1463 790 le
1507 678 1891 791 vouloir

368 887 576 989 pas,
624 885 728 945 ce
788 865 1506 988 manquement
1559 828 1888 935 d’aflfe-

370 1002 683 1121 élipn,
732 991 1017 1095 feroit
1058 1025 1247 1093 vne
1278 979 1603 1086 raison
1646 984 1895 1081 allez

367 1137 891 1281 forte,pour
919 1131 1371 1277 l’obliger
1413 1127 1467 1232 à
1491 1129 1729 1229 faire
1759 1163 1895 1228 rc-

368 1284 672 1386 uolter
704 1283 782 1385 la
814 1293 1286 1385 Prouincc
1338 1277 1468 1380 où
1502 1271 1574 1377 il
1624 1311 1896 1378 corn-

365 1435 863 1559 mandoit,
912 1448 1007 1534 8c
1082 1433 1331 1529 dont
1376 1421 1447 1528 il
1507 1431 1897 1562 croyoit

369 1582 600 1685 eftre
645 1574 1264 1681 ablblumcnt
1313 1570 1402 1676 le
1453 1570 1888 1673 Maiftre.

370 1731 494 1827 La
548 1721 832 1828 chofe
886 1719 1172 1827 n’alla
1214 1748 1678 1863 pourtant
1726 1754 1898 1860 pas

373 1872 597 1976 ainfî
655 1925 677 1993 ;
743 1910 897 1973 car
965 1870 1097 1972 les
1173 1875 1621 1972 ennemis
1703 1901 1899 2008 que

372 2054 606 2120 mon
634 2057 860 2160 pere
888 2016 1232 2120 s’eftoit
1277 2010 1504 2118 faits
1534 2048 1706 2157 par
1753 2012 1896 2114 fes

372 2162 849 2267 violences
912 2246 941 2290 ,
1014 2195 1471 2265 trouuant
1538 2196 1735 2263 vne
1824 2155 1899 2262 fi

373 2308 627 2413 belle
675 2308 1123 2413 occafion
1199 2312 1317 2410 de
1383 2308 1544 2443 luy
1585 2312 1899 2421 nuire,

376 2457 1140 2594 reprefenterent
1170 2496 1286 2557 au
1318 2451 1668 2600 Sophi,
1714 2489 1902 2598 que

379 2590 513 2705 s’il
562 2604 715 2745 luy
767 2612 1365 2749 pardonnoit
1395 2635 1653 2704 cette
1682 2594 1897 2700 fau¬

381 2785 504 2878 te,
533 2792 636 2852 ce
661 2753 944 2854 feroit
971 2749 1560 2856 l’authorifer
1583 2745 1636 2849 à
1665 2742 1903 2846 l’ad-

382 2910 1002 3051 uenii'j&que
1050 2943 1156 3003 ce
1208 2896 1500 3002 feroit
1526 2890 1904 3000 mcfme

385 3045 841 3155 renuerfer
929 3084 1145 3154 tout
1245 3040 1393 3149 cét
1465 3051 1897 3188 Empire,

1279 3202 1368 3296 G
1469 3199 1614 3327 iiij
