2479 3508
779 89 844 176 E
891 85 952 174 P
999 83 1030 170 I
1093 83 1148 168 S
1191 76 1280 166 T
1324 74 1408 164 R
1456 70 1548 159 E.

352 268 534 352 ma
560 220 810 394 plus
847 221 1197 341 haute
1217 199 1671 328 félicité.
1699 189 2013 314 Mais

362 455 419 528 c
450 404 599 531 eft
648 448 869 573 que
925 403 1035 522 ie
1091 435 1237 514 ne
1291 426 1589 512 veux
1641 418 1845 547 pas
1900 374 2011 496 le

358 585 625 712 faire
679 578 1114 758 pecher
1163 611 1372 741 par
1427 547 2007 725 exemple;

358 770 486 896 &
519 810 742 935 que
768 768 878 888 ie
904 751 1159 927 fçay
1196 790 1432 920 que
1457 740 1624 866 les
1662 775 2019 859 terne-

352 957 690 1091 ritez,
724 984 876 1067 ne
905 935 1171 1064 font
1200 970 1395 1104 pas
1432 912 2019 1050 toufiours

353 1119 975 1255 heureufes.
1083 1110 1185 1230 11
1236 1100 1399 1231 eft
1441 1142 1724 1266 vray
1779 1136 2019 1265 que

352 1312 391 1429 i
423 1311 799 1473 efpere
867 1302 1263 1421 mieux
1296 1285 1450 1412 de
1478 1286 1586 1406 fa
1628 1275 2026 1400 fortu¬

363 1530 508 1613 ne
542 1490 678 1617 &
708 1480 858 1608 de
888 1473 1000 1599 la
1032 1482 1578 1612 mienne,
1622 1450 2016 1630 quand

359 1674 466 1792 ie
502 1710 690 1792 me
743 1663 1281 1788 fouuiens
1310 1689 1559 1818 que
1610 1631 2019 1765 voftre

357 1840 783 1972 Hoftel
860 1926 893 1981 ,
974 1885 1041 1959 a
1123 1826 1705 1962 toufiours
1771 1812 2017 1945 efté

367 2062 782 2150 ouuert
815 2063 1032 2144 aux
1094 2010 1492 2139 Mufes
1539 2081 1563 2150 ;
1617 2044 1850 2176 que
1900 1992 2016 2124 la

364 2202 910 2325 Minerue
985 2191 1522 2369 fçauante
1576 2236 1659 2355 y
1714 2225 1780 2306 a
1834 2225 2017 2304 ré¬

358 2386 581 2549 gné
607 2467 638 2524 ,
670 2381 945 2505 aufsi
979 2371 1261 2501 bien
1298 2410 1535 2540 que
1565 2369 1667 2489 la
1692 2404 2015 2527 guer¬

355 2573 635 2687 rière
710 2633 735 2664 >
823 2563 961 2692 &
1067 2596 1297 2725 que
1395 2553 1771 2721 parmi
1842 2541 2011 2668 les

362 2736 1076 2910 Triomphes
1110 2731 1318 2859 des
1352 2729 1849 2867 Armes,
1904 2720 2010 2844 la

361 2916 774 3046 Gloire
837 2914 1044 3044 des
1097 2912 1568 3037 Lettres
1620 2906 1898 3028 n'en
1939 2901 2008 3024 à

354 3140 547 3277 pas
614 3093 847 3226 efté
897 3093 1361 3226 bannie,
1399 3089 1591 3219 feu
1635 3089 2013 3214 Mon-
