2479 3508
668 248 982 357 Liure
1003 247 1488 401 premier.
1716 269 1857 386 if

377 402 767 543 d’argent
793 432 1019 525 mat,
1048 437 1233 539 que
1264 430 1599 541 quatre
1623 398 1849 503 che-

379 579 604 642 uaux
675 540 990 641 blancs
1043 536 1682 656 traifnoîent,
1751 561 1854 648 Le

382 685 631 824 qu’ils
658 688 1183 783 donnèrent
1224 680 1279 783 à
1320 683 1411 786 fa
1436 687 1853 787 Hautef-

381 825 487 926 fe.
513 836 749 923 Tous
777 825 901 925 les
937 829 1365 928 Meftiers
1393 865 1846 968 parurent

374 1006 482 1066 en
508 966 766 1092 fuite,
790 967 1126 1069 faifant
1174 968 1538 1071 chacun
1581 973 1846 1112 quel¬

368 1147 543 1250 que
577 1112 817 1210 riche
841 1150 1247 1254 ouurage
1301 1119 1419 1216 de
1473 1116 1561 1213 fa
1610 1155 1845 1258 pro-

365 1248 680 1352 fefîîon
725 1334 754 1378 ,
803 1266 1032 1354 mais
1101 1295 1328 1354 auec
1369 1296 1552 1359 vnc
1621 1259 1844 1361 dili¬

364 1427 655 1534 gence
680 1396 741 1494 fi
780 1402 1536 1517 extraordinaire,
1570 1410 1836 1544 qu’a-

359 1569 578 1637 uant
637 1577 817 1678 que
883 1539 969 1638 le
1021 1575 1229 1638 tour
1279 1547 1391 1642 de
1445 1540 1531 1643 la
1573 1544 1841 1686 place

354 1677 944 1808 fuftacheué,
1004 1681 1088 1781 le
1133 1681 1506 1824 prefent
1562 1692 1840 1792 eftoit

355 1853 467 1918 en
575 1825 797 1924 eftat
929 1824 1249 1927 d’eftrc
1341 1824 1619 1932 offert
1715 1865 1841 1934 au

351 1967 646 2098 grand
691 1955 1139 2070 Soliman.
1215 1965 1292 2069 Il
1339 1967 1468 2068 les
1515 2013 1838 2078 receut

346 2135 551 2202 tous
640 2101 1442 2228 fauorablement,
1536 2133 1631 2222 &
1698 2116 1837 2222 les

351 2241 661 2346 donna
691 2284 893 2349 tous
947 2248 996 2350 à
1027 2251 1359 2354 l’heure
1389 2257 1749 2361 mefme
1773 2265 1830 2368 à

348 2385 512 2484 fon
564 2389 778 2489 cher
824 2389 1286 2523 Ibrahim,
1354 2402 1697 2547 auquel
1762 2395 1835 2508 il

349 2529 483 2624 dit
506 2530 761 2669 qu’ils
795 2535 1189 2638 eftoient
1219 2536 1443 2644 bien
1492 2544 1829 2674 deubs,

347 2670 716 2813 puifquc
739 2677 1088 2781 c’eftoit
1115 2685 1228 2782 de
1271 2683 1446 2788 fon
1489 2724 1822 2791 coura*

342 2845 453 2946 ge
482 2828 569 2917 &
596 2821 703 2916 de
730 2814 821 2919 fa
856 2825 1358 2956 conduite,
1404 2830 1637 2975 qu’il
1688 2854 1826 2933 te-

341 2964 552 3055 üoit
597 2979 681 3062 Le
727 2958 809 3061 la
829 2976 1219 3072 viâoire
1247 2987 1336 3075 à
1365 2970 1451 3074 le
1481 2987 1815 3077 triorn^

1442 3126 1514 3217 B
