2479 3508
517 253 641 383 >i
875 253 1005 363 L
1007 249 1387 403 Illufire
1421 249 1749 403 JBaffa

525 409 701 509 fon
749 409 1095 511 adrcfle
1147 413 1471 507 furent
1517 407 1813 533 caufe,
1845 449 2025 555 que

521 551 879 653 laLune
909 555 1017 657 fît
1051 551 1439 693 cclipfer
1469 549 1555 651 le
1585 551 2021 659 SoIeil.Sa

523 707 929 803 victoire
973 697 1121 799 fut
1151 697 1443 795 fuiuie
1481 699 1697 795 d'vn
1727 707 2025 839 grand

525 857 661 943 cri
695 847 857 947 des
879 843 1395 947 Ianiffaires
1431 855 1523 943 &
1555 845 1671 939 de
1697 875 1905 945 tout
1947 841 2027 945 le

519 985 921 1133 peuple,
979 1003 1073 1089 &
1099 987 1285 1087 ion
1317 987 1845 1089 n’entendit
1879 1027 2031 1127 par-

519 1167 791 1233 toute
839 1129 925 1231 la
977 1129 1245 1273 place
1293 1133 1409 1229 de
1461 1127 2025 1271 l’Hipodro-

525 1319 721 1405 ine,
799 1293 987 1419 qué
1033 1293 1243 1375 ‘viue
1279 1271 1587 1375 Sultan
1633 1273 2023 1379 Soliman.

521 1427 1091 1563 Cependant
1121 1413 1549 1519 ibrahim
1579 1421 2025 1565 BafTa,qui

519 1569 883 1667 n’auoit
957 1607 1117 1709 pas
1187 1571 1511 1663 moins
1609 1601 2031 1665 reconnu

517 1707 691 1813 fon
721 1749 941 1851 amy
969 1711 1019 1813 à
1049 1709 1219 1811 fon
1247 1707 1585 1821 zdreffe
1629 1705 1837 1855 qu'à
1867 1709 2029 1815 fon

519 1859 1171 2001 vifage,eftok
1215 1863 1415 1955 raui
1455 1857 1805 1955 devoir
1853 1893 2029 1997 que

521 2039 793 2105 toute
821 2001 905 2103 la
927 2001 1235 2151 gloire
1265 2003 1381 2099 de
1409 2033 1649 2099 cette
1673 2007 2025 2129 aâion,

517 2187 647 2253 ne
735 2147 895 2287 luy
961 2149 1173 2291 puft
1241 2149 1477 2249 eftre
1561 2145 2015 2287 difputée.

521 2305 941 2395 Comme
991 2293 1071 2393 le
1119 2291 1379 2393 bruit
1451 2293 1565 2391 de
1643 2321 1853 2391 tant
1925 2293 2029 2391 de

523 2451 749 2539 voix
801 2437 947 2537 fut
993 2435 1351 2579 difïîpé,
1409 2431 1601 2533 l’on
1657 2439 1817 2535 vid
1873 2475 2027 2575 pa-

521 2587 1069 2687 roiftrcvne
1103 2617 1447 2723 troupe
1489 2577 1889 2683 veftueà
1943 2579 2027 2679 la

521 2729 1187 2855 Chreftienne,
1221 2741 1315 2829 &
1367 2723 2025 2867 remarquable

519 2913 771 3021 pour
819 2875 1077 2991 telle,
1131 2913 1299 3019 par
1341 2867 1473 2971 les
1527 2881 1821 2971 Croix
1865 2883 2023 3015 qui

527 3021 1145 3161 paroilfoient
1209 3015 1265 3123 à
1325 3013 1459 3119 fes
1533 3019 2023 3161 drapeaux;
