2479 3508
775 197 1119 319 Liuré
1121 201 1595 365 premier.
1841 241 1965 323 zi

479 361 759 485 baies,
789 367 901 461 de
927 361 1499 485 Tambours,
1531 363 1643 461 de
1687 367 1961 461 Hau-

483 509 857 631 bois,de
887 499 1229 615 Fiffres,
1267 517 1359 603 &
1389 505 1503 601 de
1555 499 1961 603 Cimba-

477 649 605 749 Jcs
653 687 767 749 en
817 643 1411 767 l'afiemblee;
1465 643 1593 745 les
1659 647 1959 743 Turcs

481 795 999 889 donnèrent
1061 827 1191 893 vn
1239 787 1519 887 aflàut
1581 783 1637 887 à
1703 821 1957 885 cette

477 933 765 1035 feinte
789 929 1007 1033 ville
1037 935 1151 1031 de
1197 939 1565 1031 Tauris.
1617 935 1699 1027 Si
1745 927 1955 1029 l’at¬

481 1111 751 1219 taque
791 1073 931 1175 fut
957 1071 1555 1215 vigoureufe,
1607 1067 1693 1169 la
1741 1073 1957 1173 def-

479 1217 741 1319 fencc
767 1255 881 1315 ne
909 1211 993 1317 le
1017 1215 1163 1315 fut
1183 1255 1343 1355 pas
1373 1225 1721 1335 moins;
1753 1211 1957 1319 l’on

477 1363 629 1459 vid
661 1357 1003 1459 Iafcher
1031 1357 1115 1457 le
1149 1363 1365 1495 pied
1395 1397 1567 1457 aux
1613 1355 1955 1485 Perfes,

475 1499 659 1601 l'on
749 1507 915 1605 vid
991 1501 1207 1601 aulfi
1295 1503 1753 1643 repoufïer
1823 1497 1955 1599 les

475 1647 799 1765 Turcs;
851 1659 1257 1745 &-cette
1303 1641 1569 1743 fauce
1635 1651 1955 1785 image

479 1787 587 1883 de
607 1807 965 1927 guette,
1015 1819 1169 1883 eut
1199 1817 1507 1885 toutes
1557 1779 1683 1881 les
1727 1823 1955 1925 apa-

477 1963 853 2055 rences,
907 1931 1127 2029 d’vn
1171 1925 1631 2027 véritable
1679 1965 1947 2033 com¬

479 2065 669 2169 bat.
777 2079 1021 2169 Mais
1091 2071 1349 2173 enfin
1435 2105 1697 2209 apres
1769 2107 1953 2173 vne

475 2215 827 2349 grande
877 2211 1355 2321 refiftance
1413 2293 1439 2337 ,
1507 2207 1949 2313 I’Efclaue

479 2353 699 2453 bien
745 2353 917 2451 fait
967 2355 1365 2487 enfonça
1425 2351 1547 2453 les
1593 2389 1945 2495 portes;

479 2531 805 2597 monta
837 2495 919 2595 le
965 2509 1365 2637 premier
1393 2495 1531 2597 fur
1563 2495 1687 2597 les
1735 2535 1943 2597 mu¬

481 2637 777 2737 railles
811 2693 835 2761 ;
883 2655 973 2741 &
1015 2641 1499 2741 arrachant
1549 2637 1679 2739 les
1745 2643 1951 2739 dra¬

479 2817 759 2917 peaux
797 2781 1237 2923 duSophi
1281 2821 1519 2927 pour
1567 2779 1949 2881 arborer

487 2959 701 3025 ceux
747 2925 869 3025 du
909 2921 1289 3055 Sultan,
1351 2927 1441 3029 fa
1485 2923 1791 3025 valeur
1855 2939 1953 3027 &

1489 3077 1561 3169 B
1641 3077 1741 3201 iij
