2479 3508
728 131 1604 233 PREFACE.

322 269 680 383 hauette
722 275 1120 420 pigliato
1182 309 1444 376 tante
1506 291 2076 417 coyoneric?

312 431 600 539 ‘Pour
635 464 852 580 moj
877 510 913 553 3
957 427 1050 533 ie
1089 425 1360 533 tiens
1411 464 1614 580 que
1651 425 1884 581 plus
1925 431 2074 544 les

323 614 869 700 auantures
887 583 1143 743 font
1183 584 1735 698 naturelles
1769 627 1801 753 ,
1839 589 2073 753 plus

316 749 525 861 elles
548 746 991 862 donnent
1020 747 1147 859 de
1166 749 1831 910 fatisfattion
1866 805 1903 863 :
1926 788 2071 900 çcf

316 911 394 1021 le
416 953 682 1026 cours
732 910 1246 1026 ordinaire
1290 910 1440 1022 du
1486 911 1800 1029 Soleil
1812 1001 1848 1045 y
1908 959 2074 1028 me

287 1072 870 1242 fembleplus
892 1074 1546 1187 merueilleux
1582 1121 1616 1239 ,
1679 1117 1884 1239 que
1926 1075 2074 1190 les

311 1245 723 1396 efrange
727 1284 775 1350 s
809 1239 1211 1393 &fane
1217 1243 1311 1350 H
1319 1280 1417 1346 es
1465 1282 1837 1399 rayons
1885 1241 2067 1354 des

313 1405 825 1516 Cornettes.
917 1401 1181 1559 C'efi
1211 1437 1405 1560 par
1443 1432 1697 1513 cette
1719 1407 1879 1515 rai
1865 1407 2049 1560 for

306 1603 572 1678 encor
606 1606 802 1726 que
820 1570 900 1676 ie
932 1565 1162 1721 riay
1180 1570 1462 1722 point
1484 1575 1794 1679 causé
1832 1595 2086 1684 tanï

302 1725 414 1833 de
472 1722 1056 1888 naufrages
1100 1815 1134 1857 3
1196 1769 1572 1840 comme
1596 1725 1676 1841 il
1692 1771 1784 1887 y
1832 1769 1958 1845 en
1998 1770 2070 1842 a

297 1885 545 1999 dans
569 1888 1045 2052 quelques
1083 1898 1486 2004 anciens
1539 1900 2017 2008 Romans
2019 1982 2043 2004 .

301 2077 431 2193 çf
455 2054 1579 2213 aparlerferieufement
1583 2142 1617 2187 3
1623 2057 1769 2167 du
1789 2063 2067 2170 Bar-

298 2241 449 2323 tas
458 2222 909 2374 pourroit
930 2217 1143 2327 dire
1164 2215 1283 2326 de
1300 2260 1455 2334 ces
1488 2236 1715 2330 Aut
1716 2215 2021 2334 heurs
2016 2306 2058 2348 3

898 2389 1088 2479 Eux
1116 2377 1226 2479 de
1276 2392 1438 2526 qui
1460 2378 1544 2480 la
1568 2379 1950 2525 parole,

436 2535 682 2624 Serre
734 2540 822 2626 &
862 2521 1280 2628 lafchela
1332 2528 1594 2630 bride
1640 2565 1832 2631 aux
1875 2565 2062 2671 po¬

539 2668 903 2774 rtillons
929 2671 1277 2774 d’Eole.

305 2815 465 2919 On
487 2813 785 2932 diroit
813 2865 1005 2981 que
1031 2857 1133 2931 ce
1139 2821 1433 2932 Dieu
1457 2816 1693 2933 leur
1705 2861 1775 2931 a
1803 2813 2067 2929 don¬

296 2975 429 3081 né
468 2971 599 3088 les
664 3022 922 3099 wens
976 2985 1518 3139 enfermez^
1568 2984 1839 3097 dans
1892 3020 2067 3090 vn

302 3137 614 3248 Outre
634 3230 668 3270 y
688 3186 950 3259 come
976 3145 1090 3263 ils
1116 3145 1250 3264 les
1278 3146 1622 3258 donna
1646 3143 1720 3259 à
1766 3141 2056 3300 VhJ-

263 3293 386 3447 fe
397 3387 434 3427 3
477 3331 700 3416 tant
721 3306 842 3424 Us
853 3308 988 3427 les
1013 3311 1608 3431 déchaînent
1645 3309 1716 3421 à
1759 3330 2058 3467 point
