2479 3508
808 89 1630 196 PREFACE.

367 237 758 357 Throne
781 277 813 377 ,
865 263 998 380 çf
1039 230 1290 337 dans
1331 227 1414 336 le
1451 232 1910 343 cercueil:
1941 267 2080 383 çf

370 401 539 555 qui
554 432 737 554 far
754 421 995 503 cette
1039 385 1531 543 confufion
1564 427 1759 549 peu
1813 398 2081 509 iudi-

368 552 690 710 cieufe,
720 545 1402 697 embarrafent
1420 550 1686 707 celuj
1716 592 1888 704 qui
1934 598 2078 661 co~

341 709 643 861 jîdere
663 708 879 817 leur
919 719 1385 857 Ouurage
1413 714 1791 817 :Adais
1833 752 2085 821 auec

372 905 561 978 njm
622 864 977 1019 adreffe
1072 863 1779 1022 incomparable
1826 908 1858 994 ,
1948 873 2079 977 ils

373 1053 534 1133 ont
573 1020 1112 1133 commencé
1141 1025 1354 1132 leur
1373 1022 1746 1179 hifotre
1761 1059 1954 1178 par
1992 1021 2082 1133 le

371 1177 687 1291 milieu
715 1225 743 1309 ,
789 1175 993 1332 afin
1037 1182 1157 1286 de
1211 1175 1581 1293 donner
1617 1189 1739 1291 de
1773 1180 1873 1290 la
1889 1186 2083 1339 fu-

346 1337 912 1493 fpenfionau
958 1338 1372 1466 Letteur
1394 1424 1424 1466 3
1446 1338 1614 1451 dés
1662 1339 2086 1450 louuer-

375 1525 580 1602 ture
601 1498 736 1601 du
757 1495 1008 1603 liure
1031 1542 1064 1602 :
1091 1524 1226 1639 çf
1237 1529 1492 1653 pour
1533 1499 2090 1650 s'enfermer

368 1651 541 1757 das
560 1652 727 1760 des
748 1647 1083 1761 bornes
1112 1650 1693 1803 raifonables
1702 1735 1737 1777 3
1762 1652 1881 1764 ils
1910 1683 2085 1766 ont

357 1811 562 1959 fait
592 1812 1002 1966 (çtfmoj
1026 1846 1304 1969 apres
1330 1851 1524 1918 eux
1560 1821 1598 1967 )
1643 1855 1840 1967 que
1864 1812 2034 1923 ïloi
2032 1879 2082 1897 -

343 1965 635 2113 foire
691 2005 807 2073 ne
837 1967 1081 2075 dure
1115 2010 1495 2125 qu<vne
1525 1965 1845 2080 année
1875 2012 1905 2110 ,
1945 1997 2087 2113 çtf

378 2161 569 2275 que
608 2120 693 2228 le
728 2125 951 2279 refe
982 2130 1305 2283 efipar
1330 2159 1785 2239 narratio
1796 2212 1824 2252 3
1834 2127 2107 2279 ainfi

383 2305 692 2385 toutes
717 2277 848 2387 les
867 2277 1178 2432 chofes
1179 2287 1304 2439 fe
1337 2315 1812 2396 trouuant
1835 2294 2090 2441 inge-

379 2435 957 2582 nieufement
974 2434 1345 2592 placées
1373 2486 1399 2584 ,
1429 2447 1565 2584 çsf
1589 2447 1905 2554 d’<vne
1931 2486 2091 2552 iu-

354 2593 1006 2738 jlegrandeur
1010 2642 1022 2708 •
1054 2606 1124 2708 il
1150 2639 1268 2707 en
1308 2600 1662 2754 refuite
1690 2598 2090 2712 indubi¬

379 2741 894 2859 tablement
913 2753 1050 2860 du
1085 2753 1469 2913 plaifir,
1509 2794 1777 2915 pour
1815 2760 2089 2913 celuj

388 2941 555 3051 qui
596 2902 733 3013 les
774 2918 1171 3062 regarde
1220 2999 1253 3041 ,
1304 2941 1439 3058 &
1480 2920 1601 3023 de
1644 2915 1743 3025 la
1766 2914 2091 3070 gloire

378 3063 884 3221 pourceluy
915 3078 1084 3222 qui
1124 3068 1260 3181 les
1286 3121 1348 3182 a
1365 3074 1734 3224 faites,
1762 3080 2090 3185 Aïais

385 3242 647 3326 entre
685 3248 991 3334 toutes
1045 3230 1177 3340 les
1231 3228 1527 3382 réglés
1569 3230 1823 3387 quil
1825 3234 2093 3386 faut
