2479 3508
587 215 659 306 6
933 204 1054 307 L
1061 205 1439 313 Illustre
1509 212 1797 350 BaJJa

584 386 824 486 apres
882 391 1294 492 ceux-cy,
1330 355 1378 453 à
1418 357 1494 454 la
1534 363 1744 457 telle
1786 364 1890 459 de
1928 367 2038 464 fix

583 484 825 583 mille
857 489 967 584 de
1015 492 1133 587 Tes
1155 530 1759 630 compagnons
1783 548 1803 616 ;
1849 539 2041 600 cou¬

584 657 732 718 ver
744 658 776 719 c
812 629 1068 726 d’vne
1132 628 1412 726 robbe
1454 636 1562 726 de
1626 637 1832 770 drap
1874 641 2040 735 d’or

583 759 827 873 frizé,
839 799 1013 863 vne
1033 765 1435 901 enseigne
1459 770 1567 860 de
1590 779 2039 905 pierreries,

588 913 682 996 tk
708 936 878 998 vne
900 909 1154 998 malle
1174 904 1570 998 d’Heron
1600 903 1648 1001 à
1672 905 1824 1002 fon
1848 919 2042 1010 Tur¬

585 1031 789 1145 ban,
797 1073 1003 1132 auec
1031 1073 1155 1137 vn
1179 1040 1491 1136 ballon
1537 1044 1645 1135 de
1669 1037 1743 1136 la
1767 1047 2045 1146 Chine

584 1167 636 1265 à
660 1166 734 1266 la
756 1188 1038 1294 main,
1099 1186 1254 1311 qui
1294 1171 1516 1271 eftla
1556 1212 1910 1318 marque
1950 1187 2044 1282 de

581 1305 667 1402 fa
707 1306 1025 1446 charge
1065 1353 1085 1403 :
1115 1344 1361 1405 route
1421 1344 1649 1410 cette
1691 1347 2041 1455 trouppe

582 1445 838 1540 eftoit
860 1444 1234 1542 habillée
1254 1450 1362 1543 de
1386 1480 1614 1545 cette
1636 1451 1926 1588 efpece
1946 1459 2042 1554 de

575 1578 829 1701 robe,
850 1578 1095 1720 qu’ils
1115 1579 1547 1720 appellent
1597 1588 2041 1714 Doliman,

576 1753 786 1812 auec
814 1715 892 1811 le
928 1726 1416 1817 Cimeterre
1464 1762 1570 1820 au
1610 1724 1840 1826 collé
1867 1743 1950 1827 &
1971 1725 2036 1824 le

577 1855 1049 1993 moufquet
1077 1855 1207 1952 fur
1249 1854 1655 1996 l’elpaule.
1723 1858 1897 1958 Elle
1914 1865 2039 1962 fut

571 1991 848 2089 fuiuie
869 1995 978 2090 de
1003 2003 1474 2132 cinquante
1521 2000 2038 2126 Tambours,

578 2143 675 2224 &
704 2130 813 2224 de
854 2140 1327 2269 cinquante
1346 2136 1669 2257 Fiffres,
1694 2135 2035 2234 habillés

573 2267 690 2360 de
739 2276 1042 2404 juppes
1105 2303 1504 2396 courtes,
1559 2278 1668 2371 de
1725 2272 2038 2370 taffetas

576 2397 841 2501 blanc
864 2444 971 2502 en
990 2404 1391 2505 broderie
1420 2413 1529 2506 de
1554 2412 1797 2508 fleurs
1816 2443 2043 2508 natu¬

577 2536 818 2637 relles
841 2544 1302 2642 rehauffées
1325 2551 1776 2687 d’orrapres
1799 2586 2042 2645 ceux-

576 2713 718 2810 cy,
744 2714 949 2778 cent
986 2677 1373 2783 Efclaues
1414 2700 1649 2786 noirs
1688 2724 1887 2784 auec
1906 2689 2039 2781 des

577 2812 890 2915 coliers
937 2822 1326 2962 d’argent
1349 2841 1442 2928 &
1479 2830 1624 2925 des
1645 2857 2046 2965 carquans
