2479 3508
631 215 952 328 Liure
1058 225 1535 378 premier.
1806 276 1915 349 u

354 373 521 478 loit
542 373 619 476 le
638 371 956 479 cheual
978 378 1097 479 du
1128 419 1425 527 corps,
1446 422 1571 486 ou
1594 382 1677 488 le
1698 387 1913 494 che-

356 520 498 623 ual
534 525 641 624 de
688 519 1108 657 bataille,
1156 541 1411 631 auoit
1460 527 1543 630 le
1586 542 1911 641 mords

362 671 469 769 de
494 665 743 771 bride
774 689 863 776 &
896 666 1011 773 les
1038 675 1419 780 eftrieux
1448 679 1641 781 d’or
1662 680 1913 786 maf-

356 810 486 929 fif,
514 849 709 916 tous
734 855 1157 921 couuerts
1186 825 1301 924 de
1323 826 1911 967 pierreries,la

354 956 547 1064 Telle
578 996 833 1064 toute
856 961 1255 1071 blanche
1280 972 1395 1071 de
1409 970 1754 1117 perles,
1806 992 1907 1083 &

354 1141 607 1210 route
634 1105 1055 1215 brillante
1098 1117 1215 1214 de
1258 1120 1723 1223 diamants
1750 1181 1768 1199 •
1822 1120 1907 1227 la

354 1258 851 1361 Rondache
910 1263 1037 1362 du
1088 1255 1407 1366 Sultan
1451 1271 1820 1411 pendue
1856 1266 1909 1373 à

350 1391 698 1535 larçon,
768 1443 988 1510 auec
1046 1409 1200 1511 des
1247 1416 1646 1517 cordons
1671 1415 1902 1545 d’or,

344 1581 448 1644 au
513 1543 742 1650 bout
805 1552 1216 1700 defquels
1265 1556 1810 1665 traifnoient
1853 1560 1913 1665 à

347 1723 598 1820 terre,
621 1697 732 1796 de
755 1705 1090 1837 groffes
1115 1700 1462 1851 houpes
1487 1709 1600 1811 de
1625 1705 1912 1856 perles

353 1840 889 1944 Orientales.
935 1851 1076 1947 En
1121 1848 1344 1951 fuite
1371 1853 1490 1954 de
1515 1895 1658 1957 ces
1685 1861 1912 1966 ches»

343 2019 568 2084 uaux
595 1990 1172 2096 marchoient
1197 2034 1312 2099 en
1339 2038 1468 2103 vn
1495 2041 1783 2151 rang,
1827 2002 1912 2109 le

341 2125 818 2235 Tubenter
861 2140 1115 2286 Aga,
1181 2159 1274 2248 &
1337 2143 1420 2246 le
1489 2148 1912 2256 Chiodar

343 2275 595 2417 Aga,
650 2291 812 2424 qui
852 2298 1330 2429 portoient
1377 2288 1460 2393 le
1509 2297 1912 2405 Turban

351 2431 438 2522 &
463 2414 538 2519 le
561 2430 1000 2529 Manteau
1025 2432 1913 2577 Impérial.Derrière

349 2599 510 2663 eux
553 2566 960 2678 Ibrahim
1007 2581 1257 2683 BalTa
1294 2590 1590 2731 grand
1626 2592 1911 2721 Vifîr,

345 2710 796 2821 marchoit
819 2720 998 2821 feul
1021 2733 1352 2834 monté
1380 2732 1521 2836 fur
1548 2774 1677 2840 vn
1700 2744 1913 2839 Bar¬

349 2847 461 2954 be
499 2871 755 2981 noir,
798 2869 1033 2972 dont
1078 2869 1159 2974 le
1208 2877 1585 2985 harnois
1630 2884 1913 2987 eftoit

351 2997 463 3098 de
526 3003 877 3114 velours
940 3019 1053 3117 de
1098 3024 1451 3130 mefme
1496 3026 1908 3163 couleur,
