2479 3508
910 69 981 158 E
1020 68 1089 158 P
1140 72 1177 159 I
1218 73 1271 159 S
1320 69 1411 160 T
1462 76 1549 166 R
1586 77 1684 165 E.

447 199 1422 364 feigneurvoftre
1483 208 2108 354 Perc,ena

443 375 761 503 laifié
857 377 1069 508 des
1193 427 1733 556 marques
1853 398 1919 514 à
2010 399 2109 531 la

442 563 890 691 France
970 666 1000 716 ,
1093 573 1304 737 qui
1390 612 1542 692 ne
1622 561 2102 711 finiront

449 746 931 910 qu’auec
983 740 1205 871 elle
1263 797 1289 875 :
1353 760 1477 874 Le
1513 794 1651 875 ce
1715 749 2107 889 Grand

444 919 846 1050 Héros
880 927 943 1050 à
980 922 1188 1053 fait
1226 934 1554 1073 voir,
1610 975 1836 1103 que
1882 944 2108 1065 Cæ-

447 1099 615 1226 far
665 1154 741 1227 n
775 1103 1137 1236 eftoit
1191 1151 1395 1281 pas
1433 1106 1537 1234 le
1593 1110 1885 1268 seul,
1919 1129 2106 1289 qui

450 1279 905 1458 fçauoit
964 1286 1257 1419 bien
1328 1289 1587 1421 dire
1644 1297 1783 1426 &
1840 1292 2104 1429 bien

445 1461 753 1597 faire.
793 1467 1210 1600 Toute
1237 1471 1780 1647 l’Europe
1811 1516 2109 1603 tom¬

448 1649 601 1778 be
650 1648 1249 1797 d’accord,
1282 1660 1641 1828 qu’en
1696 1699 2109 1832 traçant

445 1828 782 1958 l’idée
814 1831 974 1960 du
1007 1832 1812 1965 PARFAIT
1845 1843 2104 1965 CA-

443 2010 1395 2170 PITAINE,
1465 2016 2107 2147 ilafaitfon

445 2205 954 2374 portrait
1036 2204 1278 2327 fans
1346 2250 1424 2370 y
1485 2207 1944 2375 penser:
1994 2217 2104 2331 Le

447 2378 897 2508 chacun
981 2386 1049 2504 à
1129 2428 1543 2510 connu
1629 2429 1785 2511 en
1861 2382 2109 2561 luy;,

446 2559 602 2687 les
634 2604 940 2690 rares
980 2563 1496 2732 qualitez
1548 2566 1823 2737 qu’il
1874 2564 2118 2695 def-

449 2752 673 2872 crit
761 2789 921 2871 en
1001 2748 1437 2880 l’autre.
1579 2749 1881 2905 Que
1965 2747 2114 2877 s’il

462 2922 989 3056 m’eftoit
1080 2938 1525 3107 permis
1622 2927 1775 3060 de
1856 2938 2121 3057 tirer

457 3116 1238 3247 entièrement
1293 3109 1410 3248 le
1451 3115 2116 3291 rideau,qui
