2479 3508
681 295 825 399 4-2
987 251 1483 405 UlUuflre
1533 259 1841 405 Bajfa

679 421 1083 505 Comme
1129 447 1245 505 en
1297 407 1581 527 effe£t,
1629 411 1693 503 il
1725 409 1857 505 fut
1885 417 2081 521 dans

681 545 765 643 la
797 545 1329 683 Mingrelie,
1351 583 1473 641 ou
1499 577 1765 675 ayant
1793 551 2081 657 acheté

679 721 805 781 vn
837 691 1211 783 vaisseau
1241 687 1343 777 de
1363 717 1707 817 guerre,
1741 683 1805 777 il
1841 689 2079 791 s’em¬

681 821 1029 959 barqua
1051 821 1191 915 fur
1215 819 1297 915 la
1319 825 1533 915 Mer
1579 829 1869 945 Major
1897 863 2079 929 auec

681 959 769 1055 fa
833 961 1229 1077 femme,
1305 965 1463 1091 qui
1511 991 1873 1051 comme
1935 963 2081 1065 elle

681 1097 945 1193 efloit
965 1093 1047 1189 la
1069 1093 1321 1189 caufe
1345 1097 1453 1189 de
1479 1091 1599 1187 fes
1625 1091 2077 1213 malheurs,

677 1269 797 1327 ne
821 1231 1141 1331 voulut
1169 1241 1433 1365 point
1459 1225 2083 1335 l’abandonner

679 1407 795 1467 en
819 1369 979 1465 fon
1005 1367 1207 1469 exil.
1245 1365 1357 1463 Ils
1383 1365 1685 1469 furent
1717 1371 2083 1509 quelque

681 1539 977 1645 temps
1005 1511 1115 1601 de
1141 1537 1381 1601 cette
1405 1507 1673 1615 forte,
1705 1507 1897 1603 fans
1925 1517 2081 1637 lça-

673 1655 877 1741 uoir
939 1641 1239 1783 quelle
1297 1641 1803 1739 refolution
1843 1683 2085 1781 pren¬

677 1787 853 1903 dre,
885 1797 975 1881 &
997 1783 1195 1877 fans
1241 1791 1497 1875 auoir
1537 1783 1875 1877 d’autre
1917 1785 2083 1881 def-

675 1919 869 2015 fein
893 1957 1005 2017 en
1041 1917 1123 2013 la
1149 1949 1407 2013 route
1437 1917 1699 2055 qu’ils
1729 1937 2087 2043 tenoiet,

677 2097 857 2195 que
881 2063 991 2153 de
1021 2057 1535 2191 s’elloigner
1577 2055 1789 2153 delà
1833 2057 2083 2169 Pelfe;

677 2195 765 2291 le
829 2197 1123 2331 grand
1169 2231 1413 2291 coeur
1455 2195 1561 2287 de
1615 2229 1845 2291 mon
1903 2233 2085 2327 pere

681 2371 803 2429 ne
843 2333 1001 2463 luy,
1043 2363 1607 2469 permettant
1671 2371 1825 2467 pas
1891 2331 2087 2427 d’al¬

681 2471 811 2565 ler
875 2469 1301 2567 chercher
1369 2465 1491 2563 les
1539 2479 1949 2565 ennemis
1995 2473 2087 2563 de

679 2613 823 2705 Ta
833 2609 945 2707 ch
955 2607 1171 2731 mis,
1205 2641 1433 2743 pour
1459 2605 1823 2705 obtenir
1865 2609 2087 2701 d’eux

679 2785 803 2843 vn
833 2743 1007 2843 lieu
1035 2751 1147 2843 de
1189 2753 1555 2841 retraite
1583 2791 1603 2841 :
1635 2783 1783 2843 car
1831 2775 2087 2839 encor

679 2883 899 3023 qu’il
927 2899 1053 2983 ait
1077 2881 1465 3025 quelque
1487 2879 1869 3005 cruauté,
1891 2879 1957 2987 il
1979 2881 2091 2985 ess
