2479 3508
618 270 760 371 1$
984 248 1502 405 UWuftre
1540 230 1866 400 Bajfa

623 414 862 558 phe.
972 417 1272 557 Apres
1337 445 1530 552 que
1613 436 1912 505 toutes
1983 446 2116 512 ces

622 569 1065 703 Troupes
1095 548 1533 656 liberales
1561 544 1883 649 furent
1928 555 2117 693 pas¬

621 707 850 820 sées,
877 737 1271 805 comme
1302 694 1385 796 la
1408 701 1845 836 Turquie
1894 699 2120 801 eftle

623 848 819 953 lieu
869 853 997 948 du
1060 846 1423 943 monde
1466 922 1493 965 ,
1548 876 1679 936 ou
1741 834 1811 937 il
1854 879 1909 976 y
1952 882 1999 941 a
2045 841 2119 945 le

621 991 837 1141 plus
869 984 1550 1098 deBafteleurs,
1583 978 1653 1081 il
1703 1020 1823 1083 en
1867 1021 2119 1119 parut

621 1139 836 1285 plus
865 1139 984 1238 de
1013 1137 1244 1234 deux
1271 1126 1595 1253 mille,
1653 1136 1826 1271 qui
1861 1123 2118 1232 firent

627 1322 754 1388 en
800 1282 890 1383 la
937 1280 1378 1424 prefence
1426 1276 1550 1374 du
1595 1275 1903 1413 grand
1950 1286 2120 1377 Sei¬

624 1464 965 1577 gneur,
988 1457 1206 1526 tout
1234 1462 1338 1524 ce
1366 1457 1556 1566 que
1602 1413 2120 1519 lafubtilité

628 1579 783 1676 des
810 1581 1162 1698 mains,
1200 1582 1297 1672 &
1344 1595 1559 1665 tout
1606 1600 1713 1659 ce
1768 1599 1949 1707 que
1990 1558 2121 1666 l'a-

627 1717 915 1823 drelTe
947 1715 1135 1821 &Ia
1153 1713 1420 1816 force
1447 1711 2120 1849 ducorps,peu-

630 1900 861 1970 uent
912 1856 1675 1967 naturellement
1737 1887 2121 1994 permet¬

631 2046 777 2114 tre
810 2049 985 2113 aux
1009 2007 1490 2111 hommes.
1543 1998 1770 2098 L’on
1799 1998 1956 2097 vid
1983 2036 2122 2139 pa-

635 2160 975 2259 roiftre
1045 2190 1171 2256 en
1238 2149 1475 2256 fuite
1535 2178 1723 2244 vne
1789 2145 2123 2283 grande

633 2299 1090 2404 machine
1155 2302 1326 2442 qui
1387 2287 2008 2437 reprefentpit
2054 2283 2124 2385 la

631 2446 864 2552 ville
916 2448 1034 2545 de
1082 2446 1476 2565 Tauris,
1546 2448 1640 2536 &
1714 2435 1953 2532 dont
2016 2430 2123 2530 les

631 2597 954 2698 Tours
1007 2590 1416 2694 eftoient
1461 2612 1952 2681 couuertes
1996 2580 2130 2677 des

636 2743 1113 2881 drapeaux
1150 2733 1309 2832 des
1354 2723 1696 2850 Perfcs,
1732 2761 1917 2870 que
1963 2719 2129 2821 l'on

636 2879 1327 2988 rcconnoilToit
1353 2871 1407 2974 à
1455 2868 1653 2972 leur
1681 2875 2127 2971 ancienne

637 3040 973 3176 Image
999 3028 1127 3130 du
1151 3016 1447 3130 Soleil
1472 3011 1739 3167 qu'ils
1768 3023 2129 3115 auoient
