2479 3508
896 172 1143 266 EPI
1204 170 1257 260 S
1308 162 1401 259 T
1454 166 1541 261 R
1594 171 1667 262 E

421 363 731 453 vous
788 308 1366 449 diuertir,
1398 310 1503 430 ie
1536 349 1693 439 ne
1732 294 2135 432 tombe

413 554 566 638 au
599 498 1128 632 malheur
1160 488 1308 620 de
1337 536 1642 622 vous
1674 485 2137 660 defplai-

415 741 542 824 re
629 735 656 817 :
751 697 868 818 ie
953 724 1266 809 vous
1358 672 1570 804 fais
1647 723 1814 806 vn
1875 714 2138 848 pré¬

417 883 682 1011 sent
767 869 850 1000 fi
929 912 1180 1046 peu
1279 862 1670 1032 digne
1739 861 1882 992 de
1939 903 2132 986 vo-

419 1057 665 1196 ftre
785 1038 2125 1193 GRANDEVR,

414 1297 657 1432 que
718 1231 1529 1372 mahardiefîe
1596 1286 1783 1366 me
1845 1234 2128 1365 don¬

414 1487 577 1572 ne
618 1435 773 1566 de
827 1425 939 1558 la
1000 1419 1707 1557 confusion:
1772 1436 1897 1557 &
1956 1421 2127 1547 i’a-

416 1635 753 1755 uoüe
818 1661 1055 1795 que
1112 1621 1229 1747 ie
1290 1657 1445 1740 ne
1508 1604 1693 1743 fus
1736 1616 2119 1739 ïamais

410 1809 830 1941 liberal
883 1894 916 1952 ,
983 1846 1280 1935 auec
1313 1842 1564 1931 tant
1600 1797 1754 1932 de
1789 1841 2123 1970 répu¬

405 2045 902 2172 gnance.
952 1992 1274 2118 Mais
1326 1982 1420 2113 fi
1453 2032 1764 2116 vous
1801 2032 1932 2109 ne
1965 2027 2122 2111 re-

407 2195 901 2335 ceuiez,
943 2222 1190 2354 que
1221 2174 1396 2308 les
1429 2171 1796 2303 feules
1847 2171 2124 2297 cho¬

401 2374 577 2498 ies
616 2415 825 2548 qui
851 2374 956 2495 le
985 2368 1826 2492 trouueroient
1853 2398 2118 2529 pro¬

402 2556 1203 2726 portionnées
1235 2553 1303 2678 à
1334 2542 1747 2678 voftre
1782 2552 2102 2670 méri¬

402 2780 525 2872 té
585 2836 617 2890 ,
676 2785 1025 2874 toute
1081 2732 1197 2867 la
1228 2778 1549 2866 terre
1620 2776 1773 2857 ne
1828 2768 2115 2863 vous

402 2936 923 3108 içauroit
1004 2920 1295 3054 faire
1360 2962 1607 3095 que
1668 2914 1887 3048 des
1956 2902 2119 3039 of¬

390 3110 622 3245 fres
683 3115 1232 3253 inutiles,
1294 3114 1440 3247 &
1485 3149 1794 3236 vous
1831 3146 1912 3227 n
1948 3141 2115 3225 ac¬

385 3315 994 3485 cepteriez
1081 3302 1496 3433 iamais
1583 3303 1870 3429 rien,
2008 3286 2120 3413 le
