2479 3508
604 249 743 360 $2
942 228 1469 386 L’Illuftre
1518 238 1849 394 Bajfd

618 377 781 521 luy
816 384 1335 498 demander
1382 399 1931 537 permillion
1984 417 2109 560 d’y

618 529 1419 674 refpondre^mais
1452 537 1611 679 luy
1640 583 1923 683 ayant
1950 554 2107 664 fait

612 671 883 819 figne
911 676 1148 824 qu’il
1172 679 1253 782 le
1300 681 1902 821 fouhaitoit,
1948 703 2111 810 elle

608 817 705 918 fe
734 855 1083 926 tourna
1126 864 1331 931 vers
1390 828 1860 961 Soliman,
1908 883 2105 954 aucc

608 999 797 1068 vne
868 1006 1481 1076 contenance
1542 984 1959 1086 modefte
2026 1011 2105 1100 &

606 1116 955 1214 assurée
1028 1141 1245 1216 tout
1324 1119 1817 1228 enfemblc
1862 1211 1890 1255 ,
1957 1156 2103 1281 qui

608 1294 1179 1396 commença
1208 1263 1447 1368 défia
1476 1267 1593 1368 de
1636 1263 1797 1416 luy
1842 1271 2098 1383 obte¬

600 1412 759 1503 nir
802 1402 1349 1511 l’attention
1386 1426 1481 1515 &
1506 1410 1593 1515 la
1618 1411 2100 1527 bien-veil-

600 1541 1043 1677 îancc,de
1072 1588 1285 1657 tous
1322 1596 1553 1658 ceux
1583 1575 1753 1708 qui
1784 1564 1865 1665 la
1897 1605 2100 1710 pou-

596 1705 945 1797 uoient
1038 1701 1550 1808 entendre.
1706 1706 2095 1822 Alibcch

602 1840 849 1964 (c’eft
876 1843 1109 1948 ainfi
1135 1885 1323 1993 que
1348 1850 1887 1995 s'appelait
1918 1899 2092 1963 cet¬

592 2015 691 2082 te
714 1983 1117 2120 femme)
1152 1996 1435 2097 eftoit
1464 2005 1745 2099 ieunc
1790 2020 1883 2107 &
1912 1993 2092 2108 bel¬

592 2123 714 2255 le,
776 2146 869 2235 &
918 2134 1113 2236 l’on
1150 2142 1343 2243 euft
1391 2176 1517 2281 pu
1568 2147 1771 2245 dire
1797 2190 1976 2295 que
2012 2151 2088 2256 fa

588 2269 935 2380 beauté
986 2286 1183 2387 euft
1232 2286 1419 2388 cfté
1470 2289 1674 2392 (ans
1718 2333 2088 2441 compa¬

588 2432 721 2520 rai
734 2419 907 2525 fon
935 2510 964 2550 ,
1012 2429 1081 2532 fi
1126 2420 1302 2532 elle
1330 2440 1627 2539 n'euft
1645 2478 1808 2579 pas
1856 2483 1960 2543 eu
2010 2427 2082 2546 lé

586 2576 831 2668 teint
882 2605 1011 2676 vn
1061 2612 1242 2718 peu
1280 2575 1536 2680 halle
1604 2587 1728 2683 du
1777 2587 2074 2692 Soleil.

580 2706 784 2814 Elle
834 2729 1102 2822 auoit
1160 2723 1244 2826 la
1282 2732 1552 2828 mine
1578 2727 1864 2833 haute
1889 2733 2078 2839 fans

580 2858 814 2961 cftre
838 2859 1292 3009 fuperbe,
1326 2885 1419 2975 &
1444 2912 1630 2977 vne
1653 2888 2078 3028 ingénui¬

584 2998 685 3104 té
710 3005 862 3111 fur
886 3005 974 3116 le
1001 3016 1537 3175 vifage,qui
1559 3061 1684 3128 ne
1705 3065 2082 3175 permet-

1907 3187 2074 3281 toit
