2479 3508
942 227 1474 392 VÎÜufire
1494 227 1828 383 Bajfa

551 280 740 401 34
486 928 1239 1057 msrOIRS
1294 912 2091 1038 D'OSMAN,

749 1133 924 1211 ET
1010 1116 1329 1204 V'AB
1354 1120 1501 1197 1L
1534 1116 1859 1192 ECH.

596 1406 716 1681 I
728 1408 804 1507 E
829 1439 952 1506 ne
984 1405 1279 1504 doute
1309 1401 1597 1540 point
1626 1399 2092 1531 Seigneur,

733 1590 924 1695 que
973 1584 1070 1651 ta
1120 1536 1569 1650 Hautelfe
1617 1574 1741 1635 ne
1791 1568 2097 1635 trouve

592 1686 832 1799 bien
859 1696 1297 1837 eftrange
1358 1691 1559 1819 (dit
1593 1714 1847 1782 cette
1874 1677 2097 1781 fem¬

597 1874 796 1971 me,
844 1837 969 1939 les
1013 1877 1257 1980 yeux
1313 1869 1527 1938 tous
1581 1826 1959 1969 remplis
2004 1829 2099 1925 de

601 1980 972 2127 pleur»)
1023 2018 1311 2129 qucn
1361 1986 1891 2085 vniourou
1932 1969 1957 2069 J
1989 2007 2101 2070 on

607 2166 733 2232 ne
786 2134 1123 2232 deuoit
1177 2122 1687 2269 refpandre
1739 2158 1921 2264 que
1966 2120 2099 2217 des

606 2271 945 2379 larmes
980 2277 1394 2413 deioye,
1444 2279 1531 2370 ie
1557 2300 2101 2368 commence

607 2415 1743 2557 mondifcours,pardes
1792 2409 2103 2508 larmes

610 2572 733 2671 de
773 2570 1149 2671 triftelîc
1179 2609 1199 2665 :
1249 2572 1487 2662 mais
1542 2554 1627 2656 le
1680 2556 1811 2657 fui
1823 2587 1911 2653 et
1941 2591 2103 2697 que

608 2724 647 2817 i
681 2754 797 2815 en
841 2755 952 2853 ay
999 2714 1127 2815 eft
1198 2710 1265 2811 fi
1347 2710 1753 2849 preliant
1801 2785 1830 2827 ,
1897 2691 2103 2842 qu’il

615 2859 881 2963 m'efi
930 2847 1475 3001 impollible
1528 2854 1643 2951 de
1692 2846 1819 2946 les
1886 2876 2105 2944 rete¬

617 3014 807 3113 nir.
862 3013 1059 3112 Car
1094 3009 1590 3148 Seigneur,
1616 3029 1717 3095 tu
1743 3002 1941 3096 vois
1968 2988 2109 3087 de-
