2479 3508
524 295 685 418 3$
877 275 976 388 b
987 267 1396 420 ’ïüufire
1413 258 1742 412 Bajfa

531 439 955 579 deipend
999 433 1297 535 i’hcur
1349 441 1443 527 ôc
1497 421 1518 518 i
1556 419 2033 523 infortune

535 586 659 685 de
712 584 1029 683 noilre
1068 589 1277 697 vie,
1323 567 1395 670 il
1441 568 1646 666 faut
1712 604 1891 711 que
1953 579 2033 667 ie

541 727 1061 829 defcouure
1175 714 1309 816 les
1404 744 1843 813 cruautez
1935 715 2037 811 de

536 908 779 973 mon
806 909 1057 994 pere,
1088 879 1181 964 6e
1204 851 1753 1004 qu’Ofman
1780 893 2036 953 accu-

533 1019 631 1121 fe
653 1015 745 1117 le
769 1013 993 1117 lien.
1072 1019 1299 1150 luge
1338 1038 1603 1145 apres
1638 994 1829 1098 cela
1858 1009 2040 1101 Sei¬

540 1157 971 1305 gneur,!!
1020 1191 1217 1255 mes
1269 1147 1615 1247 larmes
1667 1143 1883 1243 font
1914 1153 2042 1241 iu-

542 1314 759 1431 iies,
790 1317 881 1406 &
906 1303 975 1404 fî
996 1327 1393 1440 aymant
1422 1332 1595 1395 nos
1628 1299 2041 1391 ennemis

546 1492 665 1555 au
686 1459 969 1593 point
994 1484 1179 1593 que
1208 1479 1449 1544 nous
1475 1435 1891 1559 faifohs,
1956 1473 2047 1533 ce

546 1596 783 1701 n’eft
834 1631 997 1735 pas
1058 1590 1295 1689 ellre
1350 1581 1755 1728 expolée
1820 1577 1871 1677 à
1932 1617 2049 1680 vn.

546 1737 989 1843 malheur
1012 1768 1373 1835 extrerr
1451 1816 1467 1838 ,
1526 1723 2047 1871 qued’eftre

552 1894 1099 1987 contrainte
1188 1881 1307 1978 de
1402 1872 1783 2017 publier
1876 1864 2049 1968 leur

554 2030 898 2155 honte,
926 2031 1043 2128 de
1070 2022 1199 2124 les
1226 2022 1737 2144 acculer,6e
1772 2015 1883 2114 de
1912 2019 2053 2114 de¬

553 2179 963 2281 mander
1030 2170 1365 2271 iuftice
1438 2184 2053 2265 contre-eux?

558 2317 977 2427 Ahbech
1030 2312 1119 2415 le
1160 2348 1497 2413 trouua
1572 2304 1759 2409 lors
1810 2299 2061 2401 telle¬

561 2499 833 2573 ment
877 2461 1361 2604 opprelTée
1442 2460 1563 2555 de
1646 2449 2058 2570 douleur,

565 2607 908 2755 qu’elle
994 2606 1143 2705 fut
1237 2599 1659 2748 quelque
1779 2627 2065 2731 temps

562 2762 774 2863 fans
821 2759 1224 2898 pouuoir
1257 2745 1564 2891 parler
1593 2788 1614 2845 :
1649 2751 1877 2842 mais
1910 2751 2065 2840 So¬

564 2907 874 3009 liman
925 2930 1214 3035 ayant
1266 2893 1490 2994 loue
1559 2927 1676 2989 en
1725 2882 1904 2985 elle
1947 2918 2062 2986 vn

564 3050 642 3161 il
666 3051 900 3162 beau
924 3043 1478 3157 sentiment,
1495 3055 1586 3141 6^
1616 3034 1770 3139 luv
1801 3056 2068 3155 ayant
