2479 3508
955 101 1028 192 E
1069 98 1130 186 P
1177 99 1210 187 I
1255 94 1306 184 S
1359 90 1450 185 T
1499 98 1584 189 R
1635 95 1730 188 E.

487 231 664 367 cft
695 275 834 359 au
865 226 1232 359 deffus
1263 225 1412 354 de
1441 273 1684 356 mes
1745 218 2134 366 forces.

487 416 688 549 Or
741 404 2141 543 MADEMOISELLE

479 596 759 729 files
817 596 1229 723 Héros
1263 589 1412 716 de
1444 583 1842 716 voftre
1905 587 2138 721 Ra¬

480 828 619 910 ce
676 871 709 925 ,
768 815 991 908 ont
1031 768 1803 902 fauorisénos
1863 766 2138 899 Mu¬

481 973 647 1091 les
680 1053 711 1107 ,
759 962 931 1091 les
999 956 1443 1081 Dames
1505 948 1657 1078 de
1748 945 2137 1083 voftre

477 1141 961 1271 Maifon
976 1229 1007 1282 ?
1028 1179 1183 1263 ne
1211 1132 1381 1262 les
1412 1172 1629 1257 ont
1658 1176 1857 1302 pas
1896 1136 2139 1261 mef*

474 1332 921 1513 prisées
978 1328 1161 1451 :5c
1210 1356 1561 1443 toute
1595 1308 1707 1436 la
1733 1313 2061 1437 Cour
2088 1368 2139 1441 a

478 1555 773 1658 veu,
838 1546 1067 1629 vne
1102 1493 1549 1628 iliuftrc
1578 1493 2141 1669 personne

482 1694 639 1823 de
670 1682 1079 1814 voftre
1116 1672 2141 1848 nom,dilputers’iI

482 1875 727 2001 faut
766 1863 1043 1994 ainsi
1100 1857 1412 2013 dire,
1454 1857 1745 1986 delà
1788 1851 2141 2022 gloire

482 2054 627 2183 de
654 2053 763 2177 la
796 2051 1033 2176 Poe
1058 2042 1269 2185 fie,
1304 2085 1587 2168 auec
1620 2082 1919 2165 ceux
1950 2042 2141 2204 qui

489 2244 725 2369 s’en
786 2225 1297 2358 difoient
1352 2225 1513 2351 les
1560 2211 2159 2348 Maiftres.,

482 2420 800 2545 Mais
890 2411 1052 2537 M
1114 2407 1236 2534 A
1290 2402 1421 2526 D
1478 2401 1583 2528 E
1644 2398 1791 2524 M
1854 2394 1989 2525 O
2044 2395 2147 2517 1-

496 2597 1068 2737 SELLE,
1093 2628 1754 2770 pourquoy
1784 2572 2143 2704 faut-il

485 2825 712 2957 que
738 2771 1072 2901 i’aille
1101 2765 1644 2900 chercher
1660 2761 1864 2891 des
1897 2801 2149 2885 exe-

477 2966 722 3139 pies
783 3000 936 3088 en
989 2948 1396 3085 voftre
1460 2941 1892 3072 illustre
1948 2931 2141 3056 fa¬

483 3141 860 3291 mille,
907 3141 1042 3270 &
1097 3134 1476 3308 parmi
1508 3123 1660 3247 les
1690 3121 2148 3249 fameux
