2479 3508
669 234 1016 367 Lîure
1053 263 1530 413 premier
1535 295 1556 394 .
1779 298 1930 397 sj

394 441 614 513 liant
662 440 800 513 tes
869 453 1108 553 yeux
1171 435 1202 542 (
1252 418 1396 517 dit
1546 412 1724 515 elle
1804 461 1932 523 en

398 562 935 662 monftrant
986 557 1437 686 Ofman)
1498 557 1623 662 les
1674 565 1929 669 deux

394 704 593 850 plus
651 699 1347 813 malheureufes
1388 709 1923 852 perfonnes

391 860 550 994 qui
577 849 896 954 furent
921 863 1582 963 iamais.Nous
1611 898 1924 963 auons

389 1001 544 1097 des
623 1011 1058 1102 ennemis
1109 1081 1138 1131 ,
1217 1044 1410 1152 que
1481 1043 1732 1107 nous
1789 1046 1922 1111 ne

383 1181 816 1286 pouuons
866 1164 959 1251 &
1011 1188 1202 1294 que
1254 1190 1500 1255 nous
1558 1189 1682 1253 ne
1736 1155 1900 1256 de¬

380 1327 617 1391 vons
642 1305 919 1436 point
946 1292 1251 1421 haïr;à
1276 1310 1441 1447 qui
1470 1336 1717 1399 nous
1746 1303 1899 1405 de¬

383 1470 617 1539 vons
667 1444 795 1543 du
845 1445 1261 1588 refpeâ;
1341 1445 1392 1550 à
1438 1456 1610 1591 qui
1663 1484 1911 1553 nous

377 1587 736 1688 devons
769 1591 884 1692 de
917 1587 1534 1694 l’obeiifance
1561 1645 1586 1716 ;
1619 1588 1672 1693 à
1715 1615 1898 1744 qui

370 1765 608 1833 nous
698 1736 1064 1840 devons
1132 1743 1244 1840 dé
1324 1736 1898 1851 l’afFe&ion:

374 1877 531 1976 des
570 1897 1005 1986 ennemis
1032 1883 1334 2015 dif-ie,
1376 1885 1427 1990 à
1454 1900 1623 2035 qui
1660 1928 1907 1995 nous

371 2023 723 2129 devons
755 2025 839 2130 la
866 2043 1157 2156 vie;&
1184 2073 1429 2178 pour
1448 2046 1621 2183 qui
1652 2076 1899 2143 nous

363 2155 450 2266 la
479 2176 978 2311 perdrions
1013 2220 1306 2284 encor
1349 2224 1586 2288 avec
1641 2194 1903 2330 ioye,

361 2311 431 2415 fi
507 2312 1012 2428 l’occafion
1077 2331 1270 2432 s'ett
1335 2329 1890 2476 prefèntoît»

368 2464 613 2565 C’eft
639 2506 1098 2608 pourtant
1128 2486 1612 2623 Seigneur,
1646 2522 1894 2586 con¬

368 2635 501 2706 tre
536 2615 649 2712 de
698 2612 767 2717 fi
796 2614 1109 2723 cheres
1142 2623 1665 2770 perfonnes
1700 2667 1899 2778 que

367 2759 453 2851 ie
479 2756 681 2860 dois
710 2762 1013 2905 parler
1045 2757 1725 2919 aïnourd’huy:
1791 2792 1895 2883 6c

365 2935 602 3037 pour
677 2909 1066 3020 obtenir
1135 2915 1228 3022 la
1289 2930 1624 3028 iuftice
1701 2963 1894 3072 que

368 3079 602 3153 nous
650 3090 744 3161 te
792 3063 1456 3200 demandons,
1511 3087 1606 3176 &
1657 3077 1900 3181 d'on

1356 3211 1617 3360 C ij
