2479 3508
661 200 992 314 Lime
1012 206 1496 370 premier-
1755 251 1892 348 2$

377 351 646 503 qu’ils
693 357 994 461 fillent
1039 404 1338 467 encor
1389 373 1628 466 trois
1679 367 1888 473 sor¬

381 517 552 607 ties
583 505 720 605 fur
745 501 930 647 Iuy,
955 502 1025 608 il
1061 505 1188 611 les
1217 517 1634 655 rcppufla
1663 547 1886 619 tou¬

388 687 518 757 tes
554 649 676 752 les
706 665 930 754 trois
964 652 1194 787 fois,
1222 669 1590 808 iniques
1640 664 1884 767 dans

382 795 509 900 les
566 799 962 904 mefmes
1031 843 1382 948 portes.
1458 814 1733 911 Tout
1790 810 1886 914 le

374 948 725 1049 monde
752 945 897 1054 fut
926 947 1269 1096 furpris
1300 956 1415 1057 de
1442 960 1886 1064 cettead-

372 1125 792 1224 uanture,
828 1110 919 1199 &
966 1100 1407 1208 Soliman
1452 1144 1579 1207 ne
1625 1143 1882 1251 poll¬

372 1273 599 1341 uant
644 1284 703 1379 y
750 1256 955 1346 rien
982 1256 1660 1396 comprendre,
1718 1256 1887 1356 de¬

374 1390 719 1488 manda
746 1430 865 1491 au
894 1396 1137 1500 Bafl'a
1188 1405 1305 1500 de
1348 1397 1435 1502 la
1484 1409 1742 1530 Mer,
1770 1442 1887 1506 ce

368 1570 547 1677 que
570 1533 771 1638 cela
796 1536 1179 1646 vouloir
1206 1547 1447 1652 dire?
1512 1553 1767 1650 Mais
1798 1545 1887 1652 le

363 1684 611 1783 Bafla
639 1682 727 1783 fe
759 1693 1109 1793 iettant
1143 1732 1319 1799 aux
1348 1697 1615 1840 pieds
1642 1694 1759 1798 de
1792 1694 1887 1800 fa

367 1830 853 1961 Hautefle,
911 1831 1313 1944 laflcura
1368 1881 1561 1990 que
1639 1878 1885 1948 cette

363 1979 686 2077 action
733 1984 1278 2092 criminelle
1343 2029 1465 2094 ne
1537 2005 1884 2096 venoit

359 2128 640 2259 point
671 2126 786 2226 de
811 2124 940 2230 fes
969 2136 1290 2238 ordres
1315 2178 1340 2249 ;
1391 2151 1486 2239 &
1532 2136 1888 2284 quelle

359 2278 1356 2426 neprocedoitqucde
1401 2281 1888 2389 I’infolen-

367 2449 470 2510 ce
521 2416 636 2515 de
687 2415 860 2525 son
913 2426 1321 2537 Efclauc.
1415 2433 1702 2535 Alors
1749 2474 1888 2539 vu

366 2591 986 2674 mouuemenc
1039 2577 1152 2678 de
1201 2573 1552 2702 colère,
1599 2585 1888 2685 s’em¬

363 2739 694 2845 parant
770 2718 884 2817 de
952 2716 1300 2869 l’efprit
1367 2731 1496 2830 du
1569 2731 1887 2875 grand

368 2860 858 2997 Seigneur,
918 2862 991 2966 il
1052 2881 1642 2979 commanda
1687 2915 1880 3022 que

368 2995 1571 3167 cétEfclaucfuftempalîé
1616 3023 1876 3130 furie
