2479 3508
719 215 1030 327 Liure
1099 205 1616 321 ^Premier.
1913 244 1996 343 j

438 379 675 487 baies
697 464 724 508 j
773 376 1067 482 vertus
1096 372 1211 471 de
1237 362 1657 512 cafaques
1684 365 1799 463 de
1828 364 1991 463 da¬

428 570 619 633 mas
646 530 841 629 d’or
876 560 991 623 en
1036 517 1517 637 broderie,
1558 541 1994 653 parurent

429 671 544 775 les
617 676 1048 819 premiers
1115 666 1340 765 dans
1401 654 1486 758 la
1547 652 1806 799 place
1873 657 1990 756 de

426 821 1100 973 l’Hipodrome,
1156 825 1251 912 &
1278 803 1549 911 firent
1575 799 1989 902 efclatter

424 1006 579 1111 par
640 997 903 1067 toute
960 956 1043 1058 la
1090 951 1379 1080 ville,
1444 945 1993 1052 l’harmonie

429 1124 914 1259 guerriere,
959 1107 1076 1204 de
1125 1096 1354 1202 leurs
1381 1099 1990 1200 inftruments

430 1262 859 1403 d’argent.
946 1246 1059 1352 Ils
1122 1244 1435 1349 furent
1508 1238 1781 1343 fuiuis
1874 1241 1987 1340 de

432 1406 659 1505 deux
736 1392 987 1510 mille
1060 1395 1455 1497 Archers
1522 1384 1575 1491 à
1638 1383 1991 1515 chenal,

425 1588 636 1651 auec
701 1552 860 1648 des
905 1545 1198 1647 vertes
1265 1545 1380 1641 de
1425 1535 1660 1637 fatin
1689 1547 1992 1637 incar-

421 1724 1083 1812 nat,couuertes
1108 1690 1221 1789 de
1245 1684 1743 1831 paffement
1766 1682 1994 1807 d’or,

426 1839 659 1943 l’Arc
684 1835 1089 1941 d’Ebene
1130 1830 1183 1935 à
1206 1828 1285 1934 la
1312 1839 1567 1933 main
1592 1825 1993 1974 gauche,

429 2000 524 2091 &
565 1979 646 2083 le
693 1993 1106 2129 carquois
1135 1982 1540 2120 d’yuoire
1579 1977 1826 2120 pédu
1871 2013 1990 2075 en

423 2130 871 2272 efcharpe.
901 2140 1435 2273 Cinquante
1476 2133 1839 2259 joueurs
1866 2123 1987 2224 de

418 2274 1065 2402 Hautsbois,&
1090 2284 1589 2415 cinquante
1620 2280 1989 2404 joueurs

421 2425 532 2524 de
591 2416 1066 2525 Cimbales
1108 2502 1138 2549 ,
1219 2413 1652 2521 fuiuirent
1737 2449 1984 2514 cette

421 2580 857 2707 première
925 2602 1374 2710 trouppe,
1429 2566 1727 2669 vertus
1782 2558 1833 2661 à
1896 2553 1981 2659 la

428 2720 839 2861 Grecque
874 2716 989 2815 de
1010 2710 1363 2816 velours
1392 2707 1601 2812 bleu
1628 2747 1741 2810 en
1760 2702 1984 2807 bro¬

419 2861 658 2960 derie
699 2862 1134 3007 d’argent.
1197 2851 1982 3004 L’AgadesIanif-

416 2997 669 3108 faires
771 3005 1233 3114 marchoit
1351 2999 1537 3109 feul
1630 2997 1683 3100 à
1759 2999 1984 3147 pied

1450 3155 1533 3256 A
1606 3155 1703 3286 iij
