2479 3508
568 270 719 375 ijf
960 226 1495 378 L’illuflre
1566 233 1873 392 Bajfa

570 419 772 490 rent
800 385 1154 490 debout
1186 397 1336 491 des
1362 392 1596 489 deux
1626 398 1976 526 collez,
2022 419 2106 511 &

571 532 653 636 le
715 531 897 635 seul
967 534 1379 636 Ibrahim
1467 532 1611 634 fut
1695 536 1885 640 alïis
1953 584 2109 653 aux

570 681 827 822 pieds
916 681 1031 780 de
1054 674 1143 780 fa
1208 678 1708 805 Hauteffe,
1798 682 1933 782 fur
1994 729 2111 793 vn

571 862 1002 968 quarreau
1034 826 1144 925 de
1170 819 1390 922 toile
1412 824 2112 967 d’argent.Com¬

571 1006 727 1068 me
781 965 1131 1069 chacun
1177 1001 1327 1067 eut
1351 976 1531 1110 pris
1575 975 1659 1067 la
1707 966 2003 1112 place,
2041 977 2111 1079 le

572 1111 816 1215 Balfa
840 1113 956 1211 de
976 1110 1056 1212 la
1084 1120 1303 1213 Mer
1322 1124 1485 1256 qui
1508 1152 1611 1211 ce
1640 1121 1839 1214 iour
1866 1112 1947 1218 là
1964 1118 2110 1223 fai-

572 1256 748 1359 jfoit
770 1251 852 1355 la
890 1254 1218 1403 charge
1240 1259 1354 1355 de
1388 1259 1774 1364 Maiftrç
1804 1262 1956 1360 des
1982 1305 2104 1365 ce¬

571 1409 1061 1530 remonies,
1093 1403 1485 1502 aduertit
1515 1396 1637 1501 les
1659 1406 2111 1511 Ambafla-

578 1550 888 1675 deurs,
934 1543 1194 1692 qu’ils
1220 1556 1728 1691 pouuoient
1776 1544 1980 1651 aller
2016 1593 2110 1657 au

567 1691 1166 1819 Zaife-main,
1223 1709 1316 1795 &
1344 1690 1602 1792 offrir
1658 1687 1878 1794 leurs
1941 1736 2108 1837 pré¬

575 1836 813 1937 sents
873 1876 983 1936 au
1033 1839 1851 1979 Grand-Seigneur.
1917 1838 2019 1943 Ils
2059 1885 2111 1983 y

572 1974 880 2081 furent
948 2014 1204 2097 tous,
1260 1981 1637 2124 excepté
1700 1982 1952 2128 celuy
2008 1991 2106 2087 de

579 2132 940 2246 France,
965 2136 1126 2270 qui
1173 2165 1332 2269 par
1357 2166 1484 2228 vn
1505 2125 1942 2276 pririlege
1963 2143 2106 2273 qui

571 2270 793 2373 n’eft
867 2271 1251 2373 accordé
1297 2270 1503 2416 qu'à
1545 2268 1693 2413 luy
1739 2271 1975 2402 feul,
2015 2273 2107 2375 fit

572 2410 694 2512 les
716 2417 942 2515 liens
980 2458 1096 2516 en
1148 2416 1696 2561 particulier:
1724 2429 1868 2520 De
1908 2458 2106 2564 peur

575 2596 758 2702 que
803 2594 1050 2660 cette
1091 2573 1340 2665 aâio
1369 2557 2106 2709 publique,n'eull

577 2701 973 2849 quelque
1069 2718 1375 2853 image
1465 2712 1577 2808 de
1647 2711 2097 2810 feruitude.

572 2849 878 2949 Aulïi-
926 2854 1110 2956 toft
1178 2848 1434 2997 qu’ils
1484 2888 1794 2957 eurent
1856 2867 2106 2999 repris

577 2988 762 3095 leur
801 3033 1079 3144 rang,
1123 2995 1616 3142 leMuphti
1655 2995 2106 3145 parutafiis
