2479 3508
871 129 1717 239 PREFACE.

407 269 849 423 ohferuer
869 365 903 409 3
925 275 1173 387 enla
1211 271 1821 435 compoption
1849 271 1971 383 de
2013 323 2141 399 ces

411 443 937 597 Ouurages
967 481 995 571 ,
1035 429 1245 549 celle
1279 429 1401 539 de
1423 427 1523 537 U
1571 437 1815 541 vrai
1853 501 1883 519 •
1883 435 2125 587 fem*

409 589 463 701 b
467 591 789 733 lance,
829 601 1205 753 efifans
1251 595 1547 703 doute
1593 587 1691 697 la
1725 587 1947 743 plus
1995 639 2101 707 ne
2105 675 2141 693 -

413 755 821 899 cefiaire.
917 757 1133 863 Elle
1155 751 1291 899 eft
1331 793 1693 859 comme
1721 747 1819 855 la
1845 757 2141 907 pierre

385 915 1165 1069 fondamentale
1187 915 1305 1021 de
1333 949 1427 1017 ce
1449 907 1999 1065 bafiiment-,
2023 951 2139 1059 çef

413 1115 515 1183 ce
557 1119 705 1185 ne
695 1089 799 1221 fi
841 1115 1037 1233 que
1059 1077 1257 1225 fur
1321 1065 1493 1175 elle
1549 1065 1803 1227 quil
1867 1073 2137 1221 pubfi-

391 1243 573 1393 fie.
627 1249 895 1349 Sans
925 1233 1093 1343 elle
1153 1239 1371 1345 rien
1435 1267 1557 1337 ne
1637 1257 1881 1383 peut
1941 1261 2093 1341 tou
2097 1301 2135 1323 -

413 1391 637 1503 cher
683 1403 699 1553 •
733 1403 993 1553 fans
1043 1391 1217 1501 elle
1267 1397 1477 1499 rien
1549 1429 1669 1497 ne
1735 1397 2137 1539 jeauroit

405 1549 719 1709 plaire
743 1555 767 1687 ;
821 1555 957 1661 Et
953 1553 1065 1701 fi
1071 1583 1319 1661 cette
1339 1547 1915 1657 charmante
1955 1587 2137 1659 tro-

401 1719 699 1871 peufe
743 1755 867 1821 ne
927 1713 1247 1823 déçoit
1303 1735 1417 1815 Le
1391 1707 1651 1863 frit
1711 1707 1967 1815 dans
2023 1707 2139 1821 les

421 1883 509 1983 R
527 1915 879 2001 omans
901 1959 933 2001 3
955 1903 1205 1983 cette
1235 1869 1669 2025 efpecede
1691 1865 1777 1973 le
1783 1873 2035 1977 Bure
2067 1871 2139 1981 le

413 2031 909 2187 defgoufie
937 2119 971 2161 3
1007 2075 1147 2143 au
1191 2031 1389 2143 heu
1433 2027 1551 2135 de
1573 2025 1659 2135 le
1707 2027 2139 2139 diuerîtr.

417 2197 501 2305 ï
507 2237 633 2349 ay
659 2193 1255 2351 doncejfayé
1285 2189 1409 2297 de
1449 2229 1843 2297 nemen
1891 2187 2141 2299 esloi-

397 2387 657 2505 gnsr
699 2359 1071 2465 iamais
1123 2401 1157 2461 :
1211 2353 1273 2463 ï
1279 2391 1405 2509 ay
1477 2343 1885 2503 obferué
1931 2383 2145 2499 pour

413 2511 623 2635 cela
645 2595 677 2635 3
705 2509 841 2621 les
863 2555 1219 2641 mœurs
1247 2599 1279 2641 3
1305 2511 1439 2619 les
1463 2519 1991 2669 coufiumes
2003 2505 2143 2635 ,les

413 2669 617 2785 loix
641 2763 671 2803 3
695 2673 827 2781 les
851 2673 1367 2825 religions,
1401 2699 1539 2813 çy
1561 2669 1697 2779 les
1761 2665 2149 2777 inclina¬

423 2837 687 2943 tions
717 2837 889 2945 des
907 2831 1297 2987 peuples
1325 2881 1359 2939 :
1385 2857 1523 2971 (y*
1529 2863 1787 2987 pour
1805 2827 2153 2937 donner

409 2991 635 3151 plus
661 2995 787 3103 de
811 3035 1079 3143 vray
1093 2987 1497 3147 -fimbla
1511 3033 1575 3097 ri
1579 3029 1677 3101 ce
1699 3029 1917 3097 aux
1961 2983 2111 3097 cho
2123 3047 2155 3067 -

391 3157 567 3313 fes
595 3241 625 3281 3
651 3155 715 3265 ï
725 3195 849 3311 ay
899 3153 1219 3263 voulu
1245 3191 1439 3311 que
1455 3147 1589 3257 les
1587 3147 2155 3303 fondemens

421 3311 545 3423 de
587 3357 821 3427 mon
871 3323 1351 3469 Quurage
1363 3309 1753 3471 fufient
1817 3305 2163 3465 hifiorf
