2479 3508
477 285 571 436 4
838 272 1388 392 L’IUuHre
1463 257 1770 412 Baffa

471 449 599 550 les
622 453 983 551 Maures
1003 438 1219 541 font
1241 420 1700 578 profeffio.
1755 422 2030 526 Auffi.

481 594 661 697 tort
685 630 866 736 que
883 587 1240 690 chacun
1267 604 1420 675 eut
1441 577 1620 713 pris
1646 562 1736 667 fa
1749 560 2027 709 place,

477 735 561 840 le
590 746 1187 841 Gouuemeur
1227 711 2030 821 deConftantino-

475 879 630 1028 ple
657 918 834 1018 que
856 875 1274 977 lesTurcs
1297 853 2032 1004 appellétCapita

482 1025 733 1130 Balïà
800 1038 899 1126 8c
958 1024 1125 1164 qui
1176 1011 1305 1114 èft
1358 1042 1485 1111 vn
1525 1003 1681 1101 des
1722 1029 2035 1141 quatre

473 1178 922 1318 premiers
970 1157 1404 1268 Officiers
1428 1150 1544 1248 de
1586 1140 2037 1283 l’Empire,

486 1325 756 1420 fortit
802 1316 916 1413 de
937 1304 1020 1410 la
1047 1300 1291 1426 ville,
1318 1313 1378 1398 8
1374 1332 1412 1399 c
1435 1290 1582 1394 fut
1606 1324 1714 1388 au
1740 1283 2042 1387 Serrait

492 1452 1151 1584 Daiit,maifon
1174 1433 1610 1587 deplaifir
1638 1434 1758 1534 du
1790 1427 2040 1530 Grâd

494 1606 1132 1749 Seigneur,qtii
1189 1592 1398 1695 n'en
1458 1581 1590 1683 eft
1635 1570 2044 1717 éloignée

497 1793 677 1900 que
696 1750 815 1850 de
834 1751 1073 1848 deux
1095 1727 1381 1860 mille,
1401 1762 1638 1875 pour
1659 1723 2046 1823 aduertir

502 1903 582 1999 fa
612 1893 1246 2031 Hautefle,qui
1273 1921 1308 1980 s
1333 1919 1393 2016 y
1415 1877 1686 1977 eftoit
1714 1866 2048 1966 rendue

499 2041 585 2143 le
629 2036 813 2140 foir
883 2054 1487 2177 auparauant,
1535 2051 1714 2159 que
1765 2039 2048 2109 toutes

503 2185 814 2290 choies
865 2180 1258 2282 eftoient
1303 2149 2051 2267 eneftatdelare-

506 2338 843 2436 ceuoir.
885 2328 973 2425 A
1001 2319 1331 2422 l’heure
1394 2305 1748 2411 mefme
1829 2291 2056 2399 Soli¬

505 2511 732 2580 man
762 2469 904 2573 fut
950 2464 1004 2570 à
1047 2454 1415 2579 chenal;
1470 2470 1528 2555 8
1525 2491 1566 2556 c
1613 2488 1718 2549 ce
1774 2441 2058 2589 grand

502 2626 841 2722 Prince
902 2651 1155 2758 apres
1224 2641 1409 2708 vne
1468 2587 1962 2738 conquefte
1995 2581 2060 2686 fi

505 2754 1007 2912 glorieufe,
1048 2753 1194 2856 fut
1229 2755 1526 2854 reuoir
1554 2726 2062 2876 lefurperbe

512 2912 760 3054 fiegc
782 2911 896 3008 de
918 2910 1082 3011 fon
1104 2905 1510 3043 Empire.
1537 2894 2063 3024 Cinquante

516 3063 1171 3205 Trompettes,
1210 3059 1309 3153 &
1331 3049 1834 3183 cinquante
1850 3025 2067 3125 Ata-
