2479 3508
906 121 1713 222 PREFACE.

464 299 644 413 que
662 275 920 401 fcay-
934 265 1014 365 ie
1038 265 1064 400 ,
1082 265 1156 399 fi
1176 259 1426 367 dans
1448 299 1542 361 ce
1556 296 1590 362 s
1618 298 2136 378 euenemens

461 418 564 522 la
563 413 742 559 for
745 444 980 524 tune
999 425 1154 522 ri'a
1167 417 1439 559 point
1447 413 1649 563 fait
1666 445 1957 522 autat
1973 459 2141 568 que

462 568 810 711 luy?Ji
852 569 976 707 fa
1018 565 1376 672 valeur
1414 573 1506 669 ri
1510 567 1636 708 efi
1668 567 1934 718 point
1962 611 2138 682 une

461 725 824 831 valeur
863 713 1310 824 brutale?
1329 737 1459 852 çfi
1481 722 1630 824 s’il
1683 725 2141 874 afoujfert

464 910 574 978 en
614 875 1034 1017 honnefie
1064 867 1484 987 homme,
1512 871 1634 978 les
1678 876 2134 986 malheurs

463 1037 638 1178 qui
657 1029 820 1172 luy
823 1035 1055 1171 font
1075 1029 1539 1171 arrmcKJ
1557 1062 1651 1128 ce
1671 1029 1893 1176 riefi
1897 1035 2138 1178 point

453 1214 650 1330 par
684 1185 810 1287 les
852 1175 1152 1324 chofes
1190 1173 1304 1284 de
1346 1173 1676 1284 dehors
1716 1221 1742 1295 ;
1800 1221 1896 1288 ce
1938 1187 2066 1288 rie
2047 1189 2136 1328 fi

453 1337 721 1486 point
751 1333 1083 1480 parles
1145 1331 1551 1484 caprices
1603 1340 1737 1436 du
1777 1333 2134 1456 defhn,

463 1522 648 1632 que
693 1489 778 1592 ie
803 1525 1074 1593 veux
1093 1491 1358 1635 iuger
1377 1483 1490 1588 de
1513 1479 1676 1628 luy
1699 1525 1724 1598 ;
1757 1525 1808 1587 c
1837 1490 1960 1628 efi
1971 1521 2138 1628 par

465 1640 591 1746 les
613 1677 1227 1746 mouuemens
1245 1635 1537 1778 defon
1561 1675 1808 1765 ame,
1833 1664 1962 1776 çfi
1971 1675 2139 1790 par

459 1794 598 1898 les
637 1789 932 1931 chofès
977 1829 1110 1940 qu
1131 1793 1216 1895 il
1255 1783 1918 1898 dit:ïhonnore
1951 1828 2138 1900 tous

465 1981 701 2048 ceux
759 1949 929 2096 qui
971 1946 1423 2082 eferment
1461 1941 2088 2093 autourd’huy
2107 2032 2130 2074 ,

463 2104 549 2208 ie
595 2097 1171 2241 connoyleur
1207 2099 1645 2245 perfonne
1669 2093 1695 2220 ,
1743 2093 1953 2202 leur
1987 2139 2137 2202 ou-

461 2289 759 2401 tirage
783 2285 809 2381 ,
839 2267 972 2383 çfi
993 2247 1197 2352 leur
1221 2277 1539 2352 mente
1567 2288 1589 2350 :
1619 2255 1873 2354 mais
1913 2291 2139 2355 com¬

467 2443 617 2510 me
673 2397 1195 2553 l'apotheofe
1257 2403 1349 2502 ri
1351 2407 1471 2540 efi
1519 2437 1699 2550 que
1735 2435 1971 2547 pour
2033 2401 2137 2506 les

470 2585 763 2661 morts
790 2595 815 2675 ,
840 2559 959 2659 ils
980 2591 1095 2656 ne
1120 2584 1849 2706 trouuerontpas
1882 2593 2137 2660 mau-

465 2713 687 2829 unis
705 2789 733 2829 3
765 2747 949 2858 que
989 2709 1069 2808 ie
1117 2745 1231 2805 ne
1273 2705 1397 2810 les
1435 2701 1705 2846 déifié
1743 2739 1915 2857 pas
1945 2715 2141 2854 puis

466 2861 741 3008 qu’ils
768 2863 1109 2963 viuent
1130 2899 1163 2957 :
1188 2877 1316 2992 Çfi
1362 2895 1495 3006 qu
1518 2896 1627 2960 en
1668 2891 1887 2968 cette
1908 2899 2148 2966 occa-

443 3012 657 3148 fion
669 3099 697 3139 i
735 3049 817 3116 te
869 3053 983 3117 ne
1005 3011 1373 3162 propofe
1421 3043 1661 3159 pour
1703 3011 2095 3166 exemple
2117 3096 2139 3138 ,

464 3201 652 3320 que
690 3165 770 3272 le
810 3159 1151 3317 grand
1222 3183 1351 3302 çfi
1412 3157 2150 3316 l’incomparable
