2479 3508
666 232 977 330 Lime
1026 207 1493 368 premier.
1762 242 1889 337 13

339 394 462 494 fes
487 381 880 507 d’heron,
913 390 1010 477 &
1035 375 1444 474 d’autant
1499 357 1886 466 d’enfci-

339 574 549 684 gnes
589 529 699 630 de
743 529 1199 670 pierreries
1225 562 1249 614 :
1281 529 1369 618 &
1396 504 1475 609 le
1502 507 1885 614 harnois

342 687 451 784 de
472 683 625 779 ion
674 664 1013 784 cheual,
1050 690 1663 765 toutcouuert
1698 653 1886 758 d’é¬

342 821 820 946 meraudes,
857 831 952 919 &
995 816 1108 914 de
1159 803 1448 911 rubis.
1497 799 1570 904 Il
1609 806 1884 908 efloit

338 974 559 1072 fuiui
608 969 717 1068 de
761 996 963 1064 tous
1012 956 1133 1060 les
1228 952 1569 1077 Bafl'as,
1620 964 1717 1056 Lc
1760 951 1881 1051 de

336 1152 533 1216 tous
556 1108 669 1212 les
696 1101 1249 1258 Beglierbeis
1278 1092 1877 1238 dcl’Empire,

337 1301 586 1406 apres
635 1249 1002 1402 lefquels
1049 1287 1180 1352 vn
1223 1239 1574 1346 Bolnch
1619 1241 1888 1368 Baffi,

339 1403 787 1509 marchoit
814 1397 867 1504 à
884 1397 969 1501 la
991 1399 1213 1503 telle
1230 1398 1343 1494 de
1366 1392 1605 1491 deux
1629 1385 1887 1493 mille

338 1556 869 1678 Ianiffaircs,
918 1555 1081 1693 qui
1126 1544 1514 1644 efloient
1544 1531 1666 1636 les
1690 1539 1888 1638 der¬

331 1707 608 1798 nières
629 1691 1210 1840 trouppeSjde
1233 1721 1478 1788 cette
1503 1677 1892 1827 fuperbe

339 1846 655 1944 entrée.
666 1846 953 1986 Apres
977 1875 1153 1984 que
1181 1876 1279 1937 ce
1299 1824 1889 1935 merueilleux

340 1986 804 2134 triomphe
854 2020 1008 2085 eut
1050 1979 1214 2083 fait
1266 1978 1346 2080 le
1394 2014 1602 2078 tour
1648 1980 1762 2078 de
1805 1973 1888 2075 la

333 2127 584 2274 place
645 2139 756 2235 de
795 2128 1506 2276 l’Hipodrome,
1551 2157 1760 2223 tout
1801 2122 1904 2221 fè

340 2317 663 2423 rengea
690 2277 735 2379 à
762 2280 1013 2378 droit
1038 2291 1127 2380 &
1154 2270 1203 2373 à
1226 2269 1633 2418 gauche,
1684 2283 1781 2372 &
1808 2263 1893 2369 le

340 2421 648 2524 Sultan
671 2421 812 2524 fut
880 2455 1214 2523 mettre
1272 2422 1482 2562 pied
1527 2413 1580 2515 à
1626 2450 1891 2543 terre,

345 2570 554 2669 dans
583 2609 760 2670 vne
779 2577 1088 2670 Tente
1113 2571 1228 2667 de
1249 2569 1480 2704 drap
1509 2557 1891 2664 d’orfri-

340 2713 457 2839 fé,
490 2754 659 2861 que
688 2711 863 2816 l'on
886 2727 1141 2818 auoit
1162 2710 1493 2811 dreffée
1540 2711 1741 2809 fous
1766 2705 1891 2805 les

341 2852 754 2963 feneftres
803 2863 918 2962 de
967 2856 1046 2960 la
1112 2854 1482 2963 Sultane
1553 2862 1880 2959 Reine,

353 3032 544 3105 tous
569 3000 686 3107 les
721 3007 1012 3111 Grâds
1035 3009 1152 3110 de
1193 3000 1276 3106 la
1305 3009 1584 3107 Porte
1617 2999 1889 3102 relis-
