2479 3508
703 258 1036 373 Liure
1071 262 1530 420 premier
1533 302 1554 404 .
1773 303 1938 408 37

416 416 987 518 commandé
1020 456 1310 522 tncor
1332 462 1522 526 vne
1550 416 1786 538 fois,
1822 431 1936 529 de

424 561 1051 708 luyaprendre
1104 560 1345 669 leurs
1390 564 1930 702 differents,

421 705 589 810 elle
651 722 1113 813 continua
1221 711 1395 817 fon
1467 710 1923 824 difcours.

409 865 608 955 Puis
657 857 882 1002 qu’il
927 854 1130 959 faut
1189 858 1674 991 (dit-elle)
1733 902 1928 1011 que

410 1000 955 1123 i’oBeiffe,&
981 1043 1162 1151 que
1190 1016 1280 1109 ie
1314 1046 1434 1108 ne
1461 1019 1673 1156 puis
1702 1051 1932 1117 con-

414 1147 855 1254 ferucrvn
886 1189 1199 1290 mary,
1252 1151 1459 1257 fans
1520 1155 1927 1261 defcou-

409 1306 602 1395 urir
685 1295 810 1399 les
879 1295 1358 1404 malheurs
1447 1305 1568 1408 de
1677 1341 1930 1414 mon

403 1444 729 1583 pere,.il
756 1440 960 1547 faut
990 1444 1270 1551 dif-ie
1293 1486 1482 1596 que
1508 1452 1928 1595 i’apren-

402 1586 1226 1723 neitaHauteffe,
1258 1635 1441 1742 que
1476 1595 1643 1697 fon
1680 1635 1929 1706 nom

403 1735 528 1836 eft
567 1732 1033 1867 Arfalon,
1078 1743 1310 1886 qu’il
1353 1743 1486 1843 eft
1525 1743 1652 1845 né
1681 1743 1925 1850 fuiet

399 1883 524 1980 du
547 1880 838 2028 Sophi
869 1887 980 1986 de
1003 1884 1299 2020 Perfe,
1323 1904 1414 1993 &
1445 1927 1638 2032 que
1679 1893 1920 1998 dans

400 2023 486 2124 le
516 2060 816 2174 temps
845 2029 1079 2178 qu’il
1108 2038 1384 2139 cftcit
1414 2037 1463 2137 à
1494 2034 1898 2160 (aCour,

396 2169 467 2271 il
520 2176 795 2277 eftoit
844 2193 1231 2328 Satrape
1276 2183 1917 2298 d’Aderbionj

401 2318 496 2424 &:
537 2318 603 2423 fi
669 2321 1323 2431 confîderable
1401 2367 1733 2476 auprès
1813 2339 1931 2437 de

399 2463 907 2598 Tachmas,
937 2472 1170 2617 qu’il
1205 2477 1360 2618 n’y
1407 2489 1674 2581 auoit
1701 2520 1924 2622 per¬

408 2609 701 2715 sonne
742 2655 865 2717 en
920 2653 1065 2718 cet
1110 2630 1558 2768 Empire,
1609 2636 1785 2771 qui
1838 2627 1928 2727 le

401 2753 1155 2910 fuftdauantage
1204 2767 1607 2917 queluy.
1668 2779 1929 2875 Mais

403 2941 800 3010 comme
881 2907 1054 3013 fon
1099 2916 1500 3020 humeur
1565 2914 1620 3019 à
1665 2915 1935 3024 touf-

393 3059 648 3183 jours
694 3056 879 3161 efté
943 3062 1372 3169 violente
1428 3099 1546 3166 en
1614 3097 1930 3169 toutes

1406 3209 1491 3312 C
1562 3214 1667 3351 iij
