2479 3508
658 204 984 322 Liure
996 198 1484 361 premier.
1766 233 1890 332 ej

396 361 581 471 Elle
700 368 1335 506 reprelentoit
1470 366 1891 458 certains

399 508 977 633 Chrefliens,
1035 516 1203 653 qui
1249 514 1627 608 viuants
1675 498 1891 604 fous

388 659 808 803 l’Empire
856 657 982 756 du
1056 650 1424 798 Sophi,
1476 656 1880 751 auoient

386 845 587 907 creu
624 806 855 905 dire
900 797 1295 947 obligez
1352 799 1468 900 de
1516 792 1892 897 dépen¬

385 957 541 1053 dre
587 992 689 1053 ce
737 957 1125 1079 Prince,
1177 985 1435 1096 quoy
1487 938 1719 1089 qu’il
1763 979 1891 1044 ne

381 1101 564 1201 fufl
587 1138 740 1243 pas
767 1096 882 1196 de
911 1091 1106 1195 leur
1131 1090 1736 1238 Religion:&
1765 1125 1894 1192 en

388 1245 600 1349 effet
644 1252 1028 1348 auoient
1070 1237 1534 1343 combatu
1600 1236 1888 1382 fî/gc-

385 1388 1029 1495 nereufement
1085 1426 1327 1533 pour
1376 1379 1571 1529 luy,
1613 1380 1891 1532 qu’ils

381 1547 764 1640 auoient
793 1535 980 1636 efté
1009 1535 1138 1635 les
1191 1545 1648 1678 premiers
1701 1528 1754 1632 à
1801 1526 1896 1632 la

374 1722 736 1830 guerre,
788 1697 880 1784 &
930 1680 1434 1784 toutesfois
1494 1677 1626 1781 les
1678 1680 1892 1778 der¬

374 1841 619 1933 niers
688 1840 1105 1933 vaincus.
1224 1842 1513 1932 Cette
1578 1822 1893 1926 feinte

377 2013 713 2119 troupe
741 1987 1003 2078 auoit
1031 1978 1307 2077 ordre
1335 1981 1461 2078 du
1491 1972 1735 2074 BafTa
1773 1976 1897 2078 de

379 2121 468 2224 la
544 2130 808 2250 Mer,
848 2125 978 2224 de
1054 2118 1410 2225 refiflcr
1466 2116 1894 2266 quelque

382 2307 688 2411 temps
742 2272 793 2370 à
832 2263 1069 2367 celle
1120 2270 1277 2368 des
1324 2273 1679 2380 Turcs,
1724 2275 1901 2412 qui

379 2415 651 2515 fortit
703 2410 755 2514 à
805 2409 1155 2513 l’heure
1203 2415 1567 2519 mefme
1619 2414 1735 2512 de
1813 2408 1905 2516 la

383 2559 636 2687 ville,
687 2576 782 2662 &
819 2562 936 2660 de
987 2559 1074 2661 fe
1135 2556 1434 2664 laiffer
1513 2570 1904 2665 vaincre

390 2747 502 2807 en
534 2705 796 2830 fuite.
842 2713 958 2806 Et
1000 2746 1230 2810 ceux
1258 2721 1428 2856 qui
1482 2710 1900 2811 cfloienc

382 2848 797 2955 habillez
824 2847 879 2952 à
910 2849 997 2951 la
1041 2860 1475 3006 Turque,
1503 2864 1901 2957 auoient

395 2999 1248 3112 commandement
1321 3007 1444 3106 de
1531 2999 1666 3099 les
1735 3035 1905 3104 en-

1356 3159 1430 3252 B
1508 3152 1658 3291 iiij
