2479 3508
853 85 1696 187 PREFACE.

392 237 746 389 langue
760 227 1294 384 franfoife
1326 269 1361 351 ,
1410 266 1634 334 <vne
1660 223 1984 378 façon
2034 219 2154 330 de

383 394 761 563 parler,
795 400 1097 560 quiïs
1121 417 1295 498 ont
1323 384 1569 497 tirée
1609 387 1731 494 de
1755 389 1855 495 la
1889 386 2097 494 Gre
2101 451 2149 472 -

402 601 580 721 que
603 558 728 678 &
757 547 876 666 de
907 551 1014 665 la
1043 552 1456 661 Latine.
1499 548 2158 708 Etpuùfay

368 725 581 879 fait
602 726 843 834 voir
860 714 1143 867 affezj
1160 711 1787 841 clairement,
1820 752 2017 869 que
2058 749 2153 822 te

389 927 505 993 ne
541 879 720 1036 l'ay
745 915 931 1038 pas
935 880 1163 1035 fait
1205 869 1437 1024 fans
1507 874 1887 1030 deffain
1919 922 1951 980 :
1983 913 2159 982 car

386 1040 780 1202 excepté
878 1041 1238 1201 quand
1314 1037 1632 1184 lis'ejt
1714 1040 1890 1189 agi
1974 1032 2152 1142 des

382 1209 659 1317 Eure
659 1248 705 1312 s
729 1247 947 1314 aux
981 1202 1391 1333 Sultan,
1423 1244 1543 1313 ou
1568 1196 1693 1308 de
1712 1197 1883 1359 luy
1909 1200 2153 1350 afes

383 1369 904 1521 inferieurs
929 1373 954 1497 ;
983 1373 1072 1477 ie
1097 1410 1220 1476 ne
1247 1379 1506 1475 m’en
1513 1362 2152 1516 fuis.iamaü

352 1531 701 1688 ferui,
738 1559 879 1676 çf
906 1531 1284 1642 chacun
1328 1531 1536 1637 s’en
1550 1517 1870 1682 fertà
1918 1518 2152 1632 l’vn

389 1721 525 1835 çf
577 1694 641 1797 à
687 1692 1091 1805 l’autre.
1197 1701 1359 1802 Or
1377 1691 1501 1801 de
1549 1722 1799 1842 peur
1847 1694 2157 1847 qu’on

380 1893 500 1959 ne
556 1850 1040 1966 mohicBe
1086 1898 1120 2012 ,
1176 1893 1370 2012 que
1434 1848 1630 2002 t’aj
1680 1841 2168 2009 raproché

388 2010 859 2174 quelques
886 2016 1333 2129 mcidens
1359 2059 1391 2173 ,
1420 2054 1615 2173 que
1640 2009 1825 2125 l’H
1838 2014 2157 2167 foire

381 2221 447 2283 a
447 2179 683 2323 fait
705 2187 939 2289 voir
949 2178 1173 2339 plus
1199 2177 1709 2331 esloignez*
1731 2175 1756 2297 ;
1781 2169 2159 2329 legrad

380 2340 790 2495 Virgille
792 2341 1026 2496 fera
1062 2385 1290 2452 mon
1298 2371 1688 2497 garant
1714 2385 1746 2445 :
1770 2339 1942 2499 luy
1966 2337 2158 2494 qui

386 2497 777 2654 dansfa
802 2501 1151 2617 diuine
1186 2502 1617 2638 Eneide,
1647 2547 1713 2612 a
1714 2503 1937 2655 fait
1951 2534 2095 2658 pa
2101 2565 2149 2584 -

383 2666 700 2815 roifire
767 2665 1184 2796 Didon,
1227 2698 1598 2824 quatre
1645 2658 2006 2778 Siècles
2027 2704 2094 2768 a
2098 2727 2146 2746 -

368 2853 586 2976 près
602 2822 684 2932 le
686 2828 900 2976 fien
914 2873 938 2947 »
1010 2831 1279 2984 ainf
1312 2829 1760 2993 éayereu
1810 2866 2002 2985 que
2062 2832 2156 2934 ie

375 2996 787 3136 pouuois
811 2993 1071 3138 faire
1093 2994 1217 3102 de
1247 2990 1727 3153 quelques
1753 2992 2005 3098 mois
2013 3076 2043 3116 3
2051 3025 2153 3098 ce

388 3151 526 3297 qu
557 3144 1084 3302 ilafait.de
1132 3187 1368 3266 tant
1415 3151 1938 3265 d’années:
1989 3150 2150 3258 Et

390 3347 577 3463 que
604 3312 691 3424 ie
716 3355 833 3420 ne
876 3317 1217 3431 deuois
1248 3357 1443 3479 pas
1492 3317 1965 3434 craindre
2020 3312 2149 3424 de
