2479 3508
664 254 984 364 Liure
1054 249 1554 362 Premier.
1832 298 1910 393 p

359 414 507 511 des
535 411 933 514 chaifaes
957 409 1199 540 d'or,
1247 408 1365 510 les
1385 419 1683 512 mains
1705 412 1915 517 der¬

364 567 577 659 rière
616 553 697 658 le
732 562 925 660 dos.
1004 563 1179 658 Ces
1224 550 1603 661 illuftres
1670 556 1913 665 mal¬

360 700 734 804 heureux
788 708 1180 809 eftoient
1218 704 1486 807 fuiuis
1526 707 1642 805 de
1680 714 1912 855 cinq

363 885 599 951 cents
627 844 1211 966 volontaires,
1237 886 1417 998 que
1459 845 1577 951 les
1605 853 1909 955 Turcs

359 993 803 1139 appellent
835 991 1553 1112 Dellis,montez
1579 997 1719 1100 fur
1741 1000 1903 1103 des

360 1143 752 1244 chenaux
796 1138 1136 1246 bardez
1186 1160 1280 1246 &
1344 1148 1906 1289 caparaçon¬

357 1324 526 1391 nez
567 1291 678 1390 de
713 1327 1002 1430 peaux
1047 1293 1164 1389 de
1185 1296 1506 1430 Lyon,
1551 1327 1770 1396 auec
1815 1286 1904 1395 la

357 1473 637 1577 queue
697 1440 809 1536 de
871 1477 973 1537 ce
1033 1474 1485 1579 genereux
1551 1435 1899 1541 animal

348 1582 483 1679 fur
508 1577 585 1679 le
606 1576 1017 1683 châfrain
1042 1619 1151 1684 au
1178 1578 1357 1682 lieu
1404 1585 1525 1685 de
1542 1621 1892 1725 penna-

346 1727 510 1825 che
534 1769 558 1823 :
606 1721 830 1828 leurs
868 1723 1172 1829 habits
1216 1730 1610 1831 eftoient
1654 1732 1772 1832 de
1810 1728 1896 1837 la

337 1909 561 2013 peau
611 1873 829 1976 d’vn
877 1885 1177 2002 Ours,
1215 1870 1441 1975 leurs
1503 1907 1893 2024 tocques

341 2020 455 2117 de
477 2009 687 2118 celle
709 2022 769 2118 d
798 2056 923 2122 vn
951 2024 1353 2166 Léopard
1378 2019 1599 2125 bien
1629 2060 1893 2129 mou-

336 2159 692 2278 chetté,
724 2160 880 2265 fur
922 2205 1060 2265 ces
1084 2199 1464 2310 tocques
1494 2161 1572 2269 la
1594 2207 1892 2314 queue

339 2306 606 2409 d’vne
667 2306 995 2454 Aigle,
1041 2312 1290 2416 &fur
1335 2308 1560 2413 leurs
1617 2326 1883 2422 Ron~

339 2451 653 2553 daches
711 2448 831 2554 les
895 2451 1099 2557 ailes
1157 2462 1277 2560 du
1325 2455 1671 2564 meftne
1711 2502 1887 2608 oy-

336 2598 550 2697 feau.
638 2596 748 2698 Ils
826 2613 1196 2706 auoient
1236 2600 1314 2704 le
1366 2617 1882 2710 Cimetter-

334 2778 422 2843 re
468 2781 576 2841 au
640 2746 886 2850 cofté
929 2833 958 2875 ,
1014 2745 1094 2849 la
1158 2758 1432 2857 malle
1496 2757 1878 2859 d’armes

329 2892 377 2987 à
447 2883 769 3024 l’arçon
829 2970 857 3018 ,
925 2911 1019 3001 &
1065 2934 1245 3006 vne
1307 2906 1607 3009 Lance
1673 2898 1731 3008 à
1783 2898 1875 3005 la
