2479 3508
887 108 951 197 P
993 110 1077 202 R
1119 107 1187 196 E
1213 107 1271 193 F
1320 94 1401 191 A
1454 102 1533 190 C
1584 97 1679 189 E.

405 253 646 369 liure
692 287 912 395 ,que
971 238 1102 350 les
1167 243 1546 345 Dames
1581 229 2126 389 nepuiffent

412 413 582 523 lire
626 414 842 511 fans
890 393 1204 548 ba'ffer
1240 393 1374 505 les
1414 434 1664 542 yeux
1708 414 1839 535 çtf
1876 398 2124 536 fans

421 568 761 714 rougir.
813 563 1041 695 Que
1049 557 1139 686 fi
1145 597 1277 665 vo
1295 592 1411 661 us
1437 591 1551 658 ne
1577 566 1995 722 voyefip
2011 589 2123 659 as

414 768 622 837 mon
683 703 996 825 Héros
1022 750 1042 864 ,
1110 715 1570 864 perfecute
1669 710 2126 817 d'amour

408 917 589 1035 par
610 880 765 986 des
780 877 1173 1023 femmes
1207 917 1231 997 ,
1274 912 1369 979 ce
1414 866 1617 1004 riefl
1636 907 1823 1019 pas
1874 863 2125 1018 quil

415 1027 1252 1188 nefuftaimable,
1301 1054 1408 1137 et
1441 1029 1692 1182 qu'il
1737 1070 1848 1136 ne
1901 1025 2122 1176 puf

398 1218 616 1349 ejtre
680 1186 1000 1302 aimé:
1064 1191 1364 1293 Mais
1408 1193 1590 1340 c’efi
1646 1221 1904 1339 pour
2012 1227 2124 1291 ne

421 1350 811 1506 choquer
867 1352 1135 1499 point
1153 1345 1259 1451 la
1301 1346 1923 1492 bienfceance
1941 1381 1969 1472 ,
2013 1381 2127 1447 en

415 1511 520 1623 la
573 1515 1022 1658 perfonne
1095 1509 1262 1615 des
1353 1512 1730 1615 Dames
1756 1546 1782 1628 ,
1864 1525 1980 1610 et
2021 1501 2132 1615 la

422 1664 1225 1818 vrai-femblance
1260 1710 1375 1773 en
1396 1661 1623 1772 celle
1670 1667 1837 1771 des
1864 1654 1927 1766 h
1980 1705 2130 1769 m-

425 1870 609 1938 mes
641 1872 661 1980 ,
689 1833 863 1980 qui
881 1856 1357 1933 rarement
1361 1824 1599 1972 font
1621 1821 1755 1931 les
1781 1821 2093 1932 cruels
2097 1903 2127 1947 ,

594 1987 766 2134 qui
812 1979 900 2091 ri
904 2024 956 2135 y
982 2011 1150 2090 ont
1184 2017 1364 2129 pas
1432 1978 1736 2090 bonne
1798 2022 2128 2126 grâce.

424 2144 717 2290 Enfin
741 2145 977 2289 ,foit
1003 2179 1183 2292 que
1204 2143 1333 2249 les
1357 2139 1665 2284 chofes
1712 2140 2123 2250 doiuent

427 2304 646 2441 efitre
693 2302 980 2443 ainjî,
1003 2304 1212 2448 foit
1255 2345 1438 2455 que
1479 2314 1540 2410 ï
1545 2339 1726 2451 aye
1753 2283 1982 2452 iugè
1999 2297 2128 2403 de

432 2498 644 2566 mon
676 2453 1004 2569 Héros
1066 2492 1262 2608 par
1300 2504 1472 2567 ma
1510 2453 1922 2608 foiblejfe
1974 2461 1993 2579 ;
2042 2461 2134 2561 ie

433 2623 639 2774 riay
655 2619 927 2764 point
955 2613 1271 2723 voulu
1313 2609 2133 2762 mettrefiafidédi¬

432 2801 520 2877 té
546 2820 566 2900 ,
600 2820 650 2874 a
676 2803 902 2884 cette
923 2774 1494 2930 dangereufie

436 2939 517 3033 ie
556 2970 691 3036 me
704 2935 911 3082 fuis
948 2938 1383 3043 contenté
1399 2940 1579 3062 ,de
1618 2975 1681 3037 n
1710 2974 1823 3039 en
1844 2930 2133 3072 faire

427 3119 599 3233 pas
643 3128 785 3198 vn
845 3096 959 3195 H
959 3090 1037 3196 il
1041 3131 1196 3217 as,
1261 3096 1520 3237 fans
1541 3131 1654 3198 en
1725 3085 2132 3194 vouloir

412 3245 680 3395 faire
776 3291 920 3359 vn
982 3252 1454 3400 Hipolite,
1542 3249 1860 3362 Mats
1888 3282 2074 3400 pen
2076 3313 2124 3335 -
