2479 3508
583 252 906 363 Liure
935 239 1428 406 premier.
1667 281 1800 380 29

288 409 652 528 Veuilles
682 445 921 511 nous
952 443 1073 506 en
1102 403 1449 503 rendre
1478 432 1661 500 vne
1684 408 1807 502 de

296 561 755 670 talufticc.
822 558 950 654 Le
998 551 1248 650 Balfa
1296 551 1412 647 de
1448 540 1536 644 la
1586 552 1804 651 Mer

305 707 725 849 fçaehant
777 696 1011 802 bien
1057 689 1289 841 qu’il
1349 694 1633 797 eftoit
1713 690 1805 794 le

295 857 493 1004 plus
520 848 939 959 interefle
963 881 1083 948 en
1110 843 1195 945 la
1225 836 1509 943 choie
1560 840 1813 942 dont

296 989 1516 1149 ilsagiflbitjsaprochadu
1562 988 1812 1132 grâd

296 1163 730 1293 Seigneur
760 1174 1008 1288 pour
1032 1133 1114 1240 le
1136 1127 1552 1281 fupplier
1574 1176 1816 1240 auec

296 1301 525 1400 allez
576 1297 691 1395 de
734 1288 1355 1413 vehemence,
1406 1286 1525 1387 de
1570 1281 1813 1386 n’ef-

297 1477 619 1546 couter
665 1478 823 1585 pas
877 1432 1005 1540 les
1091 1431 1513 1579 pleintes
1589 1434 1811 1538 d’vn

297 1585 743 1712 homme,
795 1592 965 1732 qui
1017 1590 1283 1682 auoit
1335 1616 1443 1677 eu
1485 1576 1817 1680 lahar-

302 1741 572 1839 dielle
646 1734 762 1835 de
830 1740 1106 1836 venir
1168 1739 1816 1870 interrompre

298 1882 470 1985 Ion
499 1878 988 2020 triomphe
1017 1918 1040 1978 :
1093 1915 1280 2021 que
1321 1914 1572 2017 pour
1620 1872 1814 1996 luy,

302 2067 589 2131 encor
632 2024 855 2171 qu'il
908 2020 1095 2126 fuft
1144 2019 1321 2125 Ton
1354 2016 1551 2148 fils,
1580 2020 1651 2122 il
1696 2059 1821 2128 ne

299 2174 457 2315 luy
485 2172 1048 2277 demandoit
1071 2181 1354 2313 point
1387 2170 1504 2269 de
1535 2208 1822 2314 grâce

303 2327 413 2422 de
457 2353 699 2423 cette
745 2316 1058 2444 faute,
1109 2331 1203 2417 &
1255 2316 1535 2457 qu’au
1575 2358 1813 2420 con¬

302 2481 574 2571 traire
604 2465 672 2567 il
704 2457 1538 2605 feroitobligéàfa
1568 2474 1826 2568 Hau*

310 2611 616 2743 telle,fi
644 2608 824 2714 elle
848 2605 1224 2716 vouloir
1253 2607 1412 2749 luy
1443 2616 1824 2717 donner

307 2797 429 2864 vn
457 2761 1027 2865 chaftiment
1051 2767 1217 2904 qui
1250 2753 1333 2859 le
1363 2762 1681 2899 punift
1710 2764 1827 2866 de

309 2945 409 3006 ce
431 2919 771 3034 crime,
839 2924 933 3012 &
967 2906 1083 3006 de
1107 2939 1321 3005 tous
1357 2903 1485 3007 les
1517 2946 1825 3010 autres

315 3051 552 3157 donc
575 3053 642 3157 il
691 3058 968 3160 eftoit
1021 3049 1268 3157 défia
1315 3052 1816 3196 coupable.
