2479 3508
794 117 1622 223 PREFACE.

386 296 565 414 que
568 300 615 384 s
622 342 652 385 y
680 298 879 364 mes
888 267 1491 417 principaux
1498 244 2085 414 perfionages

383 450 873 569 marquez,
901 419 1161 527 dans
1205 417 1639 570 l’bifioire
1705 450 2077 528 venta*

887 574 1419 733 erfonnes
1461 574 1903 723 illufires,
1941 605 2079 721 çf

982 729 1470 889 effectues
1502 772 1522 842 .
1560 770 1684 839 ce
1661 736 1773 878 fi
1795 741 1942 894 fia
1954 777 2074 841 ns

376 884 652 992 doute
687 925 884 1043 par
930 916 1182 999 cette
1252 929 1512 1051 voye
1535 927 1568 1043 ,
1617 928 1810 1043 que
1882 888 2076 999 l’on

364 1045 1357 1201 peutarriuerafiafin
1386 1097 1417 1155 :
1454 1056 1655 1158 Car
1670 1044 1865 1155 lors
1882 1086 2077 1204 que

368 1196 455 1304 le
490 1206 987 1356 menfonge
1032 1231 1173 1349 &
1244 1205 1345 1313 la
1386 1206 1731 1318 venté
1756 1219 1790 1355 ,
1828 1219 1911 1356 J
1910 1236 2083 1315 ont

367 1360 1301 1516 confondusparvne
1319 1370 1599 1475 main
1641 1360 2074 1492 adroite,

361 1497 711 1668 l’efprit
737 1560 799 1624 a
817 1524 1091 1679 peine
1111 1518 1174 1627 à
1203 1517 1335 1628 les
1381 1516 1895 1646 demesler,

360 1709 473 1774 ne
469 1673 605 1822 Je
621 1707 907 1829 porte
955 1710 1145 1834 pas
1186 1674 1737 1834 aifiement,
1790 1715 1859 1782 a
1900 1678 2029 1786 de
2030 1746 2066 1766 -

329 1831 680 1972 firuire
700 1874 796 1941 ce
843 1835 1198 1992 quiluy
1231 1835 1440 1991 plat
1415 1841 1556 1990 fi.
1604 1836 1800 1939 ^4u
1844 1871 2066 1949 con¬

359 1992 648 2096 traire
685 2075 718 2117 ,
766 1996 1116 2147 quand
1144 1988 1724 2104 l’muention
1789 2028 1910 2098 ne
1928 1999 2062 2145 fie

332 2141 833 2298 fiertpoint
850 2151 971 2258 de
994 2180 1141 2257 cet
1158 2147 1564 2304 artifice,
1754 2187 1947 2299 que
1968 2145 2061 2259 le

355 2302 965 2460 menfiongefie
965 2306 1379 2461 produit
1407 2305 1473 2416 à
1499 2312 2023 2418 découuert
2023 2366 2061 2436 j

355 2483 590 2562 cette
597 2460 1842 2619 faucetégrofiierenefiait
1883 2501 2067 2573 au¬

350 2650 581 2720 cune
618 2622 1151 2778 imprefiion
1214 2663 1331 2730 en
1372 2619 1661 2732 l’ame
1920 2659 2047 2728 ne

350 2776 656 2880 donne
700 2819 1022 2886 aucun
1075 2780 1442 2930 plaifir.
1510 2788 1684 2891 En
1726 2775 2050 2928 ejfeffi,

353 2963 738 3041 commet
744 2942 1162 3094 feray-je
1185 2935 1536 3050 touché
1537 2940 1710 3049 des
1735 2933 2058 3082 infor¬

350 3110 631 3191 tunes
650 3087 885 3199 delà
932 3102 1251 3205 Reine
1294 3096 1419 3206 de
1456 3091 2049 3242 Guindaye,

353 3269 487 3395 0
507 3244 643 3352 du
661 3252 883 3415 Roy
899 3252 996 3364 d*
998 3251 1351 3409 jlfirob
1351 3289 1586 3389 acte-,
1603 3255 1833 3415 puis
1857 3286 2053 3404 que
