2479 3508
841 108 1673 215 PREFACE.

435 268 759 419 noijlre
773 255 1517 417 parfaitement
1560 257 1582 371 ,
1608 247 1697 358 il
1715 238 2151 403 nefuffit

428 467 609 585 pas
647 425 771 533 de
818 421 1099 538 dire,
1143 407 1566 520 combien
1602 411 1734 522 de
1753 414 1972 559 fois
2011 405 2150 516 tls

445 615 605 697 ont
600 581 819 736 fait
836 565 1320 729 naufrage
1349 611 1373 697 ,
1406 592 1512 676 et
1552 567 1984 681 combien
2027 566 2154 673 de

413 745 612 895 fois
632 738 756 849 ils
778 767 947 847 ont
964 758 1452 842 rencontre
1471 728 1546 834 d
1550 768 1644 835 es
1670 725 1850 835 vol
1851 725 2062 837 leur
2060 767 2146 835 s:

436 914 664 1010 mais
679 893 760 1006 il
753 897 1000 1046 faut
1019 889 1295 1041 faire
1326 892 1597 1043 iuger
1645 884 2129 1037 parleurs

435 1060 862 1206 difcours
880 1092 909 1203 ,
939 1046 1300 1203 quelles
1305 1051 1536 1192 font
1561 1043 1822 1156 leurs
1843 1049 2088 1158 inclï
2094 1110 2157 1145 «*

438 1222 827 1325 nations
858 1265 889 1322 :
942 1235 1483 1319 autrement
1518 1206 1543 1334 ,
1621 1201 1815 1315 l'on
1858 1215 1994 1320 et
2040 1254 2155 1322 en

434 1376 695 1485 droit
752 1371 879 1480 de
898 1375 1123 1480 dire
1159 1410 1225 1469 a
1263 1406 1405 1475 ces
1450 1365 1773 1475 Héros
1823 1400 2161 1496 muets,

432 1529 1033 1643 cebeaumot
1059 1527 1179 1636 de
1213 1521 1810 1671 l'antiquite.
1825 1537 2163 1627 Parle

444 1695 1447 1831 AFINQVEIETEVOYE.
1741 1698 1858 1832 fi
1880 1700 2005 1800 de
2044 1692 2163 1803 la

435 1891 693 2002 vray
738 1852 765 1986 -
795 1849 1331 1987 fmblance
1351 1871 1461 1952 et
1505 1841 1673 1949 des
1715 1846 2161 1961 inclina¬

444 2013 700 2114 tions
754 2049 781 2134 ,
804 1995 1310 2162 exprimées
1320 2034 1521 2156 par
1549 1998 1681 2108 les
1690 2011 1989 2154 paroi
1993 2008 2165 2135 les,

445 2205 685 2272 nous
728 2165 1135 2278 voulons
1193 2158 1479 2314 paffer
1512 2202 1731 2270 aux
1776 2206 2125 2276 mœurs
2133 2218 2163 2295 j

438 2317 683 2430 aller
715 2321 1307 2476 duplaifant
1346 2362 1411 2426 a
1463 2314 1505 2422 l
1540 2315 1789 2431 vtile
1810 2371 1832 2447 ,
1864 2354 1971 2436 et
2021 2328 2169 2436 du

448 2481 1181 2634 dtuertijfement
1226 2476 1292 2582 à
1348 2473 1835 2628 l'exemple
1882 2535 1913 2593 :
1962 2480 2167 2636 i’ay

444 2625 507 2734 à
550 2677 803 2746 vous
875 2642 1093 2748 dire
1171 2642 1603 2758 Leffeur,
1680 2647 1996 2791 quicy
2061 2639 2173 2752 la

450 2823 734 2900 vertu
772 2800 1146 2944 paroifl
1180 2794 1818 2938 toufiours^te
1820 2804 2174 2954 compo¬

446 2949 639 3077 sée,
689 2974 817 3091 &
848 2953 937 3060 le
992 2965 1215 3064 vice
1268 2950 1990 3109 toufiourspuni
2015 3010 2047 3070 :
2071 2962 2190 3104 fi

434 3143 623 3252 par
656 3149 797 3216 vn
832 3115 1047 3233 tuile
1219 3104 1633 3262 fenfible
1708 3120 2123 3268 repentir
2142 3192 2167 3227 ,

450 3258 704 3424 celuy
746 3274 922 3420 qui
972 3314 1042 3380 a
1046 3272 1344 3422 futui
1452 3272 1650 3422 fon
1710 3247 2173 3429 defregle-

1639 3459 1657 3508 l
1728 3435 1853 3508 iiii
