<?xml version="1.0" encoding="UTF-8" standalone="yes"?>
<PcGts xmlns="http://schema.primaresearch.org/PAGE/gts/pagecontent/2013-07-15" xmlns:xsi="http://www.w3.org/2001/XMLSchema-instance" xsi:schemaLocation="http://schema.primaresearch.org/PAGE/gts/pagecontent/2013-07-15 http://schema.primaresearch.org/PAGE/gts/pagecontent/2013-07-15/pagecontent.xsd">
    <Metadata>
        <Creator></Creator>
        <Created>2019-01-25T11:52:10.177+01:00</Created>
        <LastChange>2019-07-25T16:31:15.495+02:00</LastChange>
        <Comments>
                Measurement unit: pixel
                PrimaryLanguage: English
                Language: FrenchStandard
                Producer: ABBYY FineReader Engine 11</Comments>
        <TranskribusMetadata docId="187940" pageId="7468446" pageNr="47" tsid="13126467" status="DONE" userId="10612" imgUrl="https://files.transkribus.eu/Get?id=PEUJKXLIXWLAIPMJKKKAIWRI&amp;fileType=view" xmlUrl="https://files.transkribus.eu/Get?id=EYGVWNDSMSLAHHKSTTBJYNHP" imageId="2301429"/>
    </Metadata>
    <Page imageFilename="Scudery1641_Ibrahim_cb31341849n_corrected_0047.png" imageWidth="2479" imageHeight="3508">
        <PrintSpace>
            <Coords points="340,88 2112,88 2112,3488 340,3488"/>
        </PrintSpace>
        <ReadingOrder>
            <OrderedGroup id="ro_1604224453856" caption="Regions reading order">
                <RegionRefIndexed index="0" regionRef="r_1_1"/>
                <RegionRefIndexed index="1" regionRef="r_1_2"/>
                <RegionRefIndexed index="2" regionRef="r_1_3"/>
            </OrderedGroup>
        </ReadingOrder>
        <TextRegion type="paragraph" id="r_1_1" custom="readingOrder {index:0;}">
            <Coords points="812,104 1626,104 1626,206 812,206"/>
            <TextLine id="tl_1" primaryLanguage="English" custom="readingOrder {index:0;}">
                <Coords points="813,105 1625,105 1625,205 813,205"/>
                <Baseline points="813,203 1625,197"/>
                <Word id="w_w2aab1b1b2b1b1ab1" language="English" custom="readingOrder {index:0;}">
                    <Coords points="813,105 1625,105 1625,205 813,205"/>
                    <TextEquiv>
                        <Unicode>PREFACE.</Unicode>
                    </TextEquiv>
                    <TextStyle fontFamily="Arial" fontSize="10.5"/>
                </Word>
                <TextEquiv>
                    <Unicode>PREFACE.</Unicode>
                </TextEquiv>
                <TextStyle fontFamily="Arial" fontSize="10.5"/>
            </TextLine>
            <TextEquiv>
                <Unicode>PREFACE.</Unicode>
            </TextEquiv>
        </TextRegion>
        <TextRegion type="paragraph" id="r_1_2" custom="readingOrder {index:1;}">
            <Coords points="384,240 2088,240 2088,864 384,864"/>
            <TextLine id="tl_2" primaryLanguage="English" custom="readingOrder {index:0;}">
                <Coords points="397,241 2077,241 2077,397 397,397"/>
                <Baseline points="397,367 661,359 1449,351 1571,351 1851,351 1955,349 2077,337"/>
                <Word id="w_w2aab1b1b2b3b1ab1" language="English" custom="readingOrder {index:0;}">
                    <Coords points="397,249 661,249 661,397 397,397"/>
                    <TextEquiv>
                        <Unicode>Vrfè.</Unicode>
                    </TextEquiv>
                    <TextStyle fontFamily="Arial" fontSize="10.0" italic="true"/>
                </Word>
                <Word id="w_w2aab1b1b2b3b1ac13" language="English" custom="readingOrder {index:1;}">
                    <Coords points="739,253 1449,253 1449,355 739,355"/>
                    <TextEquiv>
                        <Unicode>Certainement</Unicode>
                    </TextEquiv>
                    <TextStyle fontFamily="Arial" fontSize="10.0" italic="true"/>
                </Word>
                <Word id="w_w2aab1b1b2b3b1ac39" language="English" custom="readingOrder {index:2;}">
                    <Coords points="1491,245 1571,245 1571,351 1491,351"/>
                    <TextEquiv>
                        <Unicode>il</Unicode>
                    </TextEquiv>
                    <TextStyle fontFamily="Arial" fontSize="10.0" italic="true"/>
                </Word>
                <Word id="w_w2aab1b1b2b3b1ac45" language="English" custom="readingOrder {index:3;}">
                    <Coords points="1605,241 1851,241 1851,385 1605,385"/>
                    <TextEquiv>
                        <Unicode>faut</Unicode>
                    </TextEquiv>
                    <TextStyle fontFamily="Arial" fontSize="10.0" italic="true"/>
                </Word>
                <Word id="w_w2aab1b1b2b3b1ac55" language="English" custom="readingOrder {index:4;}">
                    <Coords points="1889,245 2031,245 2031,351 1889,351"/>
                    <TextEquiv>
                        <Unicode>ad</Unicode>
                    </TextEquiv>
                    <TextStyle fontFamily="Arial" fontSize="10.0" italic="true"/>
                </Word>
                <Word id="w_w2aab1b1b2b3b1b1b1" language="English" custom="readingOrder {index:5;}">
                    <Coords points="2043,317 2077,317 2077,337 2043,337"/>
                    <TextEquiv>
                        <Unicode>-</Unicode>
                    </TextEquiv>
                    <TextStyle fontFamily="Arial" fontSize="11.0" bold="true"/>
                </Word>
                <TextEquiv>
                    <Unicode>Vrfé. Certainement il faut ad¬</Unicode>
                </TextEquiv>
            </TextLine>
            <TextLine id="tl_3" primaryLanguage="English" custom="readingOrder {index:1;}">
                <Coords points="385,401 2083,401 2083,555 385,555"/>
                <Baseline points="385,515 505,515 737,533 1019,503 1125,503 1495,503 1647,499 2083,485"/>
                <Word id="w_w2aab1b1b2b3b3ab1" language="English" custom="readingOrder {index:0;}">
                    <Coords points="385,411 677,411 677,515 385,515"/>
                    <TextEquiv>
                        <Unicode>uoùtr</Unicode>
                    </TextEquiv>
                    <TextStyle fontFamily="Arial" fontSize="10.0" italic="true"/>
                </Word>
                <Word id="w_w2aab1b1b2b3b3b1b1" language="English" custom="readingOrder {index:1;}">
                    <Coords points="715,445 737,445 737,555 715,555"/>
                    <TextEquiv>
                        <Unicode>,</Unicode>
                    </TextEquiv>
                    <TextStyle fontFamily="Arial" fontSize="11.0" bold="true"/>
                </Word>
                <Word id="w_w2aab1b1b2b3b3b2b1" language="English" custom="readingOrder {index:2;}">
                    <Coords points="791,401 1019,401 1019,555 791,555"/>
                    <TextEquiv>
                        <Unicode>qu'il</Unicode>
                    </TextEquiv>
                    <TextStyle fontFamily="Arial" fontSize="10.0" italic="true"/>
                </Word>
                <Word id="w_w2aab1b1b2b3b3b2c13" language="English" custom="readingOrder {index:3;}">
                    <Coords points="1061,435 1125,435 1125,503 1061,503"/>
                    <TextEquiv>
                        <Unicode>a</Unicode>
                    </TextEquiv>
                    <TextStyle fontFamily="Arial" fontSize="10.0" italic="true"/>
                </Word>
                <Word id="w_w2aab1b1b2b3b3b2c17" language="English" custom="readingOrder {index:4;}">
                    <Coords points="1173,427 1495,427 1495,503 1173,503"/>
                    <TextEquiv>
                        <Unicode>mente</Unicode>
                    </TextEquiv>
                    <TextStyle fontFamily="Arial" fontSize="10.0" italic="true"/>
                </Word>
                <Word id="w_w2aab1b1b2b3b3b2c29" language="English" custom="readingOrder {index:5;}">
                    <Coords points="1531,405 1647,405 1647,543 1531,543"/>
                    <TextEquiv>
                        <Unicode>fa</Unicode>
                    </TextEquiv>
                    <TextStyle fontFamily="Arial" fontSize="10.0" italic="true"/>
                </Word>
                <Word id="w_w2aab1b1b2b3b3b2c35" language="English" custom="readingOrder {index:6;}">
                    <Coords points="1699,431 2083,431 2083,549 1699,549"/>
                    <TextEquiv>
                        <Unicode>réputa¬</Unicode>
                    </TextEquiv>
                    <TextStyle fontFamily="Arial" fontSize="10.0" italic="true"/>
                </Word>
                <TextEquiv>
                    <Unicode>uoüer, qu'il a merité ſa reputa¬</Unicode>
                </TextEquiv>
            </TextLine>
            <TextLine id="tl_4" primaryLanguage="English" custom="readingOrder {index:2;}">
                <Coords points="393,561 2077,561 2077,709 393,709"/>
                <Baseline points="393,669 571,665 733,665 789,661 1245,673 1453,657 1733,659 1863,659 2077,649"/>
                <Word id="w_w2aab1b1b2b3b5ab1" language="English" custom="readingOrder {index:0;}">
                    <Coords points="393,591 571,591 571,669 393,669"/>
                    <TextEquiv>
                        <Unicode>tion</Unicode>
                    </TextEquiv>
                    <TextStyle fontFamily="Arial" fontSize="10.0" italic="true"/>
                </Word>
                <Word id="w_w2aab1b1b2b3b5ac11" language="English" custom="readingOrder {index:1;}">
                    <Coords points="577,599 733,599 733,709 577,709"/>
                    <TextEquiv>
                        <Unicode>:qu</Unicode>
                    </TextEquiv>
                    <TextStyle fontFamily="Arial" fontSize="10.0" italic="true"/>
                </Word>
                <Word id="w_w2aab1b1b2b3b5ac19" language="English" custom="readingOrder {index:2;}">
                    <Coords points="753,595 789,595 789,661 753,661"/>
                    <TextEquiv>
                        <Unicode>e</Unicode>
                    </TextEquiv>
                    <TextStyle fontFamily="Arial" fontSize="10.0" italic="true"/>
                </Word>
                <Word id="w_w2aab1b1b2b3b5ac23" language="English" custom="readingOrder {index:3;}">
                    <Coords points="809,561 1245,561 1245,673 809,673"/>
                    <TextEquiv>
                        <Unicode>l'amour,</Unicode>
                    </TextEquiv>
                    <TextStyle fontFamily="Arial" fontSize="10.0" italic="true"/>
                </Word>
                <Word id="w_w2aab1b1b2b3b5ac41" language="English" custom="readingOrder {index:4;}">
                    <Coords points="1271,591 1453,591 1453,705 1271,705"/>
                    <TextEquiv>
                        <Unicode>que</Unicode>
                    </TextEquiv>
                    <TextStyle fontFamily="Arial" fontSize="10.0" italic="true"/>
                </Word>
                <Word id="w_w2aab1b1b2b3b5ac49" language="English" custom="readingOrder {index:5;}">
                    <Coords points="1477,583 1733,583 1733,659 1477,659"/>
                    <TextEquiv>
                        <Unicode>toute</Unicode>
                    </TextEquiv>
                    <TextStyle fontFamily="Arial" fontSize="10.0" italic="true"/>
                </Word>
                <Word id="w_w2aab1b1b2b3b5ac61" language="English" custom="readingOrder {index:6;}">
                    <Coords points="1763,561 1863,561 1863,661 1763,661"/>
                    <TextEquiv>
                        <Unicode>la</Unicode>
                    </TextEquiv>
                    <TextStyle fontFamily="Arial" fontSize="10.0" italic="true"/>
                </Word>
                <Word id="w_w2aab1b1b2b3b5ac67" language="English" custom="readingOrder {index:7;}">
                    <Coords points="1891,589 2077,589 2077,663 1891,663"/>
                    <TextEquiv>
                        <Unicode>ter-</Unicode>
                    </TextEquiv>
                    <TextStyle fontFamily="Arial" fontSize="10.0" italic="true"/>
                </Word>
                <TextEquiv>
                    <Unicode>tion: que l'amour, que toute la ter¬</Unicode>
                </TextEquiv>
                <TextStyle fontFamily="Arial" fontSize="10.0" italic="true"/>
            </TextLine>
            <TextLine id="tl_5" primaryLanguage="English" custom="readingOrder {index:3;}">
                <Coords points="395,713 2087,713 2087,863 395,863"/>
                <Baseline points="395,819 485,817 565,817 833,815 1017,853 1171,843 1471,815 1835,811 2087,815"/>
                <Word id="w_w2aab1b1b2b3b7ab1" language="English" custom="readingOrder {index:0;}">
                    <Coords points="395,755 485,755 485,819 395,819"/>
                    <TextEquiv>
                        <Unicode>re</Unicode>
                    </TextEquiv>
                    <TextStyle fontFamily="Arial" fontSize="10.0" italic="true"/>
                </Word>
                <Word id="w_w2aab1b1b2b3b7ab7" language="English" custom="readingOrder {index:1;}">
                    <Coords points="505,753 565,753 565,817 505,817"/>
                    <TextEquiv>
                        <Unicode>a</Unicode>
                    </TextEquiv>
                    <TextStyle fontFamily="Arial" fontSize="10.0" italic="true"/>
                </Word>
                <Word id="w_w2aab1b1b2b3b7ac11" language="English" custom="readingOrder {index:2;}">
                    <Coords points="591,745 833,745 833,863 591,863"/>
                    <TextEquiv>
                        <Unicode>pour</Unicode>
                    </TextEquiv>
                    <TextStyle fontFamily="Arial" fontSize="10.0" italic="true"/>
                </Word>
                <Word id="w_w2aab1b1b2b3b7ac21" language="English" custom="readingOrder {index:3;}">
                    <Coords points="855,713 1017,713 1017,853 855,853"/>
                    <TextEquiv>
                        <Unicode>luy</Unicode>
                    </TextEquiv>
                    <TextStyle fontFamily="Arial" fontSize="10.0" italic="true"/>
                </Word>
                <Word id="w_w2aab1b1b2b3b7ac29" language="English" custom="readingOrder {index:4;}">
                    <Coords points="1045,713 1171,713 1171,843 1045,843"/>
                    <TextEquiv>
                        <Unicode>eft</Unicode>
                    </TextEquiv>
                    <TextStyle fontFamily="Arial" fontSize="10.0" italic="true"/>
                </Word>
                <Word id="w_w2aab1b1b2b3b7ac37" language="English" custom="readingOrder {index:5;}">
                    <Coords points="1201,713 1471,713 1471,857 1201,857"/>
                    <TextEquiv>
                        <Unicode>mfte:</Unicode>
                    </TextEquiv>
                    <TextStyle fontFamily="Arial" fontSize="10.0" italic="true"/>
                </Word>
                <Word id="w_w2aab1b1b2b3b7ac49" language="English" custom="readingOrder {index:6;}">
                    <Coords points="1649,749 1835,749 1835,859 1649,859"/>
                    <TextEquiv>
                        <Unicode>que</Unicode>
                    </TextEquiv>
                    <TextStyle fontFamily="Arial" fontSize="10.0" italic="true"/>
                </Word>
                <Word id="w_w2aab1b1b2b3b7ac57" language="English" custom="readingOrder {index:7;}">
                    <Coords points="1861,739 2087,739 2087,815 1861,815"/>
                    <TextEquiv>
                        <Unicode>tant</Unicode>
                    </TextEquiv>
                    <TextStyle fontFamily="Arial" fontSize="10.0" italic="true"/>
                </Word>
                <TextEquiv>
                    <Unicode>re a pour luy eſt iuſte: &amp; que tant</Unicode>
                </TextEquiv>
                <TextStyle fontFamily="Arial" fontSize="10.0" italic="true"/>
            </TextLine>
            <TextEquiv>
                <Unicode>Vrfé. Certainement il faut ad¬
uoüer, qu'il a merité ſa reputa¬
tion: que l'amour, que toute la ter¬
re a pour luy eſt iuſte: &amp; que tant</Unicode>
            </TextEquiv>
        </TextRegion>
        <TextRegion type="paragraph" id="r_1_3" custom="readingOrder {index:2;}">
            <Coords points="358,864 2096,864 2096,3474 358,3474"/>
            <TextLine id="tl_6" primaryLanguage="English" custom="readingOrder {index:0;}">
                <Coords points="387,865 2085,865 2085,1021 387,1021"/>
                <Baseline points="387,973 495,969 871,969 1459,987 1661,969 1845,969 2085,951"/>
                <Word id="w_w2aab1b1b2b5b1ab1" language="English" custom="readingOrder {index:0;}">
                    <Coords points="387,865 495,865 495,973 387,973"/>
                    <TextEquiv>
                        <Unicode>de</Unicode>
                    </TextEquiv>
                    <TextStyle fontFamily="Arial" fontSize="10.0" italic="true"/>
                </Word>
                <Word id="w_w2aab1b1b2b5b1ab7" language="English" custom="readingOrder {index:1;}">
                    <Coords points="511,873 871,873 871,971 511,971"/>
                    <TextEquiv>
                        <Unicode>nations</Unicode>
                    </TextEquiv>
                    <TextStyle fontFamily="Arial" fontSize="10.0" italic="true"/>
                </Word>
                <Word id="w_w2aab1b1b2b5b1ac23" language="English" custom="readingOrder {index:2;}">
                    <Coords points="893,865 1459,865 1459,1021 893,1021"/>
                    <TextEquiv>
                        <Unicode>differentes,</Unicode>
                    </TextEquiv>
                    <TextStyle fontFamily="Arial" fontSize="10.0" italic="true"/>
                </Word>
                <Word id="w_w2aab1b1b2b5b1ac49" language="English" custom="readingOrder {index:3;}">
                    <Coords points="1489,869 1661,869 1661,1015 1489,1015"/>
                    <TextEquiv>
                        <Unicode>qui</Unicode>
                    </TextEquiv>
                    <TextStyle fontFamily="Arial" fontSize="10.0" italic="true"/>
                </Word>
                <Word id="w_w2aab1b1b2b5b1ac57" language="English" custom="readingOrder {index:4;}">
                    <Coords points="1681,893 1845,893 1845,969 1681,969"/>
                    <TextEquiv>
                        <Unicode>ont</Unicode>
                    </TextEquiv>
                    <TextStyle fontFamily="Arial" fontSize="10.0" italic="true"/>
                </Word>
                <Word id="w_w2aab1b1b2b5b1ac65" language="English" custom="readingOrder {index:5;}">
                    <Coords points="1861,891 2085,891 2085,967 1861,967"/>
                    <TextEquiv>
                        <Unicode>tra¬</Unicode>
                    </TextEquiv>
                    <TextStyle fontFamily="Arial" fontSize="10.0" italic="true"/>
                </Word>
                <TextEquiv>
                    <Unicode>de nations differentes, qui ont tra¬</Unicode>
                </TextEquiv>
                <TextStyle fontFamily="Arial" fontSize="10.0" italic="true"/>
            </TextLine>
            <TextLine id="tl_7" primaryLanguage="English" custom="readingOrder {index:1;}">
                <Coords points="383,1013 2085,1013 2085,1169 383,1169"/>
                <Baseline points="383,1123 773,1127 1039,1127 1175,1123 1461,1127 1841,1121 2085,1123"/>
                <Word id="w_w2aab1b1b2b5b3ab1" language="English" custom="readingOrder {index:0;}">
                    <Coords points="383,1013 773,1013 773,1165 383,1165"/>
                    <TextEquiv>
                        <Unicode>duitfon</Unicode>
                    </TextEquiv>
                    <TextStyle fontFamily="Arial" fontSize="10.0" italic="true"/>
                </Word>
                <Word id="w_w2aab1b1b2b5b3ac17" language="English" custom="readingOrder {index:1;}">
                    <Coords points="801,1019 1039,1019 1039,1127 801,1127"/>
                    <TextEquiv>
                        <Unicode>hure</Unicode>
                    </TextEquiv>
                    <TextStyle fontFamily="Arial" fontSize="10.0" italic="true"/>
                </Word>
                <Word id="w_w2aab1b1b2b5b3ac27" language="English" custom="readingOrder {index:2;}">
                    <Coords points="1065,1063 1175,1063 1175,1127 1065,1127"/>
                    <TextEquiv>
                        <Unicode>en</Unicode>
                    </TextEquiv>
                    <TextStyle fontFamily="Arial" fontSize="10.0" italic="true"/>
                </Word>
                <Word id="w_w2aab1b1b2b5b3ac33" language="English" custom="readingOrder {index:3;}">
                    <Coords points="1211,1027 1461,1027 1461,1127 1211,1127"/>
                    <TextEquiv>
                        <Unicode>leurs</Unicode>
                    </TextEquiv>
                    <TextStyle fontFamily="Arial" fontSize="10.0" italic="true"/>
                </Word>
                <Word id="w_w2aab1b1b2b5b3ac45" language="English" custom="readingOrder {index:4;}">
                    <Coords points="1493,1025 1841,1025 1841,1169 1493,1169"/>
                    <TextEquiv>
                        <Unicode>langue</Unicode>
                    </TextEquiv>
                    <TextStyle fontFamily="Arial" fontSize="10.0" italic="true"/>
                </Word>
                <Word id="w_w2aab1b1b2b5b3ac59" language="English" custom="readingOrder {index:5;}">
                    <Coords points="1845,1047 2085,1047 2085,1141 1845,1141"/>
                    <TextEquiv>
                        <Unicode>s,ont</Unicode>
                    </TextEquiv>
                    <TextStyle fontFamily="Arial" fontSize="10.0" italic="true"/>
                </Word>
                <TextEquiv>
                    <Unicode>duit ſon liure en leurs langues, ont</Unicode>
                </TextEquiv>
                <TextStyle fontFamily="Arial" fontSize="10.0" italic="true"/>
            </TextLine>
            <TextLine id="tl_8" primaryLanguage="English" custom="readingOrder {index:2;}">
                <Coords points="385,1173 2087,1173 2087,1319 385,1319"/>
                <Baseline points="385,1275 495,1277 699,1279 859,1277 1007,1283 1135,1281 1481,1283 1825,1273 2087,1319"/>
                <Word id="w_w2aab1b1b2b5b5ab1" language="English" custom="readingOrder {index:0;}">
                    <Coords points="385,1211 495,1211 495,1277 385,1277"/>
                    <TextEquiv>
                        <Unicode>eu</Unicode>
                    </TextEquiv>
                    <TextStyle fontFamily="Arial" fontSize="10.0" italic="true"/>
                </Word>
                <Word id="w_w2aab1b1b2b5b5ab7" language="English" custom="readingOrder {index:1;}">
                    <Coords points="551,1179 699,1179 699,1279 551,1279"/>
                    <TextEquiv>
                        <Unicode>rai</Unicode>
                    </TextEquiv>
                    <TextStyle fontFamily="Arial" fontSize="10.0" italic="true"/>
                </Word>
                <Word id="w_w2aab1b1b2b5b5ac15" language="English" custom="readingOrder {index:2;}">
                    <Coords points="697,1173 859,1173 859,1315 697,1315"/>
                    <TextEquiv>
                        <Unicode>fon</Unicode>
                    </TextEquiv>
                    <TextStyle fontFamily="Arial" fontSize="10.0" italic="true"/>
                </Word>
                <Word id="w_w2aab1b1b2b5b5ac23" language="English" custom="readingOrder {index:3;}">
                    <Coords points="891,1177 1007,1177 1007,1283 891,1283"/>
                    <TextEquiv>
                        <Unicode>de</Unicode>
                    </TextEquiv>
                    <TextStyle fontFamily="Arial" fontSize="10.0" italic="true"/>
                </Word>
                <Word id="w_w2aab1b1b2b5b5ac29" language="English" custom="readingOrder {index:4;}">
                    <Coords points="1055,1177 1135,1177 1135,1285 1055,1285"/>
                    <TextEquiv>
                        <Unicode>le</Unicode>
                    </TextEquiv>
                    <TextStyle fontFamily="Arial" fontSize="10.0" italic="true"/>
                </Word>
                <Word id="w_w2aab1b1b2b5b5ac35" language="English" custom="readingOrder {index:5;}">
                    <Coords points="1189,1177 1481,1177 1481,1307 1189,1307"/>
                    <TextEquiv>
                        <Unicode>faire.</Unicode>
                    </TextEquiv>
                    <TextStyle fontFamily="Arial" fontSize="10.0" italic="true"/>
                </Word>
                <Word id="w_w2aab1b1b2b5b5ac49" language="English" custom="readingOrder {index:6;}">
                    <Coords points="1539,1181 1825,1181 1825,1281 1539,1281"/>
                    <TextEquiv>
                        <Unicode>"Tour</Unicode>
                    </TextEquiv>
                    <TextStyle fontFamily="Arial" fontSize="10.0" italic="true"/>
                </Word>
                <Word id="w_w2aab1b1b2b5b5ac61" language="English" custom="readingOrder {index:7;}">
                    <Coords points="1867,1213 2087,1213 2087,1319 1867,1319"/>
                    <TextEquiv>
                        <Unicode>moy</Unicode>
                    </TextEquiv>
                    <TextStyle fontFamily="Arial" fontSize="10.0" italic="true"/>
                </Word>
                <TextEquiv>
                    <Unicode>eu raiſon de le faire. Pour moy</Unicode>
                </TextEquiv>
                <TextStyle fontFamily="Arial" fontSize="10.0" italic="true"/>
            </TextLine>
            <TextLine id="tl_9" primaryLanguage="English" custom="readingOrder {index:3;}">
                <Coords points="383,1329 2087,1329 2087,1483 383,1483"/>
                <Baseline points="383,1429 459,1429 843,1431 1261,1433 1469,1459 1697,1433 1817,1429 2087,1433"/>
                <Word id="w_w2aab1b1b2b5b7ab1" language="English" custom="readingOrder {index:0;}">
                    <Coords points="383,1329 459,1329 459,1429 383,1429"/>
                    <TextEquiv>
                        <Unicode>ie</Unicode>
                    </TextEquiv>
                    <TextStyle fontFamily="Arial" fontSize="10.0" italic="true"/>
                </Word>
                <Word id="w_w2aab1b1b2b5b7ab7" language="English" custom="readingOrder {index:1;}">
                    <Coords points="479,1329 843,1329 843,1473 479,1473"/>
                    <TextEquiv>
                        <Unicode>confefje</Unicode>
                    </TextEquiv>
                    <TextStyle fontFamily="Arial" fontSize="10.0" italic="true"/>
                </Word>
                <Word id="w_w2aab1b1b2b5b7ac25" language="English" custom="readingOrder {index:2;}">
                    <Coords points="869,1329 1421,1329 1421,1439 869,1439"/>
                    <TextEquiv>
                        <Unicode>hautement</Unicode>
                    </TextEquiv>
                    <TextStyle fontFamily="Arial" fontSize="10.0" italic="true"/>
                </Word>
                <Word id="w_w2aab1b1b2b5b7b1b1" language="English" custom="readingOrder {index:3;}">
                    <Coords points="1443,1371 1469,1371 1469,1483 1443,1483"/>
                    <TextEquiv>
                        <Unicode>,</Unicode>
                    </TextEquiv>
                    <TextStyle fontFamily="Arial" fontSize="11.0" bold="true"/>
                </Word>
                <Word id="w_w2aab1b1b2b5b7b2b1" language="English" custom="readingOrder {index:4;}">
                    <Coords points="1515,1367 1697,1367 1697,1483 1515,1483"/>
                    <TextEquiv>
                        <Unicode>que</Unicode>
                    </TextEquiv>
                    <TextStyle fontFamily="Arial" fontSize="10.0" italic="true"/>
                </Word>
                <Word id="w_w2aab1b1b2b5b7b2b9" language="English" custom="readingOrder {index:5;}">
                    <Coords points="1737,1331 1817,1331 1817,1431 1737,1431"/>
                    <TextEquiv>
                        <Unicode>ie</Unicode>
                    </TextEquiv>
                    <TextStyle fontFamily="Arial" fontSize="10.0" italic="true"/>
                </Word>
                <Word id="w_w2aab1b1b2b5b7b2c15" language="English" custom="readingOrder {index:6;}">
                    <Coords points="1877,1335 2087,1335 2087,1469 1877,1469"/>
                    <TextEquiv>
                        <Unicode>fuis</Unicode>
                    </TextEquiv>
                    <TextStyle fontFamily="Arial" fontSize="10.0" italic="true"/>
                </Word>
                <TextEquiv>
                    <Unicode>ie confeſſe hautement, que ie ſuis</Unicode>
                </TextEquiv>
            </TextLine>
            <TextLine id="tl_10" primaryLanguage="English" custom="readingOrder {index:4;}">
                <Coords points="359,1485 2091,1485 2091,1633 359,1633"/>
                <Baseline points="359,1619 541,1585 1121,1591 1173,1591 1293,1591 1389,1633 1499,1591 1839,1587 2091,1587"/>
                <Word id="w_w2aab1b1b2b5b9ab1" language="English" custom="readingOrder {index:0;}">
                    <Coords points="359,1491 541,1491 541,1619 359,1619"/>
                    <TextEquiv>
                        <Unicode>fon</Unicode>
                    </TextEquiv>
                    <TextStyle fontFamily="Arial" fontSize="10.0" italic="true"/>
                </Word>
                <Word id="w_w2aab1b1b2b5b9ab9" language="English" custom="readingOrder {index:1;}">
                    <Coords points="601,1485 1121,1485 1121,1591 601,1591"/>
                    <TextEquiv>
                        <Unicode>adorateur</Unicode>
                    </TextEquiv>
                    <TextStyle fontFamily="Arial" fontSize="10.0" italic="true"/>
                </Word>
                <Word id="w_w2aab1b1b2b5b9ac29" language="English" custom="readingOrder {index:2;}">
                    <Coords points="1141,1531 1173,1531 1173,1591 1141,1591"/>
                    <TextEquiv>
                        <Unicode>:</Unicode>
                    </TextEquiv>
                    <TextStyle fontFamily="Arial" fontSize="10.0" italic="true"/>
                </Word>
                <Word id="w_w2aab1b1b2b5b9ac33" language="English" custom="readingOrder {index:3;}">
                    <Coords points="1217,1489 1293,1489 1293,1591 1217,1591"/>
                    <TextEquiv>
                        <Unicode>il</Unicode>
                    </TextEquiv>
                    <TextStyle fontFamily="Arial" fontSize="10.0" italic="true"/>
                </Word>
                <Word id="w_w2aab1b1b2b5b9ac39" language="English" custom="readingOrder {index:4;}">
                    <Coords points="1309,1525 1389,1525 1389,1633 1309,1633"/>
                    <TextEquiv>
                        <Unicode>y</Unicode>
                    </TextEquiv>
                    <TextStyle fontFamily="Arial" fontSize="10.0" italic="true"/>
                </Word>
                <Word id="w_w2aab1b1b2b5b9ac43" language="English" custom="readingOrder {index:5;}">
                    <Coords points="1435,1527 1499,1527 1499,1591 1435,1591"/>
                    <TextEquiv>
                        <Unicode>a</Unicode>
                    </TextEquiv>
                    <TextStyle fontFamily="Arial" fontSize="10.0" italic="true"/>
                </Word>
                <Word id="w_w2aab1b1b2b5b9ac47" language="English" custom="readingOrder {index:6;}">
                    <Coords points="1543,1491 1839,1491 1839,1633 1543,1633"/>
                    <TextEquiv>
                        <Unicode>vingt</Unicode>
                    </TextEquiv>
                    <TextStyle fontFamily="Arial" fontSize="10.0" italic="true"/>
                </Word>
                <Word id="w_w2aab1b1b2b5b9ac59" language="English" custom="readingOrder {index:7;}">
                    <Coords points="1897,1523 2091,1523 2091,1587 1897,1587"/>
                    <TextEquiv>
                        <Unicode>ans</Unicode>
                    </TextEquiv>
                    <TextStyle fontFamily="Arial" fontSize="10.0" italic="true"/>
                </Word>
                <TextEquiv>
                    <Unicode>ſon adorateur: il y a vingt ans</Unicode>
                </TextEquiv>
                <TextStyle fontFamily="Arial" fontSize="10.0" italic="true"/>
            </TextLine>
            <TextLine id="tl_11" primaryLanguage="English" custom="readingOrder {index:5;}">
                <Coords points="391,1637 2091,1637 2091,1789 391,1789"/>
                <Baseline points="391,1783 563,1737 665,1741 815,1741 1041,1741 1285,1769 1477,1779 1597,1743 1749,1779 1841,1741 2091,1741"/>
                <Word id="w_w2aab1b1b2b5c11ab1" language="English" custom="readingOrder {index:0;}">
                    <Coords points="391,1673 563,1673 563,1783 391,1783"/>
                    <TextEquiv>
                        <Unicode>que</Unicode>
                    </TextEquiv>
                    <TextStyle fontFamily="Arial" fontSize="10.0" italic="true"/>
                </Word>
                <Word id="w_w2aab1b1b2b5c11ab9" language="English" custom="readingOrder {index:1;}">
                    <Coords points="585,1641 665,1641 665,1741 585,1741"/>
                    <TextEquiv>
                        <Unicode>ie</Unicode>
                    </TextEquiv>
                    <TextStyle fontFamily="Arial" fontSize="10.0" italic="true"/>
                </Word>
                <Word id="w_w2aab1b1b2b5c11ac15" language="English" custom="readingOrder {index:2;}">
                    <Coords points="733,1639 815,1639 815,1743 733,1743"/>
                    <TextEquiv>
                        <Unicode>le</Unicode>
                    </TextEquiv>
                    <TextStyle fontFamily="Arial" fontSize="10.0" italic="true"/>
                </Word>
                <Word id="w_w2aab1b1b2b5c11ac21" language="English" custom="readingOrder {index:3;}">
                    <Coords points="875,1677 1227,1677 1227,1789 875,1789"/>
                    <TextEquiv>
                        <Unicode>connoy</Unicode>
                    </TextEquiv>
                    <TextStyle fontFamily="Arial" fontSize="10.0" italic="true"/>
                </Word>
                <Word id="w_w2aab1b1b2b5c11b1b1" language="English" custom="readingOrder {index:4;}">
                    <Coords points="1257,1677 1285,1677 1285,1777 1257,1777"/>
                    <TextEquiv>
                        <Unicode>,</Unicode>
                    </TextEquiv>
                    <TextStyle fontFamily="Arial" fontSize="11.0" bold="true"/>
                </Word>
                <Word id="w_w2aab1b1b2b5c11b2b1" language="English" custom="readingOrder {index:5;}">
                    <Coords points="1347,1661 1477,1661 1477,1779 1347,1779"/>
                    <TextEquiv>
                        <Unicode>çf</Unicode>
                    </TextEquiv>
                    <TextStyle fontFamily="Arial" fontSize="10.0" italic="true"/>
                </Word>
                <Word id="w_w2aab1b1b2b5c11b2b7" language="English" custom="readingOrder {index:6;}">
                    <Coords points="1553,1685 1597,1685 1597,1743 1553,1743"/>
                    <TextEquiv>
                        <Unicode>c</Unicode>
                    </TextEquiv>
                    <TextStyle fontFamily="Arial" fontSize="10.0" italic="true"/>
                </Word>
                <Word id="w_w2aab1b1b2b5c11b2c11" language="English" custom="readingOrder {index:7;}">
                    <Coords points="1627,1643 1749,1643 1749,1779 1627,1779"/>
                    <TextEquiv>
                        <Unicode>eft</Unicode>
                    </TextEquiv>
                    <TextStyle fontFamily="Arial" fontSize="10.0" italic="true"/>
                </Word>
                <Word id="w_w2aab1b1b2b5c11b2c19" language="English" custom="readingOrder {index:8;}">
                    <Coords points="1777,1681 1841,1681 1841,1741 1777,1741"/>
                    <TextEquiv>
                        <Unicode>a</Unicode>
                    </TextEquiv>
                    <TextStyle fontFamily="Arial" fontSize="10.0" italic="true"/>
                </Word>
                <Word id="w_w2aab1b1b2b5c11b2c23" language="English" custom="readingOrder {index:9;}">
                    <Coords points="1887,1637 2091,1637 2091,1743 1887,1743"/>
                    <TextEquiv>
                        <Unicode>dire</Unicode>
                    </TextEquiv>
                    <TextStyle fontFamily="Arial" fontSize="10.0" italic="true"/>
                </Word>
                <TextEquiv>
                    <Unicode>que ie le connoy, &amp; c'eſt à dire</Unicode>
                </TextEquiv>
            </TextLine>
            <TextLine id="tl_12" primaryLanguage="English" custom="readingOrder {index:6;}">
                <Coords points="387,1791 2083,1791 2083,1949 387,1949"/>
                <Baseline points="387,1937 617,1895 693,1939 805,1895 1119,1903 1329,1899 1543,1889 1663,1897 2083,1897"/>
                <Word id="w_w2aab1b1b2b5c13ab1" language="English" custom="readingOrder {index:0;}">
                    <Coords points="387,1791 617,1791 617,1937 387,1937"/>
                    <TextEquiv>
                        <Unicode>quil</Unicode>
                    </TextEquiv>
                    <TextStyle fontFamily="Arial" fontSize="10.0" italic="true"/>
                </Word>
                <Word id="w_w2aab1b1b2b5c13ac11" language="English" custom="readingOrder {index:1;}">
                    <Coords points="635,1829 693,1829 693,1939 635,1939"/>
                    <TextEquiv>
                        <Unicode>y</Unicode>
                    </TextEquiv>
                    <TextStyle fontFamily="Arial" fontSize="10.0" italic="true"/>
                </Word>
                <Word id="w_w2aab1b1b2b5c13ac15" language="English" custom="readingOrder {index:2;}">
                    <Coords points="739,1831 805,1831 805,1895 739,1895"/>
                    <TextEquiv>
                        <Unicode>a</Unicode>
                    </TextEquiv>
                    <TextStyle fontFamily="Arial" fontSize="10.0" italic="true"/>
                </Word>
                <Word id="w_w2aab1b1b2b5c13ac19" language="English" custom="readingOrder {index:3;}">
                    <Coords points="833,1805 1119,1805 1119,1949 833,1949"/>
                    <TextEquiv>
                        <Unicode>vingt</Unicode>
                    </TextEquiv>
                    <TextStyle fontFamily="Arial" fontSize="10.0" italic="true"/>
                </Word>
                <Word id="w_w2aab1b1b2b5c13ac31" language="English" custom="readingOrder {index:4;}">
                    <Coords points="1149,1837 1329,1837 1329,1899 1149,1899"/>
                    <TextEquiv>
                        <Unicode>ans</Unicode>
                    </TextEquiv>
                    <TextStyle fontFamily="Arial" fontSize="10.0" italic="true"/>
                </Word>
                <Word id="w_w2aab1b1b2b5c13ac39" language="English" custom="readingOrder {index:5;}">
                    <Coords points="1363,1827 1543,1827 1543,1945 1363,1945"/>
                    <TextEquiv>
                        <Unicode>que</Unicode>
                    </TextEquiv>
                    <TextStyle fontFamily="Arial" fontSize="10.0" italic="true"/>
                </Word>
                <Word id="w_w2aab1b1b2b5c13ac47" language="English" custom="readingOrder {index:6;}">
                    <Coords points="1583,1799 1663,1799 1663,1899 1583,1899"/>
                    <TextEquiv>
                        <Unicode>ie</Unicode>
                    </TextEquiv>
                    <TextStyle fontFamily="Arial" fontSize="10.0" italic="true"/>
                </Word>
                <Word id="w_w2aab1b1b2b5c13ac53" language="English" custom="readingOrder {index:7;}">
                    <Coords points="1733,1791 2083,1791 2083,1897 1733,1897"/>
                    <TextEquiv>
                        <Unicode>l'aime.</Unicode>
                    </TextEquiv>
                    <TextStyle fontFamily="Arial" fontSize="10.0" italic="true"/>
                </Word>
                <TextEquiv>
                    <Unicode>qu'il y a vingt ans que ie l'aime.</Unicode>
                </TextEquiv>
                <TextStyle fontFamily="Arial" fontSize="10.0" italic="true"/>
            </TextLine>
            <TextLine id="tl_13" primaryLanguage="English" custom="readingOrder {index:7;}">
                <Coords points="395,1941 2095,1941 2095,2097 395,2097"/>
                <Baseline points="395,2047 557,2043 703,2081 957,2065 1077,2057 1237,2097 1833,2049 2095,2053"/>
                <Word id="w_w2aab1b1b2b5c15ab1" language="English" custom="readingOrder {index:0;}">
                    <Coords points="395,1941 557,1941 557,2047 395,2047"/>
                    <TextEquiv>
                        <Unicode>En</Unicode>
                    </TextEquiv>
                    <TextStyle fontFamily="Arial" fontSize="10.0" italic="true"/>
                </Word>
                <Word id="w_w2aab1b1b2b5c15ab7" language="English" custom="readingOrder {index:1;}">
                    <Coords points="605,1941 863,1941 863,2097 605,2097"/>
                    <TextEquiv>
                        <Unicode>effeéî</Unicode>
                    </TextEquiv>
                    <TextStyle fontFamily="Arial" fontSize="10.0" italic="true"/>
                </Word>
                <Word id="w_w2aab1b1b2b5c15b1b3" language="English" custom="readingOrder {index:2;}">
                    <Coords points="927,1993 957,1993 957,2065 927,2065"/>
                    <TextEquiv>
                        <Unicode>,</Unicode>
                    </TextEquiv>
                    <TextStyle fontFamily="Arial" fontSize="11.0" bold="true"/>
                </Word>
                <Word id="w_w2aab1b1b2b5c15b2b1" language="English" custom="readingOrder {index:3;}">
                    <Coords points="1007,1957 1077,1957 1077,2057 1007,2057"/>
                    <TextEquiv>
                        <Unicode>il</Unicode>
                    </TextEquiv>
                    <TextStyle fontFamily="Arial" fontSize="10.0" italic="true"/>
                </Word>
                <Word id="w_w2aab1b1b2b5c15b2b7" language="English" custom="readingOrder {index:4;}">
                    <Coords points="1121,1953 1237,1953 1237,2097 1121,2097"/>
                    <TextEquiv>
                        <Unicode>efi</Unicode>
                    </TextEquiv>
                    <TextStyle fontFamily="Arial" fontSize="10.0" italic="true"/>
                </Word>
                <Word id="w_w2aab1b1b2b5c15b2c15" language="English" custom="readingOrder {index:5;}">
                    <Coords points="1295,1943 1833,1943 1833,2055 1295,2055"/>
                    <TextEquiv>
                        <Unicode>admirable</Unicode>
                    </TextEquiv>
                    <TextStyle fontFamily="Arial" fontSize="10.0" italic="true"/>
                </Word>
                <Word id="w_w2aab1b1b2b5c15b2c35" language="English" custom="readingOrder {index:6;}">
                    <Coords points="1909,1981 2095,1981 2095,2097 1909,2097"/>
                    <TextEquiv>
                        <Unicode>par</Unicode>
                    </TextEquiv>
                    <TextStyle fontFamily="Arial" fontSize="10.0" italic="true"/>
                </Word>
                <TextEquiv>
                    <Unicode>En effect, il eſt admirable par</Unicode>
                </TextEquiv>
            </TextLine>
            <TextLine id="tl_14" primaryLanguage="English" custom="readingOrder {index:8;}">
                <Coords points="389,2101 2083,2101 2083,2243 389,2243"/>
                <Baseline points="389,2201 645,2199 747,2203 905,2207 1277,2209 1433,2205 1821,2209 1907,2207 2083,2231"/>
                <Word id="w_w2aab1b1b2b5c17ab1" language="English" custom="readingOrder {index:0;}">
                    <Coords points="389,2123 645,2123 645,2201 389,2201"/>
                    <TextEquiv>
                        <Unicode>tout:</Unicode>
                    </TextEquiv>
                    <TextStyle fontFamily="Arial" fontSize="10.0" italic="true"/>
                </Word>
                <Word id="w_w2aab1b1b2b5c17ac13" language="English" custom="readingOrder {index:1;}">
                    <Coords points="673,2101 747,2101 747,2203 673,2203"/>
                    <TextEquiv>
                        <Unicode>il</Unicode>
                    </TextEquiv>
                    <TextStyle fontFamily="Arial" fontSize="10.0" italic="true"/>
                </Word>
                <Word id="w_w2aab1b1b2b5c17ac19" language="English" custom="readingOrder {index:2;}">
                    <Coords points="783,2105 905,2105 905,2221 783,2221"/>
                    <TextEquiv>
                        <Unicode>eft</Unicode>
                    </TextEquiv>
                    <TextStyle fontFamily="Arial" fontSize="10.0" italic="true"/>
                </Word>
                <Word id="w_w2aab1b1b2b5c17ac27" language="English" custom="readingOrder {index:3;}">
                    <Coords points="917,2101 1277,2101 1277,2243 917,2243"/>
                    <TextEquiv>
                        <Unicode>fécond</Unicode>
                    </TextEquiv>
                    <TextStyle fontFamily="Arial" fontSize="10.0" italic="true"/>
                </Word>
                <Word id="w_w2aab1b1b2b5c17ac41" language="English" custom="readingOrder {index:4;}">
                    <Coords points="1323,2141 1433,2141 1433,2207 1323,2207"/>
                    <TextEquiv>
                        <Unicode>en</Unicode>
                    </TextEquiv>
                    <TextStyle fontFamily="Arial" fontSize="10.0" italic="true"/>
                </Word>
                <Word id="w_w2aab1b1b2b5c17ac47" language="English" custom="readingOrder {index:5;}">
                    <Coords points="1491,2133 1821,2133 1821,2209 1491,2209"/>
                    <TextEquiv>
                        <Unicode>muent</Unicode>
                    </TextEquiv>
                    <TextStyle fontFamily="Arial" fontSize="10.0" italic="true"/>
                </Word>
                <Word id="w_w2aab1b1b2b5c17ac59" language="English" custom="readingOrder {index:6;}">
                    <Coords points="1823,2145 2031,2145 2031,2209 1823,2209"/>
                    <TextEquiv>
                        <Unicode>ions</Unicode>
                    </TextEquiv>
                    <TextStyle fontFamily="Arial" fontSize="10.0" italic="true"/>
                </Word>
                <Word id="w_w2aab1b1b2b5c17b1b1" language="English" custom="readingOrder {index:7;}">
                    <Coords points="2055,2189 2083,2189 2083,2231 2055,2231"/>
                    <TextEquiv>
                        <Unicode>,</Unicode>
                    </TextEquiv>
                    <TextStyle fontFamily="Arial" fontSize="11.0" bold="true"/>
                </Word>
                <TextEquiv>
                    <Unicode>tout: il eſt fecond en inuentions,</Unicode>
                </TextEquiv>
            </TextLine>
            <TextLine id="tl_15" primaryLanguage="English" custom="readingOrder {index:9;}">
                <Coords points="389,2249 2087,2255 2087,2401 389,2395"/>
                <Baseline points="400,2381 595,2353 705,2355 1305,2365 2023,2365 2087,2361"/>
                <Word id="w_w2aab1b1b2b5c19ab1" language="English" custom="readingOrder {index:0;}">
                    <Coords points="595,2291 705,2291 705,2355 595,2355"/>
                    <TextEquiv>
                        <Unicode>en</Unicode>
                    </TextEquiv>
                    <TextStyle fontFamily="Arial" fontSize="10.0" italic="true"/>
                </Word>
                <Word id="w_w2aab1b1b2b5c19ab7" language="English" custom="readingOrder {index:1;}">
                    <Coords points="769,2263 1305,2263 1305,2365 769,2365"/>
                    <TextEquiv>
                        <Unicode>inuentions</Unicode>
                    </TextEquiv>
                    <TextStyle fontFamily="Arial" fontSize="10.0" italic="true"/>
                </Word>
                <Word id="w_w2aab1b1b2b5c19ac29" language="English" custom="readingOrder {index:2;}">
                    <Coords points="1383,2255 2023,2255 2023,2401 1383,2401"/>
                    <TextEquiv>
                        <Unicode>raifonnables</Unicode>
                    </TextEquiv>
                    <TextStyle fontFamily="Arial" fontSize="10.0" italic="true"/>
                </Word>
                <Word id="w_w2aab1b1b2b5c19ac55" language="English" custom="readingOrder {index:3;}">
                    <Coords points="2049,2303 2087,2303 2087,2361 2049,2361"/>
                    <TextEquiv>
                        <Unicode>:</Unicode>
                    </TextEquiv>
                    <TextStyle fontFamily="Arial" fontSize="10.0" italic="true"/>
                </Word>
                <Word id="word_1548413882137_301" custom="readingOrder {index:4;}">
                    <Coords points="398,2251 525,2251 525,2381 398,2381"/>
                    <TextEquiv>
                        <Unicode></Unicode>
                    </TextEquiv>
                </Word>
                <TextEquiv>
                    <Unicode>&amp; en inuentions raiſonnables:</Unicode>
                </TextEquiv>
                <TextStyle fontFamily="Arial" fontSize="10.0" italic="true"/>
            </TextLine>
            <TextLine id="tl_16" primaryLanguage="English" custom="readingOrder {index:10;}">
                <Coords points="395,2413 2093,2413 2093,2561 395,2561"/>
                <Baseline points="395,2505 591,2511 697,2555 845,2553 1319,2517 1561,2537 1825,2515 1909,2561 2093,2553"/>
                <Word id="w_w2aab1b1b2b5c21ab1" language="English" custom="readingOrder {index:0;}">
                    <Coords points="395,2429 591,2429 591,2511 395,2511"/>
                    <TextEquiv>
                        <Unicode>tout</Unicode>
                    </TextEquiv>
                    <TextStyle fontFamily="Arial" fontSize="10.0" italic="true"/>
                </Word>
                <Word id="w_w2aab1b1b2b5c21ac11" language="English" custom="readingOrder {index:1;}">
                    <Coords points="617,2447 697,2447 697,2555 617,2555"/>
                    <TextEquiv>
                        <Unicode>y</Unicode>
                    </TextEquiv>
                    <TextStyle fontFamily="Arial" fontSize="10.0" italic="true"/>
                </Word>
                <Word id="w_w2aab1b1b2b5c21ac15" language="English" custom="readingOrder {index:2;}">
                    <Coords points="725,2415 845,2415 845,2553 725,2553"/>
                    <TextEquiv>
                        <Unicode>eft</Unicode>
                    </TextEquiv>
                    <TextStyle fontFamily="Arial" fontSize="10.0" italic="true"/>
                </Word>
                <Word id="w_w2aab1b1b2b5c21ac23" language="English" custom="readingOrder {index:3;}">
                    <Coords points="891,2413 1507,2413 1507,2521 891,2521"/>
                    <TextEquiv>
                        <Unicode>merueilleux</Unicode>
                    </TextEquiv>
                    <TextStyle fontFamily="Arial" fontSize="10.0" italic="true"/>
                </Word>
                <Word id="w_w2aab1b1b2b5c21b1b1" language="English" custom="readingOrder {index:4;}">
                    <Coords points="1535,2447 1561,2447 1561,2537 1535,2537"/>
                    <TextEquiv>
                        <Unicode>,</Unicode>
                    </TextEquiv>
                    <TextStyle fontFamily="Arial" fontSize="11.0" bold="true"/>
                </Word>
                <Word id="w_w2aab1b1b2b5c21b2b1" language="English" custom="readingOrder {index:5;}">
                    <Coords points="1615,2443 1825,2443 1825,2523 1615,2523"/>
                    <TextEquiv>
                        <Unicode>tout</Unicode>
                    </TextEquiv>
                    <TextStyle fontFamily="Arial" fontSize="10.0" italic="true"/>
                </Word>
                <Word id="w_w2aab1b1b2b5c21b2c11" language="English" custom="readingOrder {index:6;}">
                    <Coords points="1845,2451 1909,2451 1909,2561 1845,2561"/>
                    <TextEquiv>
                        <Unicode>y</Unicode>
                    </TextEquiv>
                    <TextStyle fontFamily="Arial" fontSize="10.0" italic="true"/>
                </Word>
                <Word id="w_w2aab1b1b2b5c21b2c15" language="English" custom="readingOrder {index:7;}">
                    <Coords points="1957,2421 2093,2421 2093,2553 1957,2553"/>
                    <TextEquiv>
                        <Unicode>eft</Unicode>
                    </TextEquiv>
                    <TextStyle fontFamily="Arial" fontSize="10.0" italic="true"/>
                </Word>
                <TextEquiv>
                    <Unicode>tout y eſt merueilleux, tout y eſt</Unicode>
                </TextEquiv>
            </TextLine>
            <TextLine id="tl_17" primaryLanguage="English" custom="readingOrder {index:11;}">
                <Coords points="397,2547 2083,2547 2083,2719 397,2719"/>
                <Baseline points="397,2653 621,2663 687,2669 849,2703 971,2667 1159,2677 1305,2711 1435,2667 1691,2673 2083,2671"/>
                <Word id="w_w2aab1b1b2b5c23ab1" language="English" custom="readingOrder {index:0;}">
                    <Coords points="397,2547 621,2547 621,2663 397,2663"/>
                    <TextEquiv>
                        <Unicode>beau</Unicode>
                    </TextEquiv>
                    <TextStyle fontFamily="Arial" fontSize="10.0" italic="true"/>
                </Word>
                <Word id="w_w2aab1b1b2b5c23ac11" language="English" custom="readingOrder {index:1;}">
                    <Coords points="653,2607 687,2607 687,2669 653,2669"/>
                    <TextEquiv>
                        <Unicode>:</Unicode>
                    </TextEquiv>
                    <TextStyle fontFamily="Arial" fontSize="10.0" italic="true"/>
                </Word>
                <Word id="w_w2aab1b1b2b5c23ac15" language="English" custom="readingOrder {index:2;}">
                    <Coords points="723,2589 849,2589 849,2703 723,2703"/>
                    <TextEquiv>
                        <Unicode>çf</Unicode>
                    </TextEquiv>
                    <TextStyle fontFamily="Arial" fontSize="10.0" italic="true"/>
                </Word>
                <Word id="w_w2aab1b1b2b5c23ac21" language="English" custom="readingOrder {index:3;}">
                    <Coords points="879,2603 971,2603 971,2669 879,2669"/>
                    <TextEquiv>
                        <Unicode>ce</Unicode>
                    </TextEquiv>
                    <TextStyle fontFamily="Arial" fontSize="10.0" italic="true"/>
                </Word>
                <Word id="w_w2aab1b1b2b5c23ac27" language="English" custom="readingOrder {index:4;}">
                    <Coords points="991,2611 1159,2611 1159,2719 991,2719"/>
                    <TextEquiv>
                        <Unicode>qui</Unicode>
                    </TextEquiv>
                    <TextStyle fontFamily="Arial" fontSize="10.0" italic="true"/>
                </Word>
                <Word id="w_w2aab1b1b2b5c23ac35" language="English" custom="readingOrder {index:5;}">
                    <Coords points="1189,2575 1305,2575 1305,2711 1189,2711"/>
                    <TextEquiv>
                        <Unicode>eft</Unicode>
                    </TextEquiv>
                    <TextStyle fontFamily="Arial" fontSize="10.0" italic="true"/>
                </Word>
                <Word id="w_w2aab1b1b2b5c23ac43" language="English" custom="readingOrder {index:6;}">
                    <Coords points="1355,2573 1435,2573 1435,2677 1355,2677"/>
                    <TextEquiv>
                        <Unicode>le</Unicode>
                    </TextEquiv>
                    <TextStyle fontFamily="Arial" fontSize="10.0" italic="true"/>
                </Word>
                <Word id="w_w2aab1b1b2b5c23ac49" language="English" custom="readingOrder {index:7;}">
                    <Coords points="1465,2569 1691,2569 1691,2717 1465,2717"/>
                    <TextEquiv>
                        <Unicode>plus</Unicode>
                    </TextEquiv>
                    <TextStyle fontFamily="Arial" fontSize="10.0" italic="true"/>
                </Word>
                <Word id="w_w2aab1b1b2b5c23ac59" language="English" custom="readingOrder {index:8;}">
                    <Coords points="1747,2601 2083,2601 2083,2719 1747,2719"/>
                    <TextEquiv>
                        <Unicode>tmpor.</Unicode>
                    </TextEquiv>
                    <TextStyle fontFamily="Arial" fontSize="10.0" italic="true"/>
                </Word>
                <TextEquiv>
                    <Unicode>beau: &amp; ce qui eſt le plus impor.</Unicode>
                </TextEquiv>
                <TextStyle fontFamily="Arial" fontSize="10.0" italic="true"/>
            </TextLine>
            <TextLine id="tl_18" primaryLanguage="English" custom="readingOrder {index:12;}">
                <Coords points="393,2725 2087,2725 2087,2873 393,2873"/>
                <Baseline points="393,2809 437,2809 661,2843 891,2825 995,2869 1165,2873 1613,2827 1793,2859 2087,2869"/>
                <Word id="w_w2aab1b1b2b5c25ab1" language="English" custom="readingOrder {index:0;}">
                    <Coords points="393,2731 601,2731 601,2815 393,2815"/>
                    <TextEquiv>
                        <Unicode>tant</Unicode>
                    </TextEquiv>
                    <TextStyle fontFamily="Arial" fontSize="10.0" italic="true"/>
                </Word>
                <Word id="w_w2aab1b1b2b5c25b1b1" language="English" custom="readingOrder {index:1;}">
                    <Coords points="639,2755 661,2755 661,2843 639,2843"/>
                    <TextEquiv>
                        <Unicode>,</Unicode>
                    </TextEquiv>
                    <TextStyle fontFamily="Arial" fontSize="11.0" bold="true"/>
                </Word>
                <Word id="w_w2aab1b1b2b5c25b2b1" language="English" custom="readingOrder {index:2;}">
                    <Coords points="685,2751 891,2751 891,2829 685,2829"/>
                    <TextEquiv>
                        <Unicode>tout</Unicode>
                    </TextEquiv>
                    <TextStyle fontFamily="Arial" fontSize="10.0" italic="true"/>
                </Word>
                <Word id="w_w2aab1b1b2b5c25b2c11" language="English" custom="readingOrder {index:3;}">
                    <Coords points="925,2765 995,2765 995,2869 925,2869"/>
                    <TextEquiv>
                        <Unicode>y</Unicode>
                    </TextEquiv>
                    <TextStyle fontFamily="Arial" fontSize="10.0" italic="true"/>
                </Word>
                <Word id="w_w2aab1b1b2b5c25b2c15" language="English" custom="readingOrder {index:4;}">
                    <Coords points="1049,2729 1165,2729 1165,2873 1049,2873"/>
                    <TextEquiv>
                        <Unicode>eft</Unicode>
                    </TextEquiv>
                    <TextStyle fontFamily="Arial" fontSize="10.0" italic="true"/>
                </Word>
                <Word id="w_w2aab1b1b2b5c25b2c23" language="English" custom="readingOrder {index:5;}">
                    <Coords points="1223,2725 1613,2725 1613,2833 1223,2833"/>
                    <TextEquiv>
                        <Unicode>naturel</Unicode>
                    </TextEquiv>
                    <TextStyle fontFamily="Arial" fontSize="10.0" italic="true"/>
                </Word>
                <Word id="w_w2aab1b1b2b5c25b2c39" language="English" custom="readingOrder {index:6;}">
                    <Coords points="1665,2741 1793,2741 1793,2859 1665,2859"/>
                    <TextEquiv>
                        <Unicode>çfi</Unicode>
                    </TextEquiv>
                    <TextStyle fontFamily="Arial" fontSize="10.0" italic="true"/>
                </Word>
                <Word id="w_w2aab1b1b2b5c25b2c47" language="English" custom="readingOrder {index:7;}">
                    <Coords points="1821,2759 2087,2759 2087,2869 1821,2869"/>
                    <TextEquiv>
                        <Unicode>vray</Unicode>
                    </TextEquiv>
                    <TextStyle fontFamily="Arial" fontSize="10.0" italic="true"/>
                </Word>
                <TextEquiv>
                    <Unicode>tant, tout y eſt naturel &amp; vray</Unicode>
                </TextEquiv>
            </TextLine>
            <TextLine id="tl_19" primaryLanguage="English" custom="readingOrder {index:13;}">
                <Coords points="373,2867 2087,2867 2087,3011 373,3011"/>
                <Baseline points="373,3011 901,2981 1247,2983 1521,2985 1759,2981 1897,2979 2087,2955"/>
                <Word id="w_w2aab1b1b2b5c27ab1" language="English" custom="readingOrder {index:0;}">
                    <Coords points="373,2867 901,2867 901,3011 373,3011"/>
                    <TextEquiv>
                        <Unicode>fembtable.</Unicode>
                    </TextEquiv>
                    <TextStyle fontFamily="Arial" fontSize="10.0" italic="true"/>
                </Word>
                <Word id="w_w2aab1b1b2b5c27ac23" language="English" custom="readingOrder {index:1;}">
                    <Coords points="939,2885 1247,2885 1247,2983 939,2983"/>
                    <TextEquiv>
                        <Unicode>Ivlais</Unicode>
                    </TextEquiv>
                    <TextStyle fontFamily="Arial" fontSize="10.0" italic="true"/>
                </Word>
                <Word id="w_w2aab1b1b2b5c27ac37" language="English" custom="readingOrder {index:2;}">
                    <Coords points="1269,2913 1521,2913 1521,2985 1269,2985"/>
                    <TextEquiv>
                        <Unicode>entre</Unicode>
                    </TextEquiv>
                    <TextStyle fontFamily="Arial" fontSize="10.0" italic="true"/>
                </Word>
                <Word id="w_w2aab1b1b2b5c27ac49" language="English" custom="readingOrder {index:3;}">
                    <Coords points="1541,2905 1759,2905 1759,2981 1541,2981"/>
                    <TextEquiv>
                        <Unicode>tant</Unicode>
                    </TextEquiv>
                    <TextStyle fontFamily="Arial" fontSize="10.0" italic="true"/>
                </Word>
                <Word id="w_w2aab1b1b2b5c27ac59" language="English" custom="readingOrder {index:4;}">
                    <Coords points="1785,2879 1897,2879 1897,2981 1785,2981"/>
                    <TextEquiv>
                        <Unicode>de</Unicode>
                    </TextEquiv>
                    <TextStyle fontFamily="Arial" fontSize="10.0" italic="true"/>
                </Word>
                <Word id="w_w2aab1b1b2b5c27ac65" language="English" custom="readingOrder {index:5;}">
                    <Coords points="1917,2913 2087,2913 2087,2979 1917,2979"/>
                    <TextEquiv>
                        <Unicode>ra¬</Unicode>
                    </TextEquiv>
                    <TextStyle fontFamily="Arial" fontSize="10.0" italic="true"/>
                </Word>
                <TextEquiv>
                    <Unicode>ſemblable. Mais entre tant de ra¬</Unicode>
                </TextEquiv>
                <TextStyle fontFamily="Arial" fontSize="10.0" italic="true"/>
            </TextLine>
            <TextLine id="tl_20" primaryLanguage="English" custom="readingOrder {index:14;}">
                <Coords points="403,3021 2087,3021 2087,3183 403,3183"/>
                <Baseline points="403,3125 549,3115 715,3127 987,3159 1249,3137 1491,3135 1939,3133 2087,3135"/>
                <Word id="w_w2aab1b1b2b5c29ab1" language="English" custom="readingOrder {index:0;}">
                    <Coords points="403,3055 549,3055 549,3125 403,3125"/>
                    <TextEquiv>
                        <Unicode>res</Unicode>
                    </TextEquiv>
                    <TextStyle fontFamily="Arial" fontSize="10.0" italic="true"/>
                </Word>
                <Word id="w_w2aab1b1b2b5c29ab9" language="English" custom="readingOrder {index:1;}">
                    <Coords points="613,3021 903,3021 903,3169 613,3169"/>
                    <TextEquiv>
                        <Unicode>chofès</Unicode>
                    </TextEquiv>
                    <TextStyle fontFamily="Arial" fontSize="10.0" italic="true"/>
                </Word>
                <Word id="w_w2aab1b1b2b5c29b1b3" language="English" custom="readingOrder {index:2;}">
                    <Coords points="959,3073 987,3073 987,3159 959,3159"/>
                    <TextEquiv>
                        <Unicode>,</Unicode>
                    </TextEquiv>
                    <TextStyle fontFamily="Arial" fontSize="11.0" bold="true"/>
                </Word>
                <Word id="w_w2aab1b1b2b5c29b2b1" language="English" custom="readingOrder {index:3;}">
                    <Coords points="1037,3033 1249,3033 1249,3141 1037,3141"/>
                    <TextEquiv>
                        <Unicode>celle</Unicode>
                    </TextEquiv>
                    <TextStyle fontFamily="Arial" fontSize="10.0" italic="true"/>
                </Word>
                <Word id="w_w2aab1b1b2b5c29b2c13" language="English" custom="readingOrder {index:4;}">
                    <Coords points="1305,3069 1491,3069 1491,3183 1305,3183"/>
                    <TextEquiv>
                        <Unicode>que</Unicode>
                    </TextEquiv>
                    <TextStyle fontFamily="Arial" fontSize="10.0" italic="true"/>
                </Word>
                <Word id="w_w2aab1b1b2b5c29b2c21" language="English" custom="readingOrder {index:5;}">
                    <Coords points="1561,3033 1939,3033 1939,3171 1561,3171"/>
                    <TextEquiv>
                        <Unicode>l'efttme</Unicode>
                    </TextEquiv>
                    <TextStyle fontFamily="Arial" fontSize="10.0" italic="true"/>
                </Word>
                <Word id="w_w2aab1b1b2b5c29b2c39" language="English" custom="readingOrder {index:6;}">
                    <Coords points="2009,3031 2087,3031 2087,3135 2009,3135"/>
                    <TextEquiv>
                        <Unicode>le</Unicode>
                    </TextEquiv>
                    <TextStyle fontFamily="Arial" fontSize="10.0" italic="true"/>
                </Word>
                <TextEquiv>
                    <Unicode>res choſes, celle que i'eſtime le</Unicode>
                </TextEquiv>
            </TextLine>
            <TextLine id="tl_21" primaryLanguage="English" custom="readingOrder {index:15;}">
                <Coords points="397,3171 2087,3171 2087,3339 397,3339"/>
                <Baseline points="397,3333 667,3303 809,3327 1063,3295 1323,3297 1717,3285 1823,3327 2087,3269"/>
                <Word id="w_w2aab1b1b2b5c31ab1" language="English" custom="readingOrder {index:0;}">
                    <Coords points="397,3171 667,3171 667,3333 397,3333"/>
                    <TextEquiv>
                        <Unicode>plus,</Unicode>
                    </TextEquiv>
                    <TextStyle fontFamily="Arial" fontSize="10.0" italic="true"/>
                </Word>
                <Word id="w_w2aab1b1b2b5c31ac13" language="English" custom="readingOrder {index:1;}">
                    <Coords points="695,3185 809,3185 809,3327 695,3327"/>
                    <TextEquiv>
                        <Unicode>eft</Unicode>
                    </TextEquiv>
                    <TextStyle fontFamily="Arial" fontSize="10.0" italic="true"/>
                </Word>
                <Word id="w_w2aab1b1b2b5c31ac21" language="English" custom="readingOrder {index:2;}">
                    <Coords points="829,3189 1063,3189 1063,3339 829,3339"/>
                    <TextEquiv>
                        <Unicode>qu'il</Unicode>
                    </TextEquiv>
                    <TextStyle fontFamily="Arial" fontSize="10.0" italic="true"/>
                </Word>
                <Word id="w_w2aab1b1b2b5c31ac33" language="English" custom="readingOrder {index:3;}">
                    <Coords points="1061,3195 1323,3195 1323,3335 1061,3335"/>
                    <TextEquiv>
                        <Unicode>fiait</Unicode>
                    </TextEquiv>
                    <TextStyle fontFamily="Arial" fontSize="10.0" italic="true"/>
                </Word>
                <Word id="w_w2aab1b1b2b5c31ac45" language="English" custom="readingOrder {index:4;}">
                    <Coords points="1345,3179 1717,3179 1717,3295 1345,3295"/>
                    <TextEquiv>
                        <Unicode>toucher</Unicode>
                    </TextEquiv>
                    <TextStyle fontFamily="Arial" fontSize="10.0" italic="true"/>
                </Word>
                <Word id="w_w2aab1b1b2b5c31ac61" language="English" custom="readingOrder {index:5;}">
                    <Coords points="1717,3187 1823,3187 1823,3327 1717,3327"/>
                    <TextEquiv>
                        <Unicode>fi</Unicode>
                    </TextEquiv>
                    <TextStyle fontFamily="Arial" fontSize="10.0" italic="true"/>
                </Word>
                <Word id="w_w2aab1b1b2b5c31ac67" language="English" custom="readingOrder {index:6;}">
                    <Coords points="1853,3185 2087,3185 2087,3293 1853,3293"/>
                    <TextEquiv>
                        <Unicode>ddi-</Unicode>
                    </TextEquiv>
                    <TextStyle fontFamily="Arial" fontSize="10.0" italic="true"/>
                </Word>
                <TextEquiv>
                    <Unicode>plus, eſt qu'il ſcait toucher ſi deli¬</Unicode>
                </TextEquiv>
                <TextStyle fontFamily="Arial" fontSize="10.0" italic="true"/>
            </TextLine>
            <TextLine id="tl_22" primaryLanguage="English" custom="readingOrder {index:16;}">
                <Coords points="1401,3349 1559,3349 1559,3473 1401,3473"/>
                <Baseline points="1401,3445 1559,3473"/>
                <Word id="w_w2aab1b1b2b5c33ab1" language="English" custom="readingOrder {index:0;}">
                    <Coords points="1401,3349 1559,3349 1559,3473 1401,3473"/>
                    <TextEquiv>
                        <Unicode>iiij</Unicode>
                    </TextEquiv>
                    <TextStyle fontFamily="Arial" fontSize="7.0" bold="true"/>
                </Word>
                <TextEquiv>
                    <Unicode>ĩ iij</Unicode>
                </TextEquiv>
                <TextStyle fontFamily="Arial" fontSize="7.0" bold="true"/>
            </TextLine>
            <TextEquiv>
                <Unicode>de nations differentes, qui ont tra¬
duit ſon liure en leurs langues, ont
eu raiſon de le faire. Pour moy
ie confeſſe hautement, que ie ſuis
ſon adorateur: il y a vingt ans
que ie le connoy, &amp; c'eſt à dire
qu'il y a vingt ans que ie l'aime.
En effect, il eſt admirable par
tout: il eſt fecond en inuentions,
&amp; en inuentions raiſonnables:
tout y eſt merueilleux, tout y eſt
beau: &amp; ce qui eſt le plus impor.
tant, tout y eſt naturel &amp; vray
ſemblable. Mais entre tant de ra¬
res choſes, celle que i'eſtime le
plus, eſt qu'il ſcait toucher ſi deli¬
ĩ iij</Unicode>
            </TextEquiv>
        </TextRegion>
    </Page>
</PcGts>
