2479 3508
560 204 694 304 i6
964 190 1483 347 L’Uluftre
1554 204 1857 366 Bajfa

558 347 1150 485 fàHauteffe,
1194 350 1345 496 luy
1386 354 1803 467 offrirent
1840 409 1965 476 vn
1997 375 2084 488 li-

559 531 718 594 ure
743 496 858 597 de
881 490 964 598 la
985 490 1140 639 loy
1189 536 1564 602 couvert
1611 511 1804 612 d'or
1849 531 1939 620 &
1981 529 2084 628 de

559 640 1284 784 Turquoifes,&
1323 653 2087 786 apress’eftrcdef-

560 787 862 925 coupé
887 778 1009 885 les
1049 783 1256 886 bras
1302 801 1396 891 &
1437 786 1517 889 le
1562 796 1867 942 vifage
1892 844 2085 917 avec

562 965 695 1034 vn
715 930 1014 1069 grand
1034 962 1450 1060 couteau,
1491 975 1725 1078 pour
1740 943 2091 1059 l'amour

562 1075 687 1174 du
708 1070 1169 1214 Prophète
1194 1090 1287 1177 &
1318 1078 1441 1177 du
1484 1077 1848 1215 Sultan,
1896 1090 1992 1193 ils
2017 1101 2090 1201 fe

559 1227 1066 1332 retirèrent,
1095 1232 1189 1322 &
1213 1214 1486 1323 firent
1536 1225 1788 1370 place
1811 1232 1863 1335 à
1887 1279 2088 1347 ceux

556 1369 726 1502 qui
743 1356 866 1459 les
889 1363 1326 1466 deuoient
1349 1366 1834 1478 fuiure.Les
1865 1391 2089 1491 Mar¬

556 1502 911 1609 chands
974 1510 1325 1638 Turcs,
1386 1515 1961 1653 Chreftiens,
2006 1549 2086 1639 A

554 1646 1151 1765 Iuifs,meflez
1176 1650 1670 1796 enfemble,
1699 1706 2091 1811 parurent

556 1787 737 1894 lors
764 1785 1279 1902 richement
1309 1808 1640 1937 vertus,
1689 1828 1783 1918 &
1809 1855 1910 1916 au
1933 1832 2092 1922 mi¬

553 1929 738 2038 lieu
763 1941 1032 2043 d’eux
1059 1983 1188 2050 vn
1215 1950 1466 2052 Char
1503 1955 1679 2056 tiré
1702 1998 1862 2099 par
1883 1967 2089 2066 dou¬

559 2119 670 2182 ze
691 2083 1094 2190 Amours
1133 2131 1662 2202 couronnez
1687 2106 1802 2205 de
1825 2104 2095 2243 fleurs,

554 2219 703 2324 fur
724 2224 1020 2372 lequel
1040 2238 1309 2340 eftoit
1330 2242 1663 2346 dreflée
1686 2288 1859 2350 vne
1882 2249 2095 2354 bou¬

558 2378 819 2514 tique
844 2374 959 2474 de
1002 2379 1229 2520 drap
1278 2380 1532 2499 d'or,
1584 2406 1679 2494 &
1730 2399 1845 2495 de
1888 2412 2093 2544 tapis

556 2515 675 2612 de
732 2517 990 2618 Perfe
1035 2524 1288 2666 qu’ils
1333 2529 1946 2671 prefenterent
1999 2583 2094 2643 au

553 2653 899 2761 Sultan.
975 2666 1138 2766 Les
1201 2672 1732 2818 Orpheures
1777 2674 1894 2785 les
1935 2686 2093 2786 fui-

551 2808 1192 2914 uirétauecvn
1224 2812 1524 2922 buffet
1572 2826 1685 2924 de
1730 2827 2093 2931 vaifïelle

558 2945 747 3050 d’or
790 2951 1178 3088 cizeîée,
1250 2965 1395 3065 fur
1440 3004 1627 3071 vne
1686 2976 2093 3077 machine

1890 3120 2090 3219 d’ar-
