2479 3508
834 88 1670 196 PREFACE
1672 153 1705 191 ,
1693 77 1708 107 1

377 280 574 405 que
601 267 926 347 toutes
941 232 1086 344 les
1097 234 1476 391 parties
1501 224 1626 333 de
1661 267 1894 336 mon
1917 230 2124 340 Ou-

383 438 693 556 urage
701 426 728 526 ,
765 401 1189 511 tendent
1211 435 1277 500 a
1299 419 1549 501 cette
1569 384 2122 535 conclufion-,

384 557 711 721 quily
734 565 891 668 ait
906 596 991 664 <v
1000 556 1399 707 rieforte
1420 547 1785 700 liaifon
1814 575 2075 657 entre
2081 621 2119 638 -

376 720 631 847 elles-,
672 749 813 867 çf
866 760 1006 877 qu
1038 704 1436 855 excepté
1471 711 1604 815 les
1676 700 2106 848 ob/îacles

381 922 582 1043 que
601 878 702 991 U
687 880 878 1033 for
877 908 1120 990 tune
1143 861 1464 1035 oppofe
1479 910 1706 983 aux
1727 865 2130 1016 dejïrsde

387 1085 621 1151 mon
642 1044 971 1153 Héros
983 1124 1014 1166 3
1037 1065 1369 1145 toutes
1407 1027 1727 1181 chofes
1749 1025 2081 1141 aduan
2085 1101 2123 1120 -

390 1231 617 1312 cent
641 1287 673 1329 }
700 1243 827 1308 ou
848 1198 995 1307 du
1034 1202 1357 1307 moins
1414 1186 1815 1299 tachent
1852 1187 2091 1298 dlad
2080 1190 2133 1290 '■«.

396 1361 944 1514 uancerfon
972 1363 1426 1511 mariage
1448 1435 1484 1478 3
1532 1357 1718 1509 qui
1752 1351 1887 1494 efi
1909 1344 2130 1501 lafin

391 1521 518 1629 de
563 1560 796 1630 mon
867 1513 1286 1629 trauail.
1391 1513 1548 1619 Or
1585 1549 1742 1620 ces
1767 1508 2128 1661 grands

398 1684 765 1796 Genies
784 1675 905 1785 de
922 1674 987 1788 /’
1002 1668 1605 1835 Antiquité,
1624 1667 1865 1777 dont
1884 1677 2135 1778 l'em¬

378 1869 753 2001 prunte
770 1835 917 1948 les
936 1827 1939 1966 lumières,Scachant
1968 1869 2135 1987 que

401 1997 1090 2115 l'ordonnance
1116 2001 1394 2148 efioit
1418 2032 1626 2103 <vne
1669 1989 1848 2104 des
1878 2002 2138 2148 prin¬

399 2159 774 2327 cipales
781 2163 1168 2320 parties
1191 2155 1264 2266 d
1267 2157 1329 2235 >c
1321 2196 1454 2265 vn
1481 2149 1944 2262 Tableau
1973 2186 2004 2275 ,
2035 2185 2142 2254 en

401 2356 581 2437 ont
598 2317 1087 2435 dôné*vne
1090 2316 1192 2471 fi
1222 2313 1451 2427 belle
1489 2355 1555 2419 a
1580 2308 1845 2422 leurs
1878 2312 2141 2466 pein¬

406 2519 683 2597 tures
714 2480 1243 2638 parlantes
1291 2565 1327 2607 3
1404 2474 1661 2634 quil
1706 2512 1789 2631 y
1834 2468 2145 2578 auroit

402 2668 776 2755 autant
799 2636 1614 2803 defiupiditéque
1659 2623 2124 2784 d’orgueil
2122 2707 2146 2749 ,

409 2803 478 2915 à
501 2845 622 2914 ne
663 2796 1254 2912 les‘vouloir
1285 2835 1474 2959 pas
1565 2799 1942 2905 imiter.
2023 2781 2144 2892 Ils

409 3009 479 3077 n
515 2991 691 3074 ont
708 2996 770 3114 p
773 3007 885 3074 as
876 2965 1105 3115 fait
1123 2999 1497 3073 comme
1519 2998 1621 3065 ce
1625 3000 1671 3064 s
1678 2956 2119 3067 Peintres
2123 3029 2151 3073 }

408 3128 597 3287 qui
612 3120 1127 3275 font‘voir
1142 3164 1265 3234 en
1310 3159 1525 3230 *one
1548 3113 1859 3227 même
1886 3102 2153 3231 toile,

420 3329 458 3369 e
450 3283 1236 3398 vnPrineedans
1253 3283 1348 3397 le
1367 3278 1812 3401 berceau,
1843 3273 2042 3432 fur
2077 3261 2148 3378 le
