2479 3508
870 115 1683 218 PRÉFACÉ.

428 281 693 356 mens
724 293 755 353 :
794 274 929 390 çf
972 292 1149 403 que
1168 255 1619 409 quelques
1662 300 1863 370 vns
1908 265 2145 380 l’ont

442 398 743 514 nomèe
824 408 907 511 le
932 401 1002 509 9
1048 401 1491 515 heatrede
1514 412 2077 564 linconfian
2084 490 2129 512 -

442 563 869 667 ce.Mats
890 597 1241 668 comme
1262 593 1473 669 tout
1488 608 1794 684 excez^
1818 578 1939 708 eft
1966 583 2122 685 vi¬

444 716 709 821 cieux
718 799 742 839 ,
770 750 849 820 /§
872 753 985 821 -re
1008 755 1189 822 me
1211 718 1693 866 fuisferui
1717 767 1903 877 que
1928 754 2191 839 moV

436 865 907 975 derement
929 898 952 1020 ,
971 898 1211 1021 pour
1232 872 1715 1023 conferuer
1736 887 2136 992 levrai-

419 1015 952 1162 femblablc.
1008 1027 1161 1128 Or
1196 1023 1640 1174 lemefme
1666 1032 2014 1182 defjam
2062 1077 2134 1144 a

423 1171 632 1314 fait
654 1178 920 1315 aufi,
939 1214 1114 1325 que
1137 1220 1288 1286 mo
1299 1185 1608 1290 Héros
1639 1193 1849 1338 nef
1865 1196 2142 1343 point

441 1324 817 1433 accablé
837 1339 868 1449 ,
895 1339 1006 1432 de
1029 1360 1162 1437 cet
1163 1369 1250 1441 le
1267 1342 1836 1490 prodigieufe
1879 1351 2136 1500 qud-

433 1475 605 1581 tité
637 1482 1162 1591 d'accidens
1207 1530 1238 1639 ,
1285 1495 1453 1639 qui
1545 1532 1986 1610 arrment
2063 1499 2137 1604 à

435 1631 878 1783 quelques
903 1663 1222 1745 autres
1243 1686 1276 1744 :
1319 1641 1734 1759 dautmt
1774 1693 1956 1804 que
1978 1662 2142 1799 fé¬

437 1797 588 1893 lon
625 1827 840 1891 mon
853 1801 1068 1932 fens
1101 1834 1125 1923 ,
1153 1798 1350 1905 cela
1393 1800 1848 1955 iesloigne
1889 1809 2004 1914 de
2035 1809 2144 1916 la

437 1944 1236 2080 vrai-femblame
1273 1998 1304 2057 :
1351 1952 1452 2060 la
1511 1996 1678 2063 vie
1715 1963 2165 2083 d'aucun,

437 2087 806 2201 homme
847 2139 906 2201 n
937 2140 1250 2250 ayant
1269 2114 1620 2215 iamais
1645 2112 1905 2271 efiéfi
1929 2148 2155 2241 tra-t

443 2247 744 2392 ut.rfee
773 2259 898 2357 .il
915 2290 1174 2367 vaut
1241 2263 1561 2369 mieux
1585 2309 1651 2372 a
1694 2312 1919 2378 mon
1962 2271 2153 2381 ad-

455 2439 599 2507 uis
644 2399 1085 2555 ifeparer
1128 2417 1251 2520 les
1296 2416 1899 2533 aduanturcs
1948 2476 1971 2557 ;
2034 2476 2151 2539 en

450 2551 819 2694 former
854 2555 1249 2714 dmerfes
1276 2581 1367 2674 hi
1368 2578 1859 2717 foires^
1888 2583 2153 2708 faire

452 2743 665 2855 agir
674 2711 839 2859 plu
836 2715 1133 2848 fleurs
1140 2727 1589 2872 perfonne
1594 2769 1637 2836 s
1688 2779 1703 2837 •
1770 2734 1977 2875 afin
2034 2741 2151 2848 de

448 2867 901 3008 paroifire
970 2872 1313 3013 fécond
1414 2875 1581 3014 fif)
1660 2889 2151 3001 tudicieux

450 3037 655 3118 tout
684 3020 1129 3159 enfemble
1362 3033 1667 3181 d'efire
1690 3074 1849 3151 tou
1841 3044 2157 3180 fours

444 3159 687 3272 dans
710 3202 931 3286 cette
950 3189 1208 3297 vrai-
1219 3183 1741 3321 fembUnce
1745 3197 1849 3341 f
1860 3203 2161 3351 nccef

1782 3356 1819 3446 i
