2479 3508
749 55 829 151 E
899 53 969 149 P
1043 53 1083 149 I
1151 55 1203 149 S
1265 51 1359 149 T
1425 55 1515 153 R
1583 57 1683 153 E.

331 193 727 329 lemet
769 289 801 347 )
847 191 1143 377 qu’il
1167 199 1371 333 ofe
1393 193 2117 377 prétendre,

337 389 413 521 à
479 387 1117 519 l’honneur
1155 387 1309 521 de
1367 437 1695 525 vous
1735 435 2125 525 entre¬

333 587 701 717 tenir.
771 579 871 713 Il
905 577 1215 713 n'eft
1249 627 1459 763 pas
1489 579 1807 715 iufte
1839 583 2125 763 qu'il

333 789 541 907 vfe
607 771 947 933 mal,
1041 769 1263 907 des
1325 769 1799 907 faueurs
1895 823 2131 953 que

331 1013 663 1103 vous
763 963 985 1145 luy
1079 961 1417 1101 ferez
1475 1011 1503 1099 ;
1617 973 1765 1111 &
1829 965 2117 1145 qu'il

335 1205 661 1293 vous
689 1167 1415 1341 importune
1471 1209 1817 1293 envn
1857 1155 2131 1313 lieu,

347 1401 525 1487 ou
593 1393 1021 1487 toutes
1089 1399 1323 1483 vos
1367 1351 1801 1487 heures
1859 1353 2139 1485 font

339 1545 1537 1731 precieufes:aufsin
1553 1549 1579 1601 1
1573 1539 1887 1677 eft-il
1945 1541 2139 1679 de-

349 1733 735 1889 ftiné,
763 1739 1035 1921 qu’à
1071 1783 1393 1873 vous
1425 1735 1725 1873 faire
1759 1735 2143 1923 pafler

353 1979 663 2065 auec
725 1935 1141 2061 moins
1229 1925 1783 2111 d’ennuy
1847 2025 1879 2081 ,
1943 1977 2137 2063 ces

353 2125 875 2303 longues
1027 2131 1597 2259 journées
1749 2121 1913 2255 de
2039 2115 2147 2249 la

355 2317 1293 2505 campagne.Ce
1333 2313 1625 2449 n'eft
1671 2365 1879 2499 pas
1911 2357 2147 2497 que

357 2515 665 2689 i’aye
699 2507 1171 2657 oublié,
1209 2557 1457 2689 que
1487 2559 1815 2647 vous
1853 2553 2149 2641 auez

363 2751 525 2837 eu
589 2701 705 2837 la
771 2699 1183 2839 bonté
1239 2795 1271 2855 ,
1343 2703 1501 2841 de
1559 2699 2155 2837 m’efcou-

365 2943 565 3035 ter
613 2895 881 3083 plus
939 2895 1287 3031 d’vne
1341 2893 1587 3033 fois
1653 2897 1721 3029 à
1783 2899 2157 3031 Paris:

369 3137 523 3225 au
559 3099 1257 3253 contraire,
1297 3097 1337 3221 i
1371 3139 1531 3229 en
1567 3087 2159 3225 conferuc

371 3281 489 3421 le
519 3291 1177 3441 fouuenir,
1205 3327 1723 3421 comme
1755 3273 1941 3421 eft
1955 3313 2161 3413 ant
