2479 3508
615 221 942 331 Liure
961 204 1422 368 premier
1426 282 1448 302 .
1695 234 1836 332 j/

333 390 453 488 du
479 377 1124 513 Sultan,ayant
1152 361 1338 461 efié
1369 351 1840 462 confirme

336 570 496 674 par
535 527 654 630 les
692 513 1086 624 conteils
1131 511 1348 609 d’vn
1381 506 1827 633 homme,

338 686 498 822 qui
536 677 936 820 pouuoit
985 691 1304 762 toutes
1347 647 1672 753 chofes
1717 692 1842 753 en

337 830 500 928 Ton
546 820 855 964 esprit;
971 805 1044 910 il
1087 803 1672 904 commanda
1723 834 1844 900 au

331 972 714 1073 Bafiade
759 959 842 1063 la
873 964 1092 1057 Mer
1125 955 1232 1052 de
1259 947 1350 1052 fe
1375 961 1612 1050 taire
1658 1030 1688 1073 ,
1743 962 1840 1050 &

339 1114 388 1220 à
481 1150 718 1217 cette
797 1104 1164 1208 femme
1287 1091 1848 1244 qu’Ofman

339 1274 596 1364 auoit
617 1259 1070 1361 conduite
1101 1242 1152 1346 à
1187 1244 1318 1347 Tes
1349 1246 1684 1387 pieds,
1733 1245 1848 1342 de

341 1408 499 1551 luy
527 1396 982 1549 dire,quel
1015 1400 1400 1497 intereft
1427 1388 1610 1492 elle
1637 1430 1848 1533 pre-

339 1568 600 1683 noit,
629 1593 748 1655 en
783 1550 864 1648 la
895 1544 1284 1647 fortune
1317 1545 1434 1639 de
1467 1538 1618 1637 cét
1659 1536 1850 1639 ho¬

339 1739 514 1804 me:
543 1700 734 1804 afin
765 1697 1392 1841 qu’aprenant
1425 1682 1510 1786 la
1533 1681 1842 1797 chose,

347 1856 614 1951 d'vne
639 1841 1112 1991 personne
1165 1845 1334 1983 qui
1397 1829 1854 1933 fembloic

347 1999 576 2100 eftre
629 1992 712 2093 la
753 2025 1076 2091 moins
1125 1976 1520 2125 capable
1575 1981 1694 2078 de
1765 1977 1856 2079 la

345 2135 842 2286 defguifcr,
867 2131 930 2233 il
961 2173 1078 2276 pu
1095 2136 1164 2232 fi
1193 2129 1408 2229 auïïi
1459 2164 1576 2227 en
1609 2129 1860 2228 don¬

343 2326 518 2389 ner
545 2324 668 2390 vn
703 2293 1198 2426 iugement
1229 2273 1436 2419 plus
1487 2310 1862 2418 équita¬

352 2431 534 2538 ble.
587 2444 864 2535 Cette
912 2426 1280 2528 femme
1329 2458 1620 2561 ayant
1667 2459 1792 2522 ou
1803 2462 1862 2561 y

359 2618 462 2678 ce
547 2575 1414 2679 commandement
1487 2606 1608 2667 ne
1685 2604 1862 2711 put

355 2726 738 2866 pourtât
780 2720 870 2823 fe
897 2717 1324 2819 refoudre
1352 2716 1494 2854 d’y
1545 2713 1866 2839 obéir,

359 2876 1088 3015 qu’auparauant
1141 2859 1320 2964 elle
1377 2858 1674 2964 n’euft
1725 2902 1865 2964 re¬

361 3019 640 3162 gardé
686 3018 1128 3140 Ofman,
1175 3045 1568 3116 comme
1621 3046 1870 3154 pour
