2479 3508
531 355 659 438 20
914 296 1448 454 LÎIttufire
1486 294 1813 450 Baffe

530 470 1182 578 inftruments.
1235 464 1531 557 Entre
1582 491 1729 553 ces
1753 444 2045 552 Efcla-

537 659 697 722 ues
746 701 777 748 ,
831 612 901 717 il
963 652 1021 749 y
1087 644 1210 706 en
1277 633 1432 700 eut
1479 635 1612 698 vn
1686 599 1916 698 dans
1962 594 2049 699 la

540 795 882 907 troupe
960 759 1357 893 Turque
1399 827 1428 872 ,
1508 752 1675 884 qui
1742 778 1905 879 par
1963 737 2050 843 fa

539 909 879 1014 bonne
901 908 1171 1000 mine
1213 907 1309 995 &c
1337 928 1502 1033 par
1538 886 1709 989 Ton
1757 883 2052 984 adref-

542 1044 1106 1188 fe,attirales
1136 1074 1380 1177 yeux
1412 1037 1529 1132 de
1578 1062 1845 1130 toute
1871 1026 2053 1127 l’af-

539 1186 1129 1303 femblécfur
1158 1180 1353 1323 Iuy:
1381 1188 1619 1278 mais
1650 1174 1732 1273 le
1759 1176 2059 1316 grand

544 1342 946 1454 Vilîrne
992 1334 1214 1435 l'eut
1264 1366 1426 1469 pas
1452 1318 1522 1425 11
1576 1322 1762 1422 toft
1806 1357 2059 1460 aper-

544 1526 771 1616 ceu,
824 1477 1057 1630 qu'il
1123 1475 1469 1576 frémit
1543 1465 2058 1568 d’cftonnc-

545 1664 826 1738 ment
886 1643 982 1731 &
1030 1625 1146 1724 de
1188 1632 1456 1760 ioye,
1514 1626 1612 1716 &
1678 1606 1902 1758 qu'il
1950 1645 2062 1709 ne

549 1785 849 1882 douta
876 1782 1163 1919 point
1187 1767 1311 1865 du
1341 1792 1789 1898 tout,que
1819 1792 1921 1853 ce
1949 1789 2063 1853 ne

548 1925 740 2030 fuit
789 1918 1065 2054 celuy
1119 1901 1780 2058 qu’il.penfoit
1847 1935 2065 1997 con-

554 2073 943 2174 noiftre.
987 2055 1565 2200 Cependant
1601 2047 1687 2148 Ja
1714 2040 2066 2148 machi¬

555 2254 686 2320 ne
736 2230 832 2318 &
876 2209 1010 2312 les
1062 2208 1306 2303 deux
1359 2230 1744 2338 troupes
1793 2220 2066 2327 ayant

557 2361 741 2463 fait
799 2356 883 2459 Je
930 2389 1147 2454 tour
1217 2347 1341 2446 du
1386 2377 1668 2482 camp
1723 2419 1749 2464 ,
1826 2367 2065 2433 cette

563 2502 788 2614 ville
835 2495 1244 2604 sarrefta
1294 2485 1346 2589 à
1394 2478 1896 2628 l'oppofite
1954 2482 2070 2577 du

568 2651 879 2794 grand
931 2653 1385 2785 Seigneur
1427 2717 1456 2758 ,
1523 2646 1619 2732 &
1689 2622 1817 2725 les
1869 2633 2068 2722 Per-

568 2798 814 2904 fîens
858 2790 954 2896 fe
1000 2800 1460 2891 ietterent
1492 2777 1724 2878 dans
1754 2768 1840 2871 la
1879 2762 2067 2910 pla¬

576 2985 705 3047 ce.
721 2947 947 3041 Lors
976 2973 1093 3039 au
1117 2927 1289 3032 fon
1325 2929 1439 3026 de
1478 2954 1691 3023 tout
1718 2957 1819 3018 ce
1852 2906 2075 3057 qu’il

575 3130 637 3232 y
663 3097 924 3196 auoit
950 3083 1072 3188 de
1100 3085 1761 3218 Trompettes,
1784 3065 2084 3166 d’Ata*
