2479 3508
596 240 923 350 Liure
954 234 1438 397 premier.
1640 278 1817 384 4.J

306 405 602 507 foreur
646 395 1078 499 laiiiffant
1130 390 1316 492 iors
1362 391 1814 517 Arfalon,

313 557 423 653 de
445 558 637 653 voir
661 548 833 645 Ion
875 537 1360 643 authorité
1405 544 1817 688 mefpri-

309 691 619 823 fée,fit
658 730 849 836 que
886 694 1323 835 pouffant
1355 683 1441 789 le
1489 692 1809 799 Pilote

310 847 526 945 allez
552 846 1088 948 rudement,
1118 874 1362 980 pour
1390 833 1548 980 luy
1578 836 1812 945 faire

305 979 1648 1128 abandonnerlegouucrnail,
1699 1032 1812 1092 ce

305 1131 901 1235 malheureux
975 1126 1325 1232 tomba
1411 1135 1643 1236 dans
1717 1134 1807 1239 la

312 1289 570 1383 Mer:
640 1290 731 1382 &
776 1315 1013 1381 mon
1066 1318 1281 1422 pere
1326 1281 1809 1388 deuenant

306 1425 460 1567 luy
486 1422 832 1534 mefme
860 1427 1024 1529 fon
1048 1426 1396 1555 Pilote,
1422 1441 1612 1573 prit
1636 1424 1808 1535 fon

307 1583 827 1675 Cimeterre
855 1579 967 1677 de
1015 1571 1101 1674 la
1137 1587 1409 1675 main
1457 1581 1807 1711 droite*

307 1715 393 1817 le
419 1727 791 1821 Timon
815 1723 927 1823 de
959 1719 1047 1822 la
1072 1721 1583 1864 gauche,&
1615 1764 1817 1828 me¬

310 1902 650 1999 naçant
700 1906 922 1969 ceux
996 1878 1164 2012 qui
1228 1875 1814 1975 voudroient

307 2011 656 2116 refiffer
683 2010 734 2116 à
757 2016 850 2117 fa
871 2013 1323 2133 volonté,
1367 2015 1480 2117 fit
1525 2059 1817 2162 pren¬

309 2161 465 2257 dre
491 2200 675 2264 vne
715 2195 975 2261 route
1023 2194 1295 2261 toute
1327 2180 1815 2269 contraire

308 2299 992 2409 àfonvaifleau:
1042 2343 1436 2444 aymant
1490 2326 1816 2417 mieux

316 2464 666 2552 mourir
710 2456 824 2554 de
866 2451 1106 2554 faim
1152 2532 1178 2570 ,
1257 2492 1446 2599 que
1496 2458 1824 2563 d’aller

315 2600 687 2733 expofer
717 2600 803 2700 là
841 2603 1177 2702 mifere
1203 2640 1381 2701 aux
1413 2647 1659 2743 yeux
1693 2612 1825 2711 du

316 2748 701 2872 monde;
726 2788 847 2851 ne
872 2759 1375 2890 craignant
1408 2763 1613 2856 rien
1662 2760 1825 2858 da¬

298 2921 768 3036 vantage,
822 2892 1534 3043 queTachmas
1612 2906 1824 3046 puft

319 3044 756 3173 aprendre
779 3032 910 3152 fes
937 3036 1540 3152 malheurs.Il
1567 3058 1829 3150 auoir.
