<?xml version="1.0" encoding="UTF-8" standalone="yes"?>
<PcGts xmlns="http://schema.primaresearch.org/PAGE/gts/pagecontent/2013-07-15" xmlns:xsi="http://www.w3.org/2001/XMLSchema-instance" xsi:schemaLocation="http://schema.primaresearch.org/PAGE/gts/pagecontent/2013-07-15 http://schema.primaresearch.org/PAGE/gts/pagecontent/2013-07-15/pagecontent.xsd">
    <Metadata>
        <Creator></Creator>
        <Created>2019-01-16T16:14:42.975+01:00</Created>
        <LastChange>2019-07-25T16:26:20.697+02:00</LastChange>
        <Comments>
                Measurement unit: pixel
                PrimaryLanguage: English
                Language: FrenchStandard
                Producer: ABBYY FineReader Engine 11</Comments>
        <TranskribusMetadata docId="187940" pageId="7468441" pageNr="42" tsid="13126462" status="DONE" userId="10612" imgUrl="https://files.transkribus.eu/Get?id=FSKYJWCPUFQXZJGMWKACPAVR&amp;fileType=view" xmlUrl="https://files.transkribus.eu/Get?id=DOFPLESIHHFOUWURMDFQVWGZ" imageId="2301424"/>
    </Metadata>
    <Page imageFilename="Scudery1641_Ibrahim_cb31341849n_corrected_0042.png" imageWidth="2479" imageHeight="3508">
        <PrintSpace>
            <Coords points="362,51 2204,51 2204,3448 362,3448"/>
        </PrintSpace>
        <ReadingOrder>
            <OrderedGroup id="ro_1604224451049" caption="Regions reading order">
                <RegionRefIndexed index="0" regionRef="r_1_1"/>
                <RegionRefIndexed index="1" regionRef="r_1_2"/>
                <RegionRefIndexed index="2" regionRef="r_1_3"/>
                <RegionRefIndexed index="3" regionRef="r_1_4"/>
            </OrderedGroup>
        </ReadingOrder>
        <TextRegion type="paragraph" id="r_1_1" custom="readingOrder {index:0;}">
            <Coords points="909,91 1734,91 1734,199 909,199"/>
            <TextLine id="tl_1" primaryLanguage="English" custom="readingOrder {index:0;}">
                <Coords points="910,92 1733,92 1733,198 910,198"/>
                <Baseline points="910,194 1733,186"/>
                <Word id="w_w2aab1b1b2b1b1ab1" language="English" custom="readingOrder {index:0;}">
                    <Coords points="910,95 1733,95 1733,197 910,197"/>
                    <TextEquiv>
                        <Unicode>PREFACE.</Unicode>
                    </TextEquiv>
                    <TextStyle fontFamily="Times New Roman" fontSize="11.5"/>
                </Word>
                <TextEquiv>
                    <Unicode>PREFACE.</Unicode>
                </TextEquiv>
                <TextStyle fontFamily="Times New Roman" fontSize="11.5"/>
            </TextLine>
            <TextEquiv>
                <Unicode>PREFACE.</Unicode>
            </TextEquiv>
        </TextRegion>
        <TextRegion type="paragraph" id="r_1_2" custom="readingOrder {index:1;}">
            <Coords points="408,219 2155,219 2155,1950 408,1950"/>
            <TextLine id="tl_2" primaryLanguage="English" custom="readingOrder {index:0;}">
                <Coords points="449,220 2136,220 2136,395 449,395"/>
                <Baseline points="450,353 864,337 1040,341 1284,335 1454,337 1786,332 1914,335 1964,338 2136,377"/>
                <Word id="w_w2aab1b1b2b3b1ab1" language="English" custom="readingOrder {index:0;}">
                    <Coords points="450,233 864,233 864,353 450,353"/>
                    <TextEquiv>
                        <Unicode>nommé.</Unicode>
                    </TextEquiv>
                    <TextStyle fontFamily="Times New Roman" fontSize="11.0" italic="true"/>
                </Word>
                <Word id="w_w2aab1b1b2b3b1ac15" language="English" custom="readingOrder {index:1;}">
                    <Coords points="905,231 1040,231 1040,341 905,341"/>
                    <TextEquiv>
                        <Unicode>Ils</Unicode>
                    </TextEquiv>
                    <TextStyle fontFamily="Times New Roman" fontSize="11.0" italic="true"/>
                </Word>
                <Word id="w_w2aab1b1b2b3b1ac23" language="English" custom="readingOrder {index:2;}">
                    <Coords points="1031,238 1284,238 1284,385 1031,385"/>
                    <TextEquiv>
                        <Unicode>font</Unicode>
                    </TextEquiv>
                    <TextStyle fontFamily="Times New Roman" fontSize="11.0" italic="true"/>
                </Word>
                <Word id="w_w2aab1b1b2b3b1ac33" language="English" custom="readingOrder {index:3;}">
                    <Coords points="1303,232 1454,232 1454,338 1303,338"/>
                    <TextEquiv>
                        <Unicode>les</Unicode>
                    </TextEquiv>
                    <TextStyle fontFamily="Times New Roman" fontSize="11.0" italic="true"/>
                </Word>
                <Word id="w_w2aab1b1b2b3b1ac41" language="English" custom="readingOrder {index:4;}">
                    <Coords points="1475,258 1786,258 1786,383 1475,383"/>
                    <TextEquiv>
                        <Unicode>tempe</Unicode>
                    </TextEquiv>
                    <TextStyle fontFamily="Times New Roman" fontSize="11.0" italic="true"/>
                </Word>
                <Word id="w_w2aab1b1b2b3b1ac53" language="English" custom="readingOrder {index:5;}">
                    <Coords points="1761,229 1914,229 1914,376 1761,376"/>
                    <TextEquiv>
                        <Unicode>fie</Unicode>
                    </TextEquiv>
                    <TextStyle fontFamily="Times New Roman" fontSize="11.0" italic="true"/>
                </Word>
                <Word id="w_w2aab1b1b2b3b1ac61" language="English" custom="readingOrder {index:6;}">
                    <Coords points="1919,274 1964,274 1964,338 1919,338"/>
                    <TextEquiv>
                        <Unicode>s</Unicode>
                    </TextEquiv>
                    <TextStyle fontFamily="Times New Roman" fontSize="11.0" italic="true"/>
                </Word>
                <Word id="w_w2aab1b1b2b3b1ac65" language="English" custom="readingOrder {index:7;}">
                    <Coords points="2011,266 2136,266 2136,377 2011,377"/>
                    <TextEquiv>
                        <Unicode>çf</Unicode>
                    </TextEquiv>
                    <TextStyle fontFamily="Times New Roman" fontSize="11.0" italic="true"/>
                </Word>
                <TextEquiv>
                    <Unicode>nommé. Ils font les tempeſtes &amp;</Unicode>
                </TextEquiv>
                <TextStyle fontFamily="Times New Roman" fontSize="11.0" italic="true"/>
            </TextLine>
            <TextLine id="tl_3" primaryLanguage="English" custom="readingOrder {index:1;}">
                <Coords points="441,372 2138,372 2138,551 441,551"/>
                <Baseline points="441,505 572,502 892,547 1260,541 1570,486 1818,490 2138,529"/>
                <Word id="w_w2aab1b1b2b3b3ab1" language="English" custom="readingOrder {index:0;}">
                    <Coords points="441,398 572,398 572,505 441,505"/>
                    <TextEquiv>
                        <Unicode>les</Unicode>
                    </TextEquiv>
                    <TextStyle fontFamily="Times New Roman" fontSize="11.0" italic="true"/>
                </Word>
                <Word id="w_w2aab1b1b2b3b3ab9" language="English" custom="readingOrder {index:1;}">
                    <Coords points="605,390 1164,390 1164,547 605,547"/>
                    <TextEquiv>
                        <Unicode>naufrages</Unicode>
                    </TextEquiv>
                    <TextStyle fontFamily="Times New Roman" fontSize="11.0" italic="true"/>
                </Word>
                <Word id="w_w2aab1b1b2b3b3b1b1" language="English" custom="readingOrder {index:2;}">
                    <Coords points="1191,383 1472,383 1472,541 1191,541"/>
                    <TextEquiv>
                        <Unicode>qudd</Unicode>
                    </TextEquiv>
                    <TextStyle fontFamily="Times New Roman" fontSize="11.0" italic="true"/>
                </Word>
                <Word id="w_w2aab1b1b2b3b3b2b1" language="English" custom="readingOrder {index:3;}">
                    <Coords points="1487,378 1570,378 1570,491 1487,491"/>
                    <TextEquiv>
                        <Unicode>il</Unicode>
                    </TextEquiv>
                    <TextStyle fontFamily="Times New Roman" fontSize="11.0" italic="true"/>
                </Word>
                <Word id="w_w2aab1b1b2b3b3b2b7" language="English" custom="readingOrder {index:4;}">
                    <Coords points="1605,391 1818,391 1818,490 1605,490"/>
                    <TextEquiv>
                        <Unicode>leur</Unicode>
                    </TextEquiv>
                    <TextStyle fontFamily="Times New Roman" fontSize="11.0" italic="true"/>
                </Word>
                <Word id="w_w2aab1b1b2b3b3b2c17" language="English" custom="readingOrder {index:5;}">
                    <Coords points="1841,384 2138,384 2138,537 1841,537"/>
                    <TextEquiv>
                        <Unicode>plaifo</Unicode>
                    </TextEquiv>
                    <TextStyle fontFamily="Times New Roman" fontSize="11.0" italic="true"/>
                </Word>
                <TextEquiv>
                    <Unicode>les nauffrages quãd il leur plaiſt;</Unicode>
                </TextEquiv>
            </TextLine>
            <TextLine id="tl_4" primaryLanguage="English" custom="readingOrder {index:2;}">
                <Coords points="442,530 2138,530 2138,705 442,705"/>
                <Baseline points="442,661 561,658 703,661 897,653 1141,658 1493,639 1611,640 1857,645 2137,629"/>
                <Word id="w_w2aab1b1b2b3b5ab1" language="English" custom="readingOrder {index:0;}">
                    <Coords points="442,550 561,550 561,661 442,661"/>
                    <TextEquiv>
                        <Unicode>ils</Unicode>
                    </TextEquiv>
                    <TextStyle fontFamily="Times New Roman" fontSize="11.0" italic="true"/>
                </Word>
                <Word id="w_w2aab1b1b2b3b5ab9" language="English" custom="readingOrder {index:1;}">
                    <Coords points="585,594 703,594 703,661 585,661"/>
                    <TextEquiv>
                        <Unicode>en</Unicode>
                    </TextEquiv>
                    <TextStyle fontFamily="Times New Roman" fontSize="11.0" italic="true"/>
                </Word>
                <Word id="w_w2aab1b1b2b3b5ac15" language="English" custom="readingOrder {index:2;}">
                    <Coords points="724,552 1083,552 1083,658 724,658"/>
                    <TextEquiv>
                        <Unicode>exciter</Unicode>
                    </TextEquiv>
                    <TextStyle fontFamily="Times New Roman" fontSize="11.0" italic="true"/>
                </Word>
                <Word id="w_w2aab1b1b2b3b5b1b1" language="English" custom="readingOrder {index:3;}">
                    <Coords points="1087,570 1303,570 1303,690 1087,690"/>
                    <TextEquiv>
                        <Unicode>oyet</Unicode>
                    </TextEquiv>
                    <TextStyle fontFamily="Times New Roman" fontSize="11.0" italic="true"/>
                </Word>
                <Word id="w_w2aab1b1b2b3b5b2b1" language="English" custom="readingOrder {index:4;}">
                    <Coords points="1296,543 1493,543 1493,694 1296,694"/>
                    <TextEquiv>
                        <Unicode>fur</Unicode>
                    </TextEquiv>
                    <TextStyle fontFamily="Times New Roman" fontSize="11.0" italic="true"/>
                </Word>
                <Word id="w_w2aab1b1b2b3b5b2b9" language="English" custom="readingOrder {index:5;}">
                    <Coords points="1512,536 1611,536 1611,642 1512,642"/>
                    <TextEquiv>
                        <Unicode>la</Unicode>
                    </TextEquiv>
                    <TextStyle fontFamily="Times New Roman" fontSize="11.0" italic="true"/>
                </Word>
                <Word id="w_w2aab1b1b2b3b5b2c15" language="English" custom="readingOrder {index:6;}">
                    <Coords points="1650,577 1857,577 1857,645 1650,645"/>
                    <TextEquiv>
                        <Unicode>mer</Unicode>
                    </TextEquiv>
                    <TextStyle fontFamily="Times New Roman" fontSize="11.0" italic="true"/>
                </Word>
                <Word id="w_w2aab1b1b2b3b5b2c23" language="English" custom="readingOrder {index:7;}">
                    <Coords points="1872,547 2137,547 2137,691 1872,691"/>
                    <TextEquiv>
                        <Unicode>paci¬</Unicode>
                    </TextEquiv>
                    <TextStyle fontFamily="Times New Roman" fontSize="11.0" italic="true"/>
                </Word>
                <TextEquiv>
                    <Unicode>ils en exciteroyẽt ſur la mer paci¬</Unicode>
                </TextEquiv>
            </TextLine>
            <TextLine id="tl_5" primaryLanguage="English" custom="readingOrder {index:3;}">
                <Coords points="420,688 2143,688 2143,863 420,863"/>
                <Baseline points="420,861 519,861 1533,798 1735,797 2143,804"/>
                <Word id="w_w2aab1b1b2b3b7ab1" language="English" custom="readingOrder {index:0;}">
                    <Coords points="420,704 883,704 883,862 420,862"/>
                    <TextEquiv>
                        <Unicode>fique,;^</Unicode>
                    </TextEquiv>
                    <TextStyle fontFamily="Times New Roman" fontSize="11.0" italic="true"/>
                </Word>
                <Word id="w_w2aab1b1b2b3b7b1b1" language="English" custom="readingOrder {index:1;}">
                    <Coords points="912,724 1533,724 1533,850 912,850"/>
                    <TextEquiv>
                        <Unicode>trouueroyet</Unicode>
                    </TextEquiv>
                    <TextStyle fontFamily="Times New Roman" fontSize="11.0" italic="true"/>
                </Word>
                <Word id="w_w2aab1b1b2b3b7b1c25" language="English" custom="readingOrder {index:2;}">
                    <Coords points="1566,693 1735,693 1735,798 1566,798"/>
                    <TextEquiv>
                        <Unicode>des</Unicode>
                    </TextEquiv>
                    <TextStyle fontFamily="Times New Roman" fontSize="11.0" italic="true"/>
                </Word>
                <Word id="w_w2aab1b1b2b3b7b1c33" language="English" custom="readingOrder {index:3;}">
                    <Coords points="1778,696 2143,696 2143,847 1778,847"/>
                    <TextEquiv>
                        <Unicode>efcueils</Unicode>
                    </TextEquiv>
                    <TextStyle fontFamily="Times New Roman" fontSize="11.0" italic="true"/>
                </Word>
                <TextEquiv>
                    <Unicode>fique, &amp; trouueroyẽt des eſcueils</Unicode>
                </TextEquiv>
            </TextLine>
            <TextLine id="tl_6" primaryLanguage="English" custom="readingOrder {index:4;}">
                <Coords points="453,838 2138,838 2138,1003 453,1003"/>
                <Baseline points="454,1003 515,1003 1196,976 1336,957 1530,955 1838,952 2002,954 2138,959"/>
                <Word id="w_w2aab1b1b2b3b9ab1" language="English" custom="readingOrder {index:0;}">
                    <Coords points="454,865 760,865 760,1003 454,1003"/>
                    <TextEquiv>
                        <Unicode>çcfdes</Unicode>
                    </TextEquiv>
                    <TextStyle fontFamily="Times New Roman" fontSize="11.0" italic="true"/>
                </Word>
                <Word id="w_w2aab1b1b2b3b9b1b1" language="English" custom="readingOrder {index:1;}">
                    <Coords points="782,853 1196,853 1196,976 782,976"/>
                    <TextEquiv>
                        <Unicode>rochers,</Unicode>
                    </TextEquiv>
                    <TextStyle fontFamily="Times New Roman" fontSize="11.0" italic="true"/>
                </Word>
                <Word id="w_w2aab1b1b2b3b9b1c19" language="English" custom="readingOrder {index:2;}">
                    <Coords points="1216,890 1336,890 1336,957 1216,957"/>
                    <TextEquiv>
                        <Unicode>en</Unicode>
                    </TextEquiv>
                    <TextStyle fontFamily="Times New Roman" fontSize="11.0" italic="true"/>
                </Word>
                <Word id="w_w2aab1b1b2b3b9b1c25" language="English" custom="readingOrder {index:3;}">
                    <Coords points="1365,847 1530,847 1530,955 1365,955"/>
                    <TextEquiv>
                        <Unicode>des</Unicode>
                    </TextEquiv>
                    <TextStyle fontFamily="Times New Roman" fontSize="11.0" italic="true"/>
                </Word>
                <Word id="w_w2aab1b1b2b3b9b1c33" language="English" custom="readingOrder {index:4;}">
                    <Coords points="1559,843 1838,843 1838,953 1559,953"/>
                    <TextEquiv>
                        <Unicode>lieux</Unicode>
                    </TextEquiv>
                    <TextStyle fontFamily="Times New Roman" fontSize="11.0" italic="true"/>
                </Word>
                <Word id="w_w2aab1b1b2b3b9b1c45" language="English" custom="readingOrder {index:5;}">
                    <Coords points="1882,889 2002,889 2002,954 1882,954"/>
                    <TextEquiv>
                        <Unicode>ou</Unicode>
                    </TextEquiv>
                    <TextStyle fontFamily="Times New Roman" fontSize="11.0" italic="true"/>
                </Word>
                <Word id="w_w2aab1b1b2b3b9b1c51" language="English" custom="readingOrder {index:6;}">
                    <Coords points="2021,849 2138,849 2138,959 2021,959"/>
                    <TextEquiv>
                        <Unicode>les</Unicode>
                    </TextEquiv>
                    <TextStyle fontFamily="Times New Roman" fontSize="11.0" italic="true"/>
                </Word>
                <TextEquiv>
                    <Unicode>&amp; des rochers, en des lieux où les</Unicode>
                </TextEquiv>
            </TextLine>
            <TextLine id="tl_7" primaryLanguage="English" custom="readingOrder {index:5;}">
                <Coords points="443,984 2146,984 2146,1169 443,1169"/>
                <Baseline points="443,1125 900,1121 1082,1119 1356,1114 1598,1156 1884,1123 2146,1115"/>
                <Word id="w_w2aab1b1b2b3c11ab1" language="English" custom="readingOrder {index:0;}">
                    <Coords points="443,1000 900,1000 900,1129 443,1129"/>
                    <TextEquiv>
                        <Unicode>îdilottes</Unicode>
                    </TextEquiv>
                    <TextStyle fontFamily="Times New Roman" fontSize="11.0" italic="true"/>
                </Word>
                <Word id="w_w2aab1b1b2b3c11ac21" language="English" custom="readingOrder {index:1;}">
                    <Coords points="947,1009 1082,1009 1082,1119 947,1119"/>
                    <TextEquiv>
                        <Unicode>les</Unicode>
                    </TextEquiv>
                    <TextStyle fontFamily="Times New Roman" fontSize="11.0" italic="true"/>
                </Word>
                <Word id="w_w2aab1b1b2b3c11ac29" language="English" custom="readingOrder {index:2;}">
                    <Coords points="1131,1003 1356,1003 1356,1162 1131,1162"/>
                    <TextEquiv>
                        <Unicode>plus</Unicode>
                    </TextEquiv>
                    <TextStyle fontFamily="Times New Roman" fontSize="11.0" italic="true"/>
                </Word>
                <Word id="w_w2aab1b1b2b3c11ac39" language="English" custom="readingOrder {index:3;}">
                    <Coords points="1411,1030 1796,1030 1796,1156 1411,1156"/>
                    <TextEquiv>
                        <Unicode>experts</Unicode>
                    </TextEquiv>
                    <TextStyle fontFamily="Times New Roman" fontSize="11.0" italic="true"/>
                </Word>
                <Word id="w_w2aab1b1b2b3c11b1b3" language="English" custom="readingOrder {index:4;}">
                    <Coords points="1857,1042 1884,1042 1884,1123 1857,1123"/>
                    <TextEquiv>
                        <Unicode>,</Unicode>
                    </TextEquiv>
                    <TextStyle fontFamily="Times New Roman" fontSize="11.0"/>
                </Word>
                <Word id="w_w2aab1b1b2b3c11b2b1" language="English" custom="readingOrder {index:5;}">
                    <Coords points="1953,1001 2146,1001 2146,1115 1953,1115"/>
                    <TextEquiv>
                        <Unicode>rien</Unicode>
                    </TextEquiv>
                    <TextStyle fontFamily="Times New Roman" fontSize="11.0" italic="true"/>
                </Word>
                <TextEquiv>
                    <Unicode>Pilottes les plus experts, n'en</Unicode>
                </TextEquiv>
            </TextLine>
            <TextLine id="tl_8" primaryLanguage="English" custom="readingOrder {index:6;}">
                <Coords points="458,1148 2146,1148 2146,1321 458,1321"/>
                <Baseline points="459,1281 619,1279 1009,1270 1583,1262 1907,1261 2145,1265"/>
                <Word id="w_w2aab1b1b2b3c13ab1" language="English" custom="readingOrder {index:0;}">
                    <Coords points="459,1207 619,1207 619,1281 459,1281"/>
                    <TextEquiv>
                        <Unicode>ont</Unicode>
                    </TextEquiv>
                    <TextStyle fontFamily="Times New Roman" fontSize="11.0" italic="true"/>
                </Word>
                <Word id="w_w2aab1b1b2b3c13ab9" language="English" custom="readingOrder {index:1;}">
                    <Coords points="646,1172 1009,1172 1009,1281 646,1281"/>
                    <TextEquiv>
                        <Unicode>iamais</Unicode>
                    </TextEquiv>
                    <TextStyle fontFamily="Times New Roman" fontSize="11.0" italic="true"/>
                </Word>
                <Word id="w_w2aab1b1b2b3c13ac23" language="English" custom="readingOrder {index:2;}">
                    <Coords points="1031,1154 1583,1154 1583,1312 1031,1312"/>
                    <TextEquiv>
                        <Unicode>remarqué.</Unicode>
                    </TextEquiv>
                    <TextStyle fontFamily="Times New Roman" fontSize="11.0" italic="true"/>
                </Word>
                <Word id="w_w2aab1b1b2b3c13ac43" language="English" custom="readingOrder {index:3;}">
                    <Coords points="1606,1158 1907,1158 1907,1263 1606,1263"/>
                    <TextEquiv>
                        <Unicode>Mais</Unicode>
                    </TextEquiv>
                    <TextStyle fontFamily="Times New Roman" fontSize="11.0" italic="true"/>
                </Word>
                <Word id="w_w2aab1b1b2b3c13ac53" language="English" custom="readingOrder {index:4;}">
                    <Coords points="1927,1197 2145,1197 2145,1265 1927,1265"/>
                    <TextEquiv>
                        <Unicode>ceux</Unicode>
                    </TextEquiv>
                    <TextStyle fontFamily="Times New Roman" fontSize="11.0" italic="true"/>
                </Word>
                <TextEquiv>
                    <Unicode>ont iamais remarqué. Mais ceux</Unicode>
                </TextEquiv>
                <TextStyle fontFamily="Times New Roman" fontSize="11.0" italic="true"/>
            </TextLine>
            <TextLine id="tl_9" primaryLanguage="English" custom="readingOrder {index:7;}">
                <Coords points="460,1308 2149,1308 2149,1483 460,1483"/>
                <Baseline points="460,1483 527,1483 1463,1462 1669,1419 2027,1438 2149,1416"/>
                <Word id="w_w2aab1b1b2b3c15ab1" language="English" custom="readingOrder {index:0;}">
                    <Coords points="460,1325 1149,1325 1149,1483 460,1483"/>
                    <TextEquiv>
                        <Unicode>quidifiofent</Unicode>
                    </TextEquiv>
                    <TextStyle fontFamily="Times New Roman" fontSize="11.0" italic="true"/>
                </Word>
                <Word id="w_w2aab1b1b2b3c15b1b1" language="English" custom="readingOrder {index:1;}">
                    <Coords points="1202,1315 1463,1315 1463,1462 1202,1462"/>
                    <TextEquiv>
                        <Unicode>ainfi</Unicode>
                    </TextEquiv>
                    <TextStyle fontFamily="Times New Roman" fontSize="11.0" italic="true"/>
                </Word>
                <Word id="w_w2aab1b1b2b3c15b1c13" language="English" custom="readingOrder {index:2;}">
                    <Coords points="1498,1314 1669,1314 1669,1420 1498,1420"/>
                    <TextEquiv>
                        <Unicode>des</Unicode>
                    </TextEquiv>
                    <TextStyle fontFamily="Times New Roman" fontSize="11.0" italic="true"/>
                </Word>
                <Word id="w_w2aab1b1b2b3c15b1c21" language="English" custom="readingOrder {index:3;}">
                    <Coords points="1716,1351 2027,1351 2027,1438 1716,1438"/>
                    <TextEquiv>
                        <Unicode>njens,</Unicode>
                    </TextEquiv>
                    <TextStyle fontFamily="Times New Roman" fontSize="11.0" italic="true"/>
                </Word>
                <Word id="w_w2aab1b1b2b3c15b1c35" language="English" custom="readingOrder {index:4;}">
                    <Coords points="2050,1354 2149,1354 2149,1419 2050,1419"/>
                    <TextEquiv>
                        <Unicode>ne</Unicode>
                    </TextEquiv>
                    <TextStyle fontFamily="Times New Roman" fontSize="11.0" italic="true"/>
                </Word>
                <TextEquiv>
                    <Unicode>qui diſpoſent ainſi des vens, ne</Unicode>
                </TextEquiv>
            </TextLine>
            <TextLine id="tl_10" primaryLanguage="English" custom="readingOrder {index:8;}">
                <Coords points="409,1462 2151,1462 2151,1649 409,1649"/>
                <Baseline points="409,1649 864,1583 947,1631 1282,1579 1386,1574 1916,1569 2150,1573"/>
                <Word id="w_w2aab1b1b2b3c17ab1" language="English" custom="readingOrder {index:0;}">
                    <Coords points="409,1488 864,1488 864,1649 409,1649"/>
                    <TextEquiv>
                        <Unicode>ficauent</Unicode>
                    </TextEquiv>
                    <TextStyle fontFamily="Times New Roman" fontSize="11.0" italic="true"/>
                </Word>
                <Word id="w_w2aab1b1b2b3c17ac19" language="English" custom="readingOrder {index:1;}">
                    <Coords points="874,1510 1064,1510 1064,1631 874,1631"/>
                    <TextEquiv>
                        <Unicode>pas</Unicode>
                    </TextEquiv>
                    <TextStyle fontFamily="Times New Roman" fontSize="11.0" italic="true"/>
                </Word>
                <Word id="w_w2aab1b1b2b3c17b1b1" language="English" custom="readingOrder {index:2;}">
                    <Coords points="1094,1516 1282,1516 1282,1628 1094,1628"/>
                    <TextEquiv>
                        <Unicode>que</Unicode>
                    </TextEquiv>
                    <TextStyle fontFamily="Times New Roman" fontSize="11.0" italic="true"/>
                </Word>
                <Word id="w_w2aab1b1b2b3c17b1b9" language="English" custom="readingOrder {index:3;}">
                    <Coords points="1301,1472 1386,1472 1386,1578 1301,1578"/>
                    <TextEquiv>
                        <Unicode>le</Unicode>
                    </TextEquiv>
                    <TextStyle fontFamily="Times New Roman" fontSize="11.0" italic="true"/>
                </Word>
                <Word id="w_w2aab1b1b2b3c17b1c15" language="English" custom="readingOrder {index:4;}">
                    <Coords points="1429,1466 1916,1466 1916,1625 1429,1625"/>
                    <TextEquiv>
                        <Unicode>Prophète</Unicode>
                    </TextEquiv>
                    <TextStyle fontFamily="Times New Roman" fontSize="11.0" italic="true"/>
                </Word>
                <Word id="w_w2aab1b1b2b3c17b1c33" language="English" custom="readingOrder {index:5;}">
                    <Coords points="1938,1506 2150,1506 2150,1576 1938,1576"/>
                    <TextEquiv>
                        <Unicode>nom</Unicode>
                    </TextEquiv>
                    <TextStyle fontFamily="Times New Roman" fontSize="11.0" italic="true"/>
                </Word>
                <TextEquiv>
                    <Unicode>ſcauent pas que le Prophete nous</Unicode>
                </TextEquiv>
            </TextLine>
            <TextLine id="tl_11" primaryLanguage="English" custom="readingOrder {index:9;}">
                <Coords points="467,1618 2154,1618 2154,1791 467,1791"/>
                <Baseline points="467,1743 654,1741 894,1757 1144,1734 1452,1734 1618,1730 1898,1729 2154,1732"/>
                <Word id="w_w2aab1b1b2b3c19ab1" language="English" custom="readingOrder {index:0;}">
                    <Coords points="467,1645 832,1645 832,1790 467,1790"/>
                    <TextEquiv>
                        <Unicode>ajfeure</Unicode>
                    </TextEquiv>
                    <TextStyle fontFamily="Times New Roman" fontSize="11.0" italic="true"/>
                </Word>
                <Word id="w_w2aab1b1b2b3c19b1b1" language="English" custom="readingOrder {index:1;}">
                    <Coords points="862,1674 894,1674 894,1784 862,1784"/>
                    <TextEquiv>
                        <Unicode>,</Unicode>
                    </TextEquiv>
                    <TextStyle fontFamily="Times New Roman" fontSize="11.0"/>
                </Word>
                <Word id="w_w2aab1b1b2b3c19b2b1" language="English" custom="readingOrder {index:2;}">
                    <Coords points="947,1670 1144,1670 1144,1784 947,1784"/>
                    <TextEquiv>
                        <Unicode>que</Unicode>
                    </TextEquiv>
                    <TextStyle fontFamily="Times New Roman" fontSize="11.0" italic="true"/>
                </Word>
                <Word id="w_w2aab1b1b2b3c19b2b9" language="English" custom="readingOrder {index:3;}">
                    <Coords points="1177,1639 1452,1639 1452,1740 1177,1740"/>
                    <TextEquiv>
                        <Unicode>Dieu</Unicode>
                    </TextEquiv>
                    <TextStyle fontFamily="Times New Roman" fontSize="11.0" italic="true"/>
                </Word>
                <Word id="w_w2aab1b1b2b3c19b2c19" language="English" custom="readingOrder {index:4;}">
                    <Coords points="1481,1624 1618,1624 1618,1731 1481,1731"/>
                    <TextEquiv>
                        <Unicode>les</Unicode>
                    </TextEquiv>
                    <TextStyle fontFamily="Times New Roman" fontSize="11.0" italic="true"/>
                </Word>
                <Word id="w_w2aab1b1b2b3c19b2c27" language="English" custom="readingOrder {index:5;}">
                    <Coords points="1649,1630 1898,1630 1898,1733 1649,1733"/>
                    <TextEquiv>
                        <Unicode>tient</Unicode>
                    </TextEquiv>
                    <TextStyle fontFamily="Times New Roman" fontSize="11.0" italic="true"/>
                </Word>
                <Word id="w_w2aab1b1b2b3c19b2c39" language="English" custom="readingOrder {index:6;}">
                    <Coords points="1921,1624 2154,1624 2154,1732 1921,1732"/>
                    <TextEquiv>
                        <Unicode>dans</Unicode>
                    </TextEquiv>
                    <TextStyle fontFamily="Times New Roman" fontSize="11.0" italic="true"/>
                </Word>
                <TextEquiv>
                    <Unicode>aſſeure, que Dieu les tient dans</Unicode>
                </TextEquiv>
            </TextLine>
            <TextLine id="tl_12" primaryLanguage="English" custom="readingOrder {index:10;}">
                <Coords points="432,1770 2154,1770 2154,1949 432,1949"/>
                <Baseline points="432,1947 605,1898 763,1903 1179,1890 1557,1886 1629,1882 1763,1824 2153,1868"/>
                <Word id="w_w2aab1b1b2b3c21ab1" language="English" custom="readingOrder {index:0;}">
                    <Coords points="432,1804 605,1804 605,1947 432,1947"/>
                    <TextEquiv>
                        <Unicode>fies</Unicode>
                    </TextEquiv>
                    <TextStyle fontFamily="Times New Roman" fontSize="11.0" italic="true"/>
                </Word>
                <Word id="w_w2aab1b1b2b3c21ac11" language="English" custom="readingOrder {index:1;}">
                    <Coords points="640,1789 1109,1789 1109,1943 640,1943"/>
                    <TextEquiv>
                        <Unicode>Threfors</Unicode>
                    </TextEquiv>
                    <TextStyle fontFamily="Times New Roman" fontSize="11.0" italic="true"/>
                </Word>
                <Word id="w_w2aab1b1b2b3c21b1b1" language="English" custom="readingOrder {index:2;}">
                    <Coords points="1147,1834 1179,1834 1179,1890 1147,1890"/>
                    <TextEquiv>
                        <Unicode>:</Unicode>
                    </TextEquiv>
                    <TextStyle fontFamily="Times New Roman" fontSize="11.0" italic="true"/>
                </Word>
                <Word id="w_w2aab1b1b2b3c21b1b5" language="English" custom="readingOrder {index:3;}">
                    <Coords points="1373,1824 1557,1824 1557,1940 1373,1940"/>
                    <TextEquiv>
                        <Unicode>que</Unicode>
                    </TextEquiv>
                    <TextStyle fontFamily="Times New Roman" fontSize="11.0" italic="true"/>
                </Word>
                <Word id="w_w2aab1b1b2b3c21b1c13" language="English" custom="readingOrder {index:4;}">
                    <Coords points="1588,1775 1683,1775 1683,1885 1588,1885"/>
                    <TextEquiv>
                        <Unicode>la</Unicode>
                    </TextEquiv>
                    <TextStyle fontFamily="Times New Roman" fontSize="11.0" italic="true"/>
                </Word>
                <Word id="w_w2aab1b1b2b3c21b2b1" language="English" custom="readingOrder {index:5;}">
                    <Coords points="1706,1784 1763,1784 1763,1824 1706,1824"/>
                    <TextEquiv>
                        <Unicode>r</Unicode>
                    </TextEquiv>
                    <TextStyle fontFamily="Times New Roman" fontSize="11.0" italic="true" superscript="true"/>
                </Word>
                <Word id="w_w2aab1b1b2b3c21b3b1" language="English" custom="readingOrder {index:6;}">
                    <Coords points="1734,1778 2153,1778 2153,1926 1734,1926"/>
                    <TextEquiv>
                        <Unicode>Philofo-</Unicode>
                    </TextEquiv>
                    <TextStyle fontFamily="Times New Roman" fontSize="11.0" italic="true"/>
                </Word>
                <TextEquiv>
                    <Unicode>ſes Threſors: &amp; que la Philoſo¬</Unicode>
                </TextEquiv>
            </TextLine>
            <TextEquiv>
                <Unicode>nommé. Ils font les tempeſtes &amp;
les nauffrages quãd il leur plaiſt;
ils en exciteroyẽt ſur la mer paci¬
fique, &amp; trouueroyẽt des eſcueils
&amp; des rochers, en des lieux où les
Pilottes les plus experts, n'en
ont iamais remarqué. Mais ceux
qui diſpoſent ainſi des vens, ne
ſcauent pas que le Prophete nous
aſſeure, que Dieu les tient dans
ſes Threſors: &amp; que la Philoſo¬</Unicode>
            </TextEquiv>
        </TextRegion>
        <TextRegion type="paragraph" id="r_1_3" custom="readingOrder {index:2;}">
            <Coords points="447,1927 2169,1927 2169,3352 447,3352"/>
            <TextLine id="tl_13" primaryLanguage="English" custom="readingOrder {index:0;}">
                <Coords points="448,1928 2155,1928 2155,2109 448,2109"/>
                <Baseline points="448,2099 735,2070 805,2050 1325,2041 1813,2040 1979,2036 2155,2036"/>
                <Word id="w_w2aab1b1b2b5b1ab1" language="English" custom="readingOrder {index:0;}">
                    <Coords points="448,1945 735,1945 735,2099 448,2099"/>
                    <TextEquiv>
                        <Unicode>phie,</Unicode>
                    </TextEquiv>
                    <TextStyle fontFamily="Times New Roman" fontSize="11.0" italic="true"/>
                </Word>
                <Word id="w_w2aab1b1b2b5b1ac13" language="English" custom="readingOrder {index:1;}">
                    <Coords points="762,1975 1027,1975 1027,2053 762,2053"/>
                    <TextEquiv>
                        <Unicode>toute</Unicode>
                    </TextEquiv>
                    <TextStyle fontFamily="Times New Roman" fontSize="11.0" italic="true"/>
                </Word>
                <Word id="w_w2aab1b1b2b5b1b1b1" language="English" custom="readingOrder {index:2;}">
                    <Coords points="1082,1938 1325,1938 1325,2049 1082,2049"/>
                    <TextEquiv>
                        <Unicode>clair</Unicode>
                    </TextEquiv>
                    <TextStyle fontFamily="Times New Roman" fontSize="11.0" italic="true"/>
                </Word>
                <Word id="w_w2aab1b1b2b5b1b1c13" language="English" custom="readingOrder {index:3;}">
                    <Coords points="1366,1964 1813,1964 1813,2099 1366,2099"/>
                    <TextEquiv>
                        <Unicode>&lt;vojante</Unicode>
                    </TextEquiv>
                    <TextStyle fontFamily="Times New Roman" fontSize="11.0" italic="true"/>
                </Word>
                <Word id="w_w2aab1b1b2b5b1b1c31" language="English" custom="readingOrder {index:4;}">
                    <Coords points="1846,1976 1979,1976 1979,2087 1846,2087"/>
                    <TextEquiv>
                        <Unicode>qu</Unicode>
                    </TextEquiv>
                    <TextStyle fontFamily="Times New Roman" fontSize="11.0" italic="true"/>
                </Word>
                <Word id="w_w2aab1b1b2b5b1b1c37" language="English" custom="readingOrder {index:5;}">
                    <Coords points="2010,1932 2155,1932 2155,2037 2010,2037"/>
                    <TextEquiv>
                        <Unicode>elle</Unicode>
                    </TextEquiv>
                    <TextStyle fontFamily="Times New Roman" fontSize="11.0" italic="true"/>
                </Word>
                <TextEquiv>
                    <Unicode>phie, toute clair voyante qu'elle</Unicode>
                </TextEquiv>
            </TextLine>
            <TextLine id="tl_14" primaryLanguage="English" custom="readingOrder {index:1;}">
                <Coords points="465,2086 2157,2086 2157,2261 465,2261"/>
                <Baseline points="466,2205 518,2205 671,2225 820,2206 886,2205 1021,2256 1706,2197 1972,2196 2156,2176"/>
                <Word id="w_w2aab1b1b2b5b3ab1" language="English" custom="readingOrder {index:0;}">
                    <Coords points="466,2113 614,2113 614,2210 466,2210"/>
                    <TextEquiv>
                        <Unicode>eïï</Unicode>
                    </TextEquiv>
                    <TextStyle fontFamily="Times New Roman" fontSize="11.0" italic="true"/>
                </Word>
                <Word id="w_w2aab1b1b2b5b3b1b1" language="English" custom="readingOrder {index:1;}">
                    <Coords points="638,2146 671,2146 671,2225 638,2225"/>
                    <TextEquiv>
                        <Unicode>,</Unicode>
                    </TextEquiv>
                    <TextStyle fontFamily="Times New Roman" fontSize="11.0"/>
                </Word>
                <Word id="w_w2aab1b1b2b5b3b2b1" language="English" custom="readingOrder {index:2;}">
                    <Coords points="726,2103 820,2103 820,2206 726,2206"/>
                    <TextEquiv>
                        <Unicode>ri</Unicode>
                    </TextEquiv>
                    <TextStyle fontFamily="Times New Roman" fontSize="11.0" italic="true"/>
                </Word>
                <Word id="w_w2aab1b1b2b5b3b2b7" language="English" custom="readingOrder {index:3;}">
                    <Coords points="822,2147 886,2147 886,2205 822,2205"/>
                    <TextEquiv>
                        <Unicode>a</Unicode>
                    </TextEquiv>
                    <TextStyle fontFamily="Times New Roman" fontSize="11.0" italic="true"/>
                </Word>
                <Word id="w_w2aab1b1b2b5b3b2c11" language="English" custom="readingOrder {index:4;}">
                    <Coords points="952,2096 1094,2096 1094,2256 952,2256"/>
                    <TextEquiv>
                        <Unicode>pu</Unicode>
                    </TextEquiv>
                    <TextStyle fontFamily="Times New Roman" fontSize="11.0" italic="true"/>
                </Word>
                <Word id="w_w2aab1b1b2b5b3b3b1" language="English" custom="readingOrder {index:5;}">
                    <Coords points="1147,2095 1706,2095 1706,2247 1147,2247"/>
                    <TextEquiv>
                        <Unicode>defcouurir</Unicode>
                    </TextEquiv>
                    <TextStyle fontFamily="Times New Roman" fontSize="11.0" italic="true"/>
                </Word>
                <Word id="w_w2aab1b1b2b5b3b3c23" language="English" custom="readingOrder {index:6;}">
                    <Coords points="1755,2090 1972,2090 1972,2197 1755,2197"/>
                    <TextEquiv>
                        <Unicode>leur</Unicode>
                    </TextEquiv>
                    <TextStyle fontFamily="Times New Roman" fontSize="11.0" italic="true"/>
                </Word>
                <Word id="w_w2aab1b1b2b5b3b3c33" language="English" custom="readingOrder {index:7;}">
                    <Coords points="2034,2126 2156,2126 2156,2193 2034,2193"/>
                    <TextEquiv>
                        <Unicode>re-</Unicode>
                    </TextEquiv>
                    <TextStyle fontFamily="Times New Roman" fontSize="11.0" italic="true"/>
                </Word>
                <TextEquiv>
                    <Unicode>est, n'a pu deſcouurir leur re¬</Unicode>
                </TextEquiv>
            </TextLine>
            <TextLine id="tl_15" primaryLanguage="English" custom="readingOrder {index:2;}">
                <Coords points="473,2246 2158,2246 2158,2413 473,2413"/>
                <Baseline points="473,2365 726,2363 860,2359 1048,2357 1168,2356 1542,2353 1786,2348 1922,2347 2158,2328"/>
                <Word id="w_w2aab1b1b2b5b5ab1" language="English" custom="readingOrder {index:0;}">
                    <Coords points="473,2261 726,2261 726,2368 473,2368"/>
                    <TextEquiv>
                        <Unicode>trait</Unicode>
                    </TextEquiv>
                    <TextStyle fontFamily="Times New Roman" fontSize="11.0" italic="true"/>
                </Word>
                <Word id="w_w2aab1b1b2b5b5ac13" language="English" custom="readingOrder {index:1;}">
                    <Coords points="729,2288 860,2288 860,2362 729,2362"/>
                    <TextEquiv>
                        <Unicode>te.</Unicode>
                    </TextEquiv>
                    <TextStyle fontFamily="Times New Roman" fontSize="11.0" italic="true"/>
                </Word>
                <Word id="w_w2aab1b1b2b5b5ac21" language="English" custom="readingOrder {index:2;}">
                    <Coords points="915,2263 1048,2263 1048,2364 915,2364"/>
                    <TextEquiv>
                        <Unicode>Ce</Unicode>
                    </TextEquiv>
                    <TextStyle fontFamily="Times New Roman" fontSize="11.0" italic="true"/>
                </Word>
                <Word id="w_w2aab1b1b2b5b5ac27" language="English" custom="readingOrder {index:3;}">
                    <Coords points="1101,2254 1332,2254 1332,2404 1101,2404"/>
                    <TextEquiv>
                        <Unicode>ncfi</Unicode>
                    </TextEquiv>
                    <TextStyle fontFamily="Times New Roman" fontSize="11.0" italic="true"/>
                </Word>
                <Word id="w_w2aab1b1b2b5b5b1b1" language="English" custom="readingOrder {index:4;}">
                    <Coords points="1355,2283 1542,2283 1542,2404 1355,2404"/>
                    <TextEquiv>
                        <Unicode>pas</Unicode>
                    </TextEquiv>
                    <TextStyle fontFamily="Times New Roman" fontSize="11.0" italic="true"/>
                </Word>
                <Word id="w_w2aab1b1b2b5b5b1b9" language="English" custom="readingOrder {index:5;}">
                    <Coords points="1597,2286 1786,2286 1786,2399 1597,2399"/>
                    <TextEquiv>
                        <Unicode>que</Unicode>
                    </TextEquiv>
                    <TextStyle fontFamily="Times New Roman" fontSize="11.0" italic="true"/>
                </Word>
                <Word id="w_w2aab1b1b2b5b5b1c17" language="English" custom="readingOrder {index:6;}">
                    <Coords points="1837,2249 1922,2249 1922,2349 1837,2349"/>
                    <TextEquiv>
                        <Unicode>ie</Unicode>
                    </TextEquiv>
                    <TextStyle fontFamily="Times New Roman" fontSize="11.0" italic="true"/>
                </Word>
                <Word id="w_w2aab1b1b2b5b5b1c23" language="English" custom="readingOrder {index:7;}">
                    <Coords points="1957,2275 2158,2275 2158,2396 1957,2396"/>
                    <TextEquiv>
                        <Unicode>pré¬</Unicode>
                    </TextEquiv>
                    <TextStyle fontFamily="Times New Roman" fontSize="11.0" italic="true"/>
                </Word>
                <TextEquiv>
                    <Unicode>traitte. Ce n'eſt pas que ie pre¬</Unicode>
                </TextEquiv>
            </TextLine>
            <TextLine id="tl_16" primaryLanguage="English" custom="readingOrder {index:3;}">
                <Coords points="476,2394 2158,2394 2158,2563 476,2563"/>
                <Baseline points="477,2521 763,2512 1083,2505 1202,2530 1299,2509 1973,2500 2157,2504"/>
                <Word id="w_w2aab1b1b2b5b7ab1" language="English" custom="readingOrder {index:0;}">
                    <Coords points="477,2414 763,2414 763,2521 477,2521"/>
                    <TextEquiv>
                        <Unicode>tende</Unicode>
                    </TextEquiv>
                    <TextStyle fontFamily="Times New Roman" fontSize="11.0" italic="true"/>
                </Word>
                <Word id="w_w2aab1b1b2b5b7ac13" language="English" custom="readingOrder {index:1;}">
                    <Coords points="786,2409 1139,2409 1139,2530 786,2530"/>
                    <TextEquiv>
                        <Unicode>bannir</Unicode>
                    </TextEquiv>
                    <TextStyle fontFamily="Times New Roman" fontSize="11.0" italic="true"/>
                </Word>
                <Word id="w_w2aab1b1b2b5b7b1b1" language="English" custom="readingOrder {index:2;}">
                    <Coords points="1167,2491 1202,2491 1202,2530 1167,2530"/>
                    <TextEquiv>
                        <Unicode>3</Unicode>
                    </TextEquiv>
                    <TextStyle fontFamily="Times New Roman" fontSize="11.0" italic="true" subscript="true"/>
                </Word>
                <Word id="w_w2aab1b1b2b5b7b2b3" language="English" custom="readingOrder {index:3;}">
                    <Coords points="1252,2406 1379,2406 1379,2514 1252,2514"/>
                    <TextEquiv>
                        <Unicode>les</Unicode>
                    </TextEquiv>
                    <TextStyle fontFamily="Times New Roman" fontSize="11.0" italic="true"/>
                </Word>
                <Word id="w_w2aab1b1b2b5b7b3b1" language="English" custom="readingOrder {index:4;}">
                    <Coords points="1441,2402 1973,2402 1973,2551 1441,2551"/>
                    <TextEquiv>
                        <Unicode>naufrages</Unicode>
                    </TextEquiv>
                    <TextStyle fontFamily="Times New Roman" fontSize="11.0" italic="true"/>
                </Word>
                <Word id="w_w2aab1b1b2b5b7b3c21" language="English" custom="readingOrder {index:5;}">
                    <Coords points="2018,2395 2157,2395 2157,2504 2018,2504"/>
                    <TextEquiv>
                        <Unicode>des</Unicode>
                    </TextEquiv>
                    <TextStyle fontFamily="Times New Roman" fontSize="11.0" italic="true"/>
                </Word>
                <TextEquiv>
                    <Unicode>tende bannir, les naufrages des</Unicode>
                </TextEquiv>
            </TextLine>
            <TextLine id="tl_17" primaryLanguage="English" custom="readingOrder {index:4;}">
                <Coords points="482,2550 2161,2550 2161,2724 482,2724"/>
                <Baseline points="482,2684 809,2676 1021,2674 1155,2664 1257,2663 1901,2659 2161,2655"/>
                <Word id="w_w2aab1b1b2b5b9ab1" language="English" custom="readingOrder {index:0;}">
                    <Coords points="482,2576 929,2576 929,2684 482,2684"/>
                    <TextEquiv>
                        <Unicode>Romans</Unicode>
                    </TextEquiv>
                    <TextStyle fontFamily="Times New Roman" fontSize="11.0" italic="true"/>
                </Word>
                <Word id="w_w2aab1b1b2b5b9b1b1" language="English" custom="readingOrder {index:1;}">
                    <Coords points="988,2603 1021,2603 1021,2674 988,2674"/>
                    <TextEquiv>
                        <Unicode>:</Unicode>
                    </TextEquiv>
                    <TextStyle fontFamily="Times New Roman" fontSize="11.0" italic="true"/>
                </Word>
                <Word id="w_w2aab1b1b2b5b9b2b1" language="English" custom="readingOrder {index:2;}">
                    <Coords points="1068,2602 1155,2602 1155,2667 1068,2667"/>
                    <TextEquiv>
                        <Unicode>te</Unicode>
                    </TextEquiv>
                    <TextStyle fontFamily="Times New Roman" fontSize="11.0" italic="true"/>
                </Word>
                <Word id="w_w2aab1b1b2b5b9b2b7" language="English" custom="readingOrder {index:3;}">
                    <Coords points="1210,2559 1343,2559 1343,2668 1210,2668"/>
                    <TextEquiv>
                        <Unicode>les</Unicode>
                    </TextEquiv>
                    <TextStyle fontFamily="Times New Roman" fontSize="11.0" italic="true"/>
                </Word>
                <Word id="w_w2aab1b1b2b5b9b3b1" language="English" custom="readingOrder {index:4;}">
                    <Coords points="1420,2592 1901,2592 1901,2714 1420,2714"/>
                    <TextEquiv>
                        <Unicode>approuue</Unicode>
                    </TextEquiv>
                    <TextStyle fontFamily="Times New Roman" fontSize="11.0" italic="true"/>
                </Word>
                <Word id="w_w2aab1b1b2b5b9b3c19" language="English" custom="readingOrder {index:5;}">
                    <Coords points="1972,2590 2161,2590 2161,2655 1972,2655"/>
                    <TextEquiv>
                        <Unicode>aux</Unicode>
                    </TextEquiv>
                    <TextStyle fontFamily="Times New Roman" fontSize="11.0" italic="true"/>
                </Word>
                <TextEquiv>
                    <Unicode>Romans: ise les approuue aux</Unicode>
                </TextEquiv>
            </TextLine>
            <TextLine id="tl_18" primaryLanguage="English" custom="readingOrder {index:5;}">
                <Coords points="486,2706 2161,2706 2161,2878 486,2878"/>
                <Baseline points="486,2828 843,2828 1399,2822 1607,2836 1775,2842 1890,2811 2056,2808 2160,2814"/>
                <Word id="w_w2aab1b1b2b5c11ab1" language="English" custom="readingOrder {index:0;}">
                    <Coords points="486,2718 1189,2718 1189,2875 486,2875"/>
                    <TextEquiv>
                        <Unicode>Ouuragesdes</Unicode>
                    </TextEquiv>
                    <TextStyle fontFamily="Times New Roman" fontSize="11.0" italic="true"/>
                </Word>
                <Word id="w_w2aab1b1b2b5c11b1b1" language="English" custom="readingOrder {index:1;}">
                    <Coords points="1214,2747 1549,2747 1549,2823 1214,2823"/>
                    <TextEquiv>
                        <Unicode>autres</Unicode>
                    </TextEquiv>
                    <TextStyle fontFamily="Times New Roman" fontSize="11.0" italic="true"/>
                </Word>
                <Word id="w_w2aab1b1b2b5c11b2b1" language="English" custom="readingOrder {index:2;}">
                    <Coords points="1578,2753 1607,2753 1607,2849 1578,2849"/>
                    <TextEquiv>
                        <Unicode>,</Unicode>
                    </TextEquiv>
                    <TextStyle fontFamily="Times New Roman" fontSize="11.0"/>
                </Word>
                <Word id="w_w2aab1b1b2b5c11b3b1" language="English" custom="readingOrder {index:3;}">
                    <Coords points="1640,2736 1775,2736 1775,2849 1640,2849"/>
                    <TextEquiv>
                        <Unicode>çsf</Unicode>
                    </TextEquiv>
                    <TextStyle fontFamily="Times New Roman" fontSize="11.0" italic="true"/>
                </Word>
                <Word id="w_w2aab1b1b2b5c11b3b9" language="English" custom="readingOrder {index:4;}">
                    <Coords points="1808,2751 1890,2751 1890,2817 1808,2817"/>
                    <TextEquiv>
                        <Unicode>te</Unicode>
                    </TextEquiv>
                    <TextStyle fontFamily="Times New Roman" fontSize="11.0" italic="true"/>
                </Word>
                <Word id="w_w2aab1b1b2b5c11b3c15" language="English" custom="readingOrder {index:5;}">
                    <Coords points="1940,2707 2056,2707 2056,2812 1940,2812"/>
                    <TextEquiv>
                        <Unicode>ni</Unicode>
                    </TextEquiv>
                    <TextStyle fontFamily="Times New Roman" fontSize="11.0" italic="true"/>
                </Word>
                <Word id="w_w2aab1b1b2b5c11b3c21" language="English" custom="readingOrder {index:6;}">
                    <Coords points="2064,2744 2160,2744 2160,2814 2064,2814"/>
                    <TextEquiv>
                        <Unicode>en</Unicode>
                    </TextEquiv>
                    <TextStyle fontFamily="Times New Roman" fontSize="11.0" italic="true"/>
                </Word>
                <TextEquiv>
                    <Unicode>Ouurages des autres, &amp; ie m'en</Unicode>
                </TextEquiv>
            </TextLine>
            <TextLine id="tl_19" primaryLanguage="English" custom="readingOrder {index:6;}">
                <Coords points="453,2862 2165,2862 2165,3039 453,3039"/>
                <Baseline points="453,3035 553,3035 950,2984 1066,2979 1388,2978 1438,2977 1510,2979 1984,2968 2164,2964"/>
                <Word id="w_w2aab1b1b2b5c13ab1" language="English" custom="readingOrder {index:0;}">
                    <Coords points="453,2880 672,2880 672,3035 453,3035"/>
                    <TextEquiv>
                        <Unicode>fers</Unicode>
                    </TextEquiv>
                    <TextStyle fontFamily="Times New Roman" fontSize="11.0" italic="true"/>
                </Word>
                <Word id="w_w2aab1b1b2b5c13b1b1" language="English" custom="readingOrder {index:1;}">
                    <Coords points="699,2880 950,2880 950,2988 699,2988"/>
                    <TextEquiv>
                        <Unicode>dans</Unicode>
                    </TextEquiv>
                    <TextStyle fontFamily="Times New Roman" fontSize="11.0" italic="true"/>
                </Word>
                <Word id="w_w2aab1b1b2b5c13b1c11" language="English" custom="readingOrder {index:2;}">
                    <Coords points="983,2873 1066,2873 1066,2984 983,2984"/>
                    <TextEquiv>
                        <Unicode>le</Unicode>
                    </TextEquiv>
                    <TextStyle fontFamily="Times New Roman" fontSize="11.0" italic="true"/>
                </Word>
                <Word id="w_w2aab1b1b2b5c13b1c17" language="English" custom="readingOrder {index:3;}">
                    <Coords points="1121,2881 1388,2881 1388,2981 1121,2981"/>
                    <TextEquiv>
                        <Unicode>mien</Unicode>
                    </TextEquiv>
                    <TextStyle fontFamily="Times New Roman" fontSize="11.0" italic="true"/>
                </Word>
                <Word id="w_w2aab1b1b2b5c13b1c27" language="English" custom="readingOrder {index:4;}">
                    <Coords points="1415,2917 1438,2917 1438,2977 1415,2977"/>
                    <TextEquiv>
                        <Unicode>\</Unicode>
                    </TextEquiv>
                    <TextStyle fontFamily="Times New Roman" fontSize="11.0" italic="true"/>
                </Word>
                <Word id="w_w2aab1b1b2b5c13b1c31" language="English" custom="readingOrder {index:5;}">
                    <Coords points="1477,2869 1813,2869 1813,3026 1477,3026"/>
                    <TextEquiv>
                        <Unicode>tejcaj</Unicode>
                    </TextEquiv>
                    <TextStyle fontFamily="Times New Roman" fontSize="11.0" italic="true"/>
                </Word>
                <Word id="w_w2aab1b1b2b5c13b2b1" language="English" custom="readingOrder {index:6;}">
                    <Coords points="1837,2906 1984,2906 1984,2971 1837,2971"/>
                    <TextEquiv>
                        <Unicode>me</Unicode>
                    </TextEquiv>
                    <TextStyle fontFamily="Times New Roman" fontSize="11.0" italic="true"/>
                </Word>
                <Word id="w_w2aab1b1b2b5c13b2b7" language="English" custom="readingOrder {index:7;}">
                    <Coords points="1961,2865 2164,2865 2164,3014 1961,3014"/>
                    <TextEquiv>
                        <Unicode>fine</Unicode>
                    </TextEquiv>
                    <TextStyle fontFamily="Times New Roman" fontSize="11.0" italic="true"/>
                </Word>
                <TextEquiv>
                    <Unicode>ſers dans le mien: ie ſcay meſme</Unicode>
                </TextEquiv>
            </TextLine>
            <TextLine id="tl_20" primaryLanguage="English" custom="readingOrder {index:7;}">
                <Coords points="483,3016 2160,3016 2160,3192 483,3192"/>
                <Baseline points="483,3192 672,3139 800,3140 1126,3141 1192,3134 1420,3134 1554,3133 1648,3125 1770,3124 1922,3125 2159,3120"/>
                <Word id="w_w2aab1b1b2b5c15ab1" language="English" custom="readingOrder {index:0;}">
                    <Coords points="483,3075 672,3075 672,3192 483,3192"/>
                    <TextEquiv>
                        <Unicode>que</Unicode>
                    </TextEquiv>
                    <TextStyle fontFamily="Times New Roman" fontSize="11.0" italic="true"/>
                </Word>
                <Word id="w_w2aab1b1b2b5c15ab9" language="English" custom="readingOrder {index:1;}">
                    <Coords points="699,3034 800,3034 800,3140 699,3140"/>
                    <TextEquiv>
                        <Unicode>la</Unicode>
                    </TextEquiv>
                    <TextStyle fontFamily="Times New Roman" fontSize="11.0" italic="true"/>
                </Word>
                <Word id="w_w2aab1b1b2b5c15ac15" language="English" custom="readingOrder {index:2;}">
                    <Coords points="835,3047 1126,3047 1126,3145 835,3145"/>
                    <TextEquiv>
                        <Unicode>liftier</Unicode>
                    </TextEquiv>
                    <TextStyle fontFamily="Times New Roman" fontSize="11.0" italic="true"/>
                </Word>
                <Word id="w_w2aab1b1b2b5c15ac31" language="English" custom="readingOrder {index:3;}">
                    <Coords points="1145,3028 1278,3028 1278,3178 1145,3178"/>
                    <TextEquiv>
                        <Unicode>eft</Unicode>
                    </TextEquiv>
                    <TextStyle fontFamily="Times New Roman" fontSize="11.0" italic="true"/>
                </Word>
                <Word id="w_w2aab1b1b2b5c15b1b1" language="English" custom="readingOrder {index:4;}">
                    <Coords points="1321,3028 1420,3028 1420,3136 1321,3136"/>
                    <TextEquiv>
                        <Unicode>la</Unicode>
                    </TextEquiv>
                    <TextStyle fontFamily="Times New Roman" fontSize="11.0" italic="true"/>
                </Word>
                <Word id="w_w2aab1b1b2b5c15b1b7" language="English" custom="readingOrder {index:5;}">
                    <Coords points="1483,3036 1554,3036 1554,3133 1483,3133"/>
                    <TextEquiv>
                        <Unicode>S</Unicode>
                    </TextEquiv>
                    <TextStyle fontFamily="Times New Roman" fontSize="11.0" italic="true"/>
                </Word>
                <Word id="w_w2aab1b1b2b5c15b1c11" language="English" custom="readingOrder {index:6;}">
                    <Coords points="1557,3065 1648,3065 1648,3130 1557,3130"/>
                    <TextEquiv>
                        <Unicode>ce</Unicode>
                    </TextEquiv>
                    <TextStyle fontFamily="Times New Roman" fontSize="11.0" italic="true"/>
                </Word>
                <Word id="w_w2aab1b1b2b5c15b1c17" language="English" custom="readingOrder {index:7;}">
                    <Coords points="1651,3062 1770,3062 1770,3131 1651,3131"/>
                    <TextEquiv>
                        <Unicode>ne</Unicode>
                    </TextEquiv>
                    <TextStyle fontFamily="Times New Roman" fontSize="11.0" italic="true"/>
                </Word>
                <Word id="w_w2aab1b1b2b5c15b1c23" language="English" custom="readingOrder {index:8;}">
                    <Coords points="1823,3021 1922,3021 1922,3127 1823,3127"/>
                    <TextEquiv>
                        <Unicode>la</Unicode>
                    </TextEquiv>
                    <TextStyle fontFamily="Times New Roman" fontSize="11.0" italic="true"/>
                </Word>
                <Word id="w_w2aab1b1b2b5c15b1c29" language="English" custom="readingOrder {index:9;}">
                    <Coords points="1955,3017 2159,3017 2159,3178 1955,3178"/>
                    <TextEquiv>
                        <Unicode>plus</Unicode>
                    </TextEquiv>
                    <TextStyle fontFamily="Times New Roman" fontSize="11.0" italic="true"/>
                </Word>
                <TextEquiv>
                    <Unicode>que la Mer eſt la Scene la plus</Unicode>
                </TextEquiv>
            </TextLine>
            <TextLine id="tl_21" primaryLanguage="English" custom="readingOrder {index:8;}">
                <Coords points="466,3172 2168,3172 2168,3351 466,3351"/>
                <Baseline points="467,3351 811,3294 883,3303 994,3341 1341,3293 1749,3287 2167,3252"/>
                <Word id="w_w2aab1b1b2b5c17ab1" language="English" custom="readingOrder {index:0;}">
                    <Coords points="467,3226 811,3226 811,3351 467,3351"/>
                    <TextEquiv>
                        <Unicode>propre</Unicode>
                    </TextEquiv>
                    <TextStyle fontFamily="Times New Roman" fontSize="11.0" italic="true"/>
                </Word>
                <Word id="w_w2aab1b1b2b5c17ac15" language="English" custom="readingOrder {index:1;}">
                    <Coords points="826,3197 883,3197 883,3303 826,3303"/>
                    <TextEquiv>
                        <Unicode>à</Unicode>
                    </TextEquiv>
                    <TextStyle fontFamily="Times New Roman" fontSize="11.0" italic="true"/>
                </Word>
                <Word id="w_w2aab1b1b2b5c17ac19" language="English" custom="readingOrder {index:2;}">
                    <Coords points="886,3189 1171,3189 1171,3341 886,3341"/>
                    <TextEquiv>
                        <Unicode>faire</Unicode>
                    </TextEquiv>
                    <TextStyle fontFamily="Times New Roman" fontSize="11.0" italic="true"/>
                </Word>
                <Word id="w_w2aab1b1b2b5c17b1b1" language="English" custom="readingOrder {index:3;}">
                    <Coords points="1218,3189 1341,3189 1341,3295 1218,3295"/>
                    <TextEquiv>
                        <Unicode>de</Unicode>
                    </TextEquiv>
                    <TextStyle fontFamily="Times New Roman" fontSize="11.0" italic="true"/>
                </Word>
                <Word id="w_w2aab1b1b2b5c17b1b7" language="English" custom="readingOrder {index:4;}">
                    <Coords points="1367,3178 1749,3178 1749,3336 1367,3336"/>
                    <TextEquiv>
                        <Unicode>grands</Unicode>
                    </TextEquiv>
                    <TextStyle fontFamily="Times New Roman" fontSize="11.0" italic="true"/>
                </Word>
                <Word id="w_w2aab1b1b2b5c17b1c21" language="English" custom="readingOrder {index:5;}">
                    <Coords points="1776,3175 2167,3175 2167,3321 1776,3321"/>
                    <TextEquiv>
                        <Unicode>change^</Unicode>
                    </TextEquiv>
                    <TextStyle fontFamily="Times New Roman" fontSize="11.0" italic="true"/>
                </Word>
                <TextEquiv>
                    <Unicode>propre à faire de grands change¬</Unicode>
                </TextEquiv>
            </TextLine>
            <TextEquiv>
                <Unicode>phie, toute clair voyante qu'elle
est, n'a pu deſcouurir leur re¬
traitte. Ce n'eſt pas que ie pre¬
tende bannir, les naufrages des
Romans: ise les approuue aux
Ouurages des autres, &amp; ie m'en
ſers dans le mien: ie ſcay meſme
que la Mer eſt la Scene la plus
propre à faire de grands change¬</Unicode>
            </TextEquiv>
        </TextRegion>
        <TextRegion type="paragraph" id="r_1_4" custom="readingOrder {index:3;}">
            <Coords points="1965,3355 2167,3355 2167,3425 1965,3425"/>
            <TextLine id="tl_22" primaryLanguage="English" custom="readingOrder {index:0;}">
                <Coords points="1966,3356 2166,3356 2166,3424 1966,3424"/>
                <Baseline points="1966,3424 2166,3414"/>
                <Word id="w_w2aab1b1b2b7b1ab1" language="English" custom="readingOrder {index:0;}">
                    <Coords points="1966,3356 2166,3356 2166,3424 1966,3424"/>
                    <TextEquiv>
                        <Unicode>mens</Unicode>
                    </TextEquiv>
                    <TextStyle fontFamily="Times New Roman" fontSize="10.0" bold="true" italic="true"/>
                </Word>
                <TextEquiv>
                    <Unicode>mens</Unicode>
                </TextEquiv>
                <TextStyle fontFamily="Times New Roman" fontSize="10.0" bold="true" italic="true"/>
            </TextLine>
            <TextEquiv>
                <Unicode>mens</Unicode>
            </TextEquiv>
        </TextRegion>
    </Page>
</PcGts>
