2479 3508
527 293 597 393 $
609 267 687 373 S
881 253 1015 365 U
1013 245 1407 399 Muftre
1431 243 1759 399 Baffe

543 401 923 533 chofes,
971 413 1277 513 eftant
1331 407 1711 509 deuenu
1751 407 2037 553 efper-

543 563 1011 661 duëment
1035 589 1553 657 amoureux
1583 555 1845 659 dvne
1867 555 2043 663 fille

543 699 1169 807 d’excellente
1199 695 1601 817 beauté,
1631 701 1745 799 de
1771 741 2037 847 gran¬

547 855 667 951 de
691 883 995 977 vertu,
1027 863 1117 947 &
1147 849 1261 945 de
1301 843 1797 987 beaucoup
1829 853 2043 951 d’es¬

545 1005 765 1141 prit,
803 993 873 1095 il
923 989 1369 1137 l’efpoufa
1417 1031 1675 1135 quoy
1721 1031 1849 1137 qu
1877 995 2041 1101 elle

545 1141 731 1243 fuft
799 1141 915 1237 de
987 1137 1051 1241 b
1061 1181 1107 1239 a
1119 1141 1237 1239 fie
1297 1139 1821 1241 condition
1869 1185 1887 1241 :
1961 1159 2041 1247 &

547 1323 937 1387 comme
967 1283 1095 1387 les
1153 1281 1491 1391 loixde
1531 1283 1897 1411 I’Eftat,
1935 1325 2043 1389 ne

545 1465 1143 1575 permettent
1187 1471 1341 1569 pas
1393 1429 1447 1531 à
1507 1469 1637 1539 vn
1695 1433 2051 1533 Gentil¬

545 1579 987 1693 homme,
1021 1573 1559 1719 d’efpoufer
1585 1615 1771 1679 vne
1823 1575 2047 1685 fem¬

553 1765 707 1827 me
731 1735 899 1871 qui
923 1763 1047 1825 ne
1071 1721 1253 1823 foit
1283 1763 1447 1867 pas
1473 1721 1813 1835 noble,
1843 1721 2045 1827 elles

551 1869 929 1979 veulent
977 1907 1273 1973 encor
1321 1907 1509 2015 que
1561 1867 1691 1969 les
1721 1875 2049 2011 grands

553 2027 727 2163 qui
771 2017 995 2115 font
1043 2019 1159 2115 de
1225 2011 1803 2123 semblables
1863 2015 2055 2117 fau¬

555 2197 753 2293 tes,
799 2163 1209 2313 perdent
1263 2159 1391 2261 les
1437 2157 1919 2261 honneurs
1973 2185 2051 2265 &

555 2311 691 2411 les
739 2305 1129 2449 charges
1197 2301 1479 2451 qu’ils
1545 2309 2051 2449 pofiedent;

561 2471 661 2561 &
685 2453 967 2601 qu’ils
991 2455 1303 2553 foient
1335 2453 1767 2555 déclarez
1793 2465 2057 2597 igno¬

557 2601 805 2729 bles,
851 2615 949 2703 &:
989 2595 1547 2745 incapables
1597 2605 1711 2699 de
1763 2635 2053 2699 toutes

557 2751 843 2851 fortes
891 2749 1501 2889 dedignitez.
1563 2755 1815 2887 Mon
1865 2785 2059 2887 pere

557 2897 923 3001 n’auoit
975 2933 1137 3035 pas
1189 2891 1531 3041 ignoré
1561 2927 1803 2995 cette
1847 2931 2059 2991 cou¬

567 3019 875 3153 tume
949 3019 1047 3145 èc
1115 3077 1365 3155 cette
1409 3041 1575 3185 loy
1625 3123 1653 3173 ,
1717 3051 1941 3149 mais
1993 3033 2055 3137 il
