2479 3508
589 262 647 325 2
910 205 1431 317 L'IlluFtre
1506 207 1803 348 BaJJa

594 360 1181 488 baies,éueilla
1206 395 1404 459 tout
1433 354 1508 454 le
1534 363 1866 455 monde
1888 361 2085 464 dans

591 502 1118 645 I’Imperiale
1165 496 1374 599 ville
1437 500 1548 594 de
1589 502 2088 601 Conftanti-

595 647 865 788 nople
897 700 918 766 j
961 660 1053 745 &
1092 639 1201 738 fit
1257 642 1769 739 connoiftre
1812 636 1861 737 à.
1905 639 2089 741 cha¬

596 827 769 887 cun
793 869 821 909 ,
860 822 1035 926 que
1076 778 1159 876 le
1202 779 1659 916 triomphe
1684 779 1799 874 du
1822 786 2089 915 grand

595 925 998 1029 Soliman
1018 918 1236 1019 aloit
1256 925 2094 1018 commencer.l'ont

597 1061 676 1167 le
701 1061 1014 1208 peuple
1053 1093 1369 1160 courut
1393 1058 1443 1155 à
1472 1054 1619 1155 lin
1631 1058 1900 1178 fiant,
1951 1057 1998 1155 à
2017 1054 2088 1158 la

608 1204 853 1349 place
918 1209 1031 1302 de
1092 1197 1777 1340 THipodrome,
1840 1212 1929 1296 &
1984 1195 2091 1296 les

604 1361 904 1447 moins
930 1352 1282 1442 curieux
1310 1334 1786 1440 voulurent
1812 1345 2000 1435 voir
2017 1334 2088 1436 la

601 1485 1160 1629 magnifique
1185 1479 1484 1579 entrée
1507 1479 1616 1578 de
1649 1516 1744 1572 ce
1765 1483 2086 1600 Prince,

599 1643 757 1771 qui
827 1633 1227 1728 reuenoit
1303 1630 1795 1758 vainqueur
1860 1618 1963 1710 de
2018 1612 2089 1714 la

614 1769 885 1868 Perle.
966 1760 1427 1867 Roxelane
1452 1755 1806 1860 Sultane
1828 1764 2090 1857 Reine

603 1909 1004 2006 fuiuiede
1045 1936 1340 2002 toutes
1365 1901 1482 1997 les
1509 1904 2090 2030 autres,partit

604 2052 723 2146 du
769 2044 1073 2147 Serrail
1118 2047 1329 2141 dans
1360 2043 1507 2137 des
1533 2038 1913 2136 chariots
1936 2037 2093 2130 de-

602 2183 967 2286 carlatte
1014 2224 1123 2284 en
1168 2181 1575 2281 broderie
1596 2182 1831 2299 dor,
1876 2189 1961 2274 &
2012 2172 2089 2267 le

608 2333 900 2430 rendit
939 2323 990 2424 à
1047 2322 1124 2422 la
1197 2318 1566 2460 luperbc
1609 2311 1872 2456 loge,
1935 2347 2090 2466 que

605 2463 788 2568 l’on
849 2478 1098 2565 auoit
1169 2460 1558 2562 deftinée
1639 2490 1860 2595 pour
1921 2433 2088 2548 elle.

606 2612 859 2707 Tous
886 2604 1001 2706 les
1020 2602 1699 2707 Ambafiadeurs
1724 2597 2095 2690 desPrin-

666 2788 748 2846 es
776 2748 1315 2866 Chreftiens,
1338 2783 1395 2876 y
1417 2738 1718 2839 furent
1738 2731 2094 2876 prendre

717 2927 824 2990 rts
857 2885 1146 3030 places
1171 2939 1192 3005 ;
1211 2880 1462 3021 celuy
1489 2883 1598 2982 de
1621 2888 1934 2979 France
1955 2900 2090 2965 eut
