2479 3508
866 68 1676 169 PREFACE.

374 218 685 359 faire.
758 213 925 317 En
969 204 1181 360 effet
1221 244 1255 331 ,
1305 244 1535 314 ceux
1577 210 1747 359 qui
1758 201 1995 350 font
2010 219 2105 350 fi

377 368 800 513 fument
821 362 1220 527 défaire
1241 360 1400 469 des
1424 368 1788 464 armées
1808 390 2090 468 entiè¬

399 558 543 624 res
555 551 747 665 par
769 560 917 626 vn
958 514 1327 622 homme
1324 505 1551 658 fui
1563 591 1595 631 3
1617 539 1779 618 ont
1799 510 2095 622 oublié

402 708 498 778 ce
539 669 1022 782 Trouerbe
1048 709 1218 820 qui
1241 670 1664 782 dit:Nvi.
1712 717 2086 788 contre

399 883 657 952 devx
677 864 709 963 .,
747 847 875 964 Çf
897 866 1009 933 ne
1016 826 1609 976 fcauentpas
1633 865 1813 972 que
1859 820 2091 933 l'an¬

400 984 750 1146 tiquité
764 1020 1000 1086 nous
1044 979 1388 1120 afieure
1440 1057 1474 1096 ,
1520 1015 1654 1127 qu
1683 979 2092 1088 Hercule

383 1186 460 1295 y
475 1155 627 1286 fer
629 1150 757 1253 oit
795 1164 995 1283 trop
1017 1127 1349 1278 foible.
1434 1131 1537 1236 Il
1579 1130 1707 1277 eft
1736 1125 1951 1241 hors
1987 1138 2089 1244 de

398 1304 680 1405 doute
706 1328 888 1450 que
900 1321 1146 1435 pour
1184 1283 1750 1435 reprefenter
1794 1291 1890 1391 la
1936 1328 2092 1392 •vé¬

397 1449 749 1558 ritable
791 1439 1149 1544 ardeur
1212 1433 1641 1587 heroique
1665 1522 1697 1562 3
1749 1437 1827 1545 il
1849 1440 2097 1583 faut

398 1608 567 1748 luy
616 1607 878 1745 faire
916 1621 1336 1699 executer
1414 1590 1814 1742 quelque
1854 1590 2088 1738 chofé

399 1745 1289 1871 d'extraordinaire,
1351 1782 1711 1851 comme
1741 1777 2087 1890 pardon

404 1908 892 2057 tran[fort
932 1895 1046 2003 de
1094 1899 1418 2008 ETeros
1462 1941 1496 1999 :
1540 1905 1796 2008 mais
1856 1900 1930 2005 il
1984 1945 2086 2008 ne

375 2064 635 2211 faut
665 2096 843 2205 pas
885 2084 1377 2161 continuer
1415 2047 1525 2154 de
1551 2082 1779 2158 cette
1793 2053 2055 2201 force
2057 2139 2083 2184 ,

386 2254 672 2363 parce
692 2254 824 2365 qu
850 2232 1396 2315 autrement
1416 2243 1554 2310 ces
1574 2211 1944 2311 affilons
1964 2212 2098 2314 in¬

393 2368 875 2510 croyables
919 2362 947 2493 ,
1011 2362 1561 2510 degenerent
1617 2398 1727 2462 en
1797 2394 2087 2468 contes

402 2520 844 2628 ridicules
890 2554 916 2651 ,
986 2538 1115 2652 çfi
1170 2551 1282 2617 ne
1354 2510 1788 2620 touchent
1838 2522 2096 2663 point

401 2669 759 2828 befrit.
829 2679 1093 2777 Cette
1107 2667 1405 2816 faute
1447 2707 1559 2770 en
1595 2666 1799 2825 fait
1839 2702 2089 2772 encor

398 2854 944 2937 commettre
988 2861 1186 2928 •une
1222 2850 1502 2926 autre
1542 2863 1574 2923 :
1640 2858 1810 2924 car
1872 2859 2096 2928 ceux

399 2987 577 3133 qui
601 3022 709 3087 ne
731 2984 947 3122 font
993 2976 1545 3129 quentafier
1579 3005 2097 3081 auantures

370 3140 568 3285 fur
610 3167 1154 3245 auantures
1202 3130 1237 3275 -
1300 3130 1546 3275 fans
1592 3165 2070 3241 ornemens
2068 3207 2097 3253 9
