2479 3508
858 110 1655 207 PREFACE.

414 281 702 391 urage
728 239 1094 387 ilfaloit
1112 244 1578 388 confulter
1606 243 1738 347 les
1760 253 2060 390 Grecs]

410 404 586 548 qui
604 423 766 498 ont
788 403 962 547 efié
980 433 1144 498 nos
1154 430 1604 546 premiers
1628 407 2060 556 maifiress

391 532 721 698 pliure
737 541 831 651 la
859 577 1125 652 route
1155 590 1287 698 qu
1319 546 1433 650 ils
1439 575 1604 653 ont
1627 579 1927 678 tenue-,
1951 570 2061 664 Et

415 694 743 803 tacher
759 737 871 803 en
893 697 1025 805 les
1047 704 1447 821 imitant
1469 779 1503 821 3
1519 697 1991 808 d’drriuer
2005 754 2061 814 a

413 848 677 953 lame
656 855 879 997 fine
876 847 1253 1000 fin,que
1275 890 1419 954 ces
1422 853 1803 995 grands
1823 853 2061 962 hom¬

414 1042 616 1106 mes
640 1044 686 1107 s
720 999 1586 1150 efioientproposée.
1630 1007 1824 1137 I'ay
1852 1010 2070 1118 donc

414 1192 496 1258 'U
504 1192 616 1262 eu
640 1152 882 1259 dans
914 1193 1060 1257 ces
1064 1156 1488 1300 fameux
1518 1163 1946 1262 Romans
1962 1164 2068 1266 de

409 1304 474 1408 ï
491 1303 1072 1453 s.Antiquité
1087 1348 1113 1456 ,
1141 1306 1368 1456 qu'a
1387 1304 1934 1413 l'imitation
1953 1310 2072 1416 du

417 1466 743 1610 pGëme
793 1461 1227 1606 hpique,
1267 1454 1351 1568 il
1337 1504 1421 1588 y
1445 1497 1507 1559 a
1547 1497 1747 1563 <vne
1785 1466 2071 1568 aCtion

410 1609 941 1756 principale
983 1691 1017 1729 3
1051 1652 1169 1714 ou
1229 1638 1537 1713 toutes
1579 1609 1709 1713 les
1767 1644 2071 1716 autres

392 1768 626 1910 font
650 1753 1126 1866 attachées
1152 1802 1172 1908 ;
1208 1770 1384 1908 qui
1398 1801 1670 1909 régné
1682 1793 2074 1913 partout

414 1912 900 2057 l'ouurage
924 1951 946 2049 ;
978 1941 1110 2052 çf
1136 1948 1304 2056 qui
1298 1916 1516 2056 fait
1558 1911 1924 2061 quelles
1950 1916 2076 2072 rij

393 2068 626 2214 font
649 2061 1162 2213 employées
1205 2104 1442 2212 ,que
1489 2103 1730 2213 pour
1761 2065 1854 2170 la
1879 2108 2074 2170 con¬

415 2218 689 2320 duire
711 2259 773 2319 a
773 2219 911 2363 fa
923 2220 1473 2365 perfection.
1505 2225 1779 2323 Cette
1799 2224 2081 2322 aBion

415 2370 669 2477 dam
691 2373 727 2467 l
763 2365 1063 2477 Iliade
1093 2368 1615 2476 déHomere
1637 2377 1763 2497 eft
1785 2369 1881 2474 la
1905 2376 2085 2474 rui¬

422 2560 536 2622 ne
552 2519 986 2653 deCTroye
1010 2565 1038 2621 :
1064 2518 1238 2622 das
1246 2522 1852 2675 fonOdyfiée,
1868 2520 1944 2624 le
1964 2560 2092 2624 re¬

420 2706 638 2778 tour
658 2667 1036 2811 d’d'itjfe
1064 2716 1126 2772 a
1156 2668 2088 2820 Itaque:dasVirgd-

417 2820 640 2942 le,la
661 2861 906 2929 mort
926 2830 1382 2928 deRurne
1405 2864 1520 2929 ou
1550 2859 1776 2929 üour
1790 2862 2094 2926 mieux

419 2978 627 3084 dire
663 2975 759 3079 la
805 2978 1287 3122 conquefie
1331 2974 1495 3079 del
1525 2973 1811 3079 ltalie
1861 3010 1883 3122 ;
1907 2970 2095 3122 plus

413 3164 621 3284 près
643 3128 759 3235 de
765 3167 995 3241 nous
1023 3125 1197 3242 das
1213 3126 1295 3234 le
1321 3127 1731 3291 ‘Tajfeja
1747 3116 1977 3277 prife
1999 3120 2099 3232 de
