2479 3508
717 246 1038 366 Liure
1095 261 1567 424 premier.
1920 313 1992 411 3

411 401 493 506 le
512 420 899 553 premier
925 453 1153 567 rang
1179 464 1201 518 :
1245 414 1505 564 celuy
1528 419 1647 522 de
1688 422 1976 534 l'Em¬

414 591 713 697 pereur
737 553 817 658 le
837 555 1172 668 fécond
1187 619 1209 691 j
1237 581 1330 671 &
1351 605 1577 672 ceux
1606 570 1972 721 d'Espa¬

408 736 582 843 gne
629 718 723 807 &
773 706 888 808 de
923 711 1340 863 Pologne
1407 711 1724 817 furent
1767 723 1970 830 afiïs

409 881 646 988 apres
673 891 838 952 eux
865 874 888 961 :
924 875 1016 964 Sc
1044 900 1296 1003 apres
1320 856 1654 990 eux,les
1687 866 1968 972 Bailes

407 991 514 1090 de
555 998 891 1103 Venife
1058 1006 1657 1155 deRhagufe.
1714 1021 1966 1119 Mais

410 1175 629 1238 ceux
654 1145 801 1247 des
848 1159 1211 1257 Princes
1259 1158 1964 1296 Mahometans,

404 1319 765 1391 comme
806 1299 1233 1405 eftantde
1277 1302 1629 1406 mefme
1658 1347 1964 1416 crean¬

407 1465 508 1528 ce
548 1470 726 1578 que
773 1441 1188 1551 Soliman
1251 1486 1568 1554 eurent
1608 1450 1694 1556 la
1733 1497 1961 1605 gau-

397 1572 761 1725 che,qui
799 1605 1099 1737 parmi
1119 1593 1240 1695 les
1265 1602 1564 1701 Turcs
1593 1605 1721 1707 eft
1749 1642 1961 1710 tou¬

391 1717 665 1825 jours
717 1723 795 1833 la
819 1733 1077 1883 place
1101 1742 1661 1851 d’honneur:
1691 1751 1957 1900 celuy

394 1867 548 1967 des
584 1877 1007 1988 Tartares
1050 1933 1111 2033 y
1156 1925 1427 2035 parut
1500 1935 1721 2003 auec
1767 1939 1959 2009 vne

393 2049 643 2160 pope
666 2018 1097 2162 barbare,
1144 2050 1957 2157 &couuertd’vne

393 2161 774 2269 coiffure
803 2192 893 2280 &
953 2180 1226 2288 d’vne
1269 2183 1498 2291 robe
1541 2192 1658 2295 de
1704 2203 1954 2304 Mar-

389 2303 627 2410 thres
657 2316 1181 2446 Zebclines,
1227 2365 1490 2436 toute
1515 2336 1602 2440 fia
1669 2340 1952 2452 fuitte

388 2457 690 2560 veftue
711 2465 823 2568 de
847 2508 1131 2613 peaux
1159 2477 1556 2613 d’Ours,
1605 2492 1721 2593 de
1771 2502 1950 2601 Re¬

388 2607 680 2736 nards,
712 2613 825 2715 de
850 2624 1280 2769 Loups,&
1306 2629 1417 2730 de
1440 2636 1811 2783 Tigres:
1843 2658 1947 2750 8c

380 2787 597 2852 ceux
626 2755 739 2858 de
762 2768 1094 2872 Maroc
1122 2788 1215 2878 &
1244 2778 1358 2879 de
1382 2785 1556 2885 Fez
1580 2787 1702 2927 s'y
1732 2784 1946 2892 firét

375 2906 621 3031 voir,
667 2944 883 3011 auec
925 2946 1188 3022 toute
1211 2917 1294 3023 la
1317 2932 1941 3077 magnificen¬

377 3077 529 3172 ce,
579 3064 675 3154 &
695 3087 956 3163 toute
981 3058 1058 3166 la
1081 3065 1640 3216 galanterie,
1690 3085 1936 3190 donc

1450 3230 1655 3360 Ai,
