2479 3508
517 242 589 341 8
837 224 1365 338 Lïttuilre
1471 227 1777 376 Bajfa

518 402 618 488 8c
680 390 790 486 de
848 395 1278 488 Morions
1334 389 1732 528 d’argent
1770 402 2052 533 graué,

516 532 635 629 de
684 530 1231 634 Rondaclies
1278 531 1469 627 d’or
1536 546 1627 630 8c
1678 533 1789 628 de
1834 541 2047 640 Tur-

517 675 875 821 quoifes
921 757 949 799 ,
1013 676 1125 772 de
1185 681 1727 771 Cimeterres
1793 691 1885 777 &
1951 686 2055 784 de

518 819 1014 960 poignards
1061 816 1300 914 dont
1341 807 1462 913 les
1492 817 1804 954 gardes
1834 835 1920 921 6c
1945 820 2054 926 les

514 962 990 1063 fourreaux
1020 960 1408 1058 eftoient
1452 957 1938 1098 d’Agathes
1966 984 2055 1072 8c

513 1112 627 1209 de
669 1096 1267 1225 Cornalines,
1337 1101 2051 1210 d’Arcsd'Ebene

509 1279 1046 1390 parquetez
1093 1248 1336 1359 d’or,
1401 1247 1516 1343 de
1577 1264 2050 1391 quarquois

512 1398 706 1495 d’or
732 1395 1026 1493 semez
1054 1392 1166 1488 de
1190 1383 1518 1526 perles,
1580 1392 1690 1488 de
1710 1401 2047 1533 piques,

503 1542 621 1639 de
665 1537 989 1661 dards,
1043 1536 1277 1636 &de
1323 1530 1653 1634 fléchés
1699 1535 1809 1631 de
1855 1535 2047 1640 bois

497 1686 616 1781 de
663 1683 964 1780 Cedre
1029 1694 1122 1780 8c
1151 1682 1266 1776 de
1313 1676 1674 1779 Roseau
1717 1679 2046 1808 d’Inde,

498 1825 578 1925 le
606 1859 808 1924 tout
838 1820 1106 1923 méfié
1134 1861 1346 1922 auec
1376 1860 1498 1923 vn
1550 1825 2044 1928 delordrefi

497 1965 917 2113 agréable
949 1985 1041 2071 8c
1064 1964 1131 2066 lî
1161 1963 1401 2108 plein
1434 1966 1703 2078 d'art,
1759 1983 1851 2069 &
1879 2009 2047 2072 vue

495 2111 989 2216 confusion
1055 2110 1123 2212 fi
1201 2111 1449 2212 riche
1519 2126 1614 2212 8c
1665 2107 1729 2210 fi
1797 2106 2042 2238 belle,

494 2298 676 2405 que
726 2269 918 2359 rien
956 2253 1600 2396 n’approchoit
1628 2256 1740 2354 de
1764 2247 1840 2353 la
1862 2292 2044 2355 ma¬

487 2402 1011 2547 gnificence
1036 2402 1149 2498 de
1168 2438 1271 2500 ce
1296 2394 2049 2541 trophée.Trente

493 2563 903 2690 Satrapes
963 2543 1611 2686 superbement
1659 2547 1949 2647 vertus
1991 2544 2039 2644 à

492 2687 1098 2820 laPerfienne,
1128 2685 1588 2788 auecleurs
1618 2683 2036 2788 Cafelbas

490 2876 615 2934 ou
660 2833 1093 2936 Turbans
1140 2871 1465 2975 rouges
1514 2828 1891 2932 fuiuoiét
1938 2870 2037 2930 ce

495 2980 1205 3112 Char,attachez
1235 2981 1469 3081 deux
1495 2974 1547 3078 à
1573 2980 1797 3086 deux
1825 3013 2031 3078 auec
