2479 3508
951 66 1015 154 P
1057 65 1145 155 R
1189 58 1347 149 EF
1403 49 1481 146 A
1535 54 1617 145 C
1669 52 1763 144 E.

433 220 668 362 fpay
692 192 1214 355 quilefide
1237 234 1336 300 ce
1363 186 1794 312 trauail,
1815 224 2178 293 comme

454 361 1037 516 desfciences
1080 348 1975 500 mathématiques,
2050 340 2179 454 oh

449 516 1006 672 ^opération
1039 536 1281 670 peut
1321 544 1864 661 manquer,
1919 542 2184 664 quoy

458 714 644 833 que
660 671 892 781 l’art
922 710 1036 778 ne
1056 703 1486 820 manque
1510 665 1870 775 iamais
1888 705 1908 765 .
1932 662 2184 808 aufii

455 870 569 943 ne
587 831 921 982 faj-je
963 865 1061 936 ce
1133 825 1553 981 difcours
1603 908 1633 953 ,
1697 859 1889 974 que
1931 850 2191 967 pour

458 1028 712 1096 vous
732 986 1190 1138 montrer
1210 1022 1398 1139 que
1397 977 1702 1131 fitaj
1725 972 2188 1131 laifiédes

434 1150 773 1303 fautes
806 1184 927 1252 en
952 1183 1183 1253 mon
1204 1148 1507 1263 hure,
1528 1140 1743 1247 elles
1742 1139 2003 1290 font
2026 1174 2187 1242 vn

463 1301 854 1458 ejfectde
881 1340 1044 1408 ma
1063 1292 1548 1454 foibleffe,
1597 1322 1730 1439 (gf
1761 1335 1954 1402 non
1981 1324 2180 1449 pas

460 1464 574 1571 de
606 1503 770 1568 ma
798 1458 1362 1612 négligence.
1414 1452 1899 1611 Souffrez^
1930 1452 2180 1558 donc

463 1660 647 1771 que
699 1625 783 1723 ie
827 1656 1085 1723 vous
1145 1617 1665 1770 defcouure
1757 1640 1981 1716 tous
2047 1606 2185 1714 les

456 1814 554 1883 re
532 1770 820 1928 forts
842 1772 964 1881 de
1006 1803 1248 1884 cette
1290 1769 1734 1879 machine
1754 1808 1774 1908 ;
1808 1795 1946 1908 çf
1992 1808 2186 1921 que

454 1936 819 2043 ïevous
826 1934 1063 2081 face
1101 1936 1387 2056 voir,
1424 1929 1715 2074 finon
1769 1953 1985 2033 tout
2085 1964 2187 2032 ce

463 2128 654 2239 que
671 2088 1124 2241 ïayfait,
1141 2129 1272 2193 au
1297 2129 1610 2193 moins
1637 2114 1858 2190 tout
1873 2125 1972 2193 ce
1995 2125 2192 2239 que

460 2244 653 2396 l’aj
682 2242 969 2351 taché
996 2249 1423 2393 defaire.

605 2411 995 2509 Comme
1017 2445 1261 2511 nous
1309 2444 1425 2512 ne
1457 2433 1907 2557 pouuons
1951 2398 2187 2547 efire

436 2550 930 2701 fçauans,
958 2601 1144 2716 que
1170 2563 1290 2669 de
1316 2604 1408 2670 ce
1438 2598 1626 2711 que
1648 2562 1780 2664 les
1836 2586 2182 2663 autres

465 2750 701 2818 nous
727 2726 1275 2870 enfeignent
1299 2722 1321 2842 ;
1353 2721 1505 2828 Et
1533 2712 2027 2871 quecéftà
2051 2752 2181 2822 ce-

467 2862 622 3004 luy
650 2911 822 3022 qui
846 2882 1136 2984 vient
1159 2875 1244 2981 le
1259 2874 1718 3000 dernier,
1762 2917 1824 2976 a
1807 2875 2184 3026 future

472 3058 703 3132 ceux
734 3032 1595 3181 quilédeuancent
1623 3078 1657 3139 :
1704 3030 1919 3191 l’ay
1958 3064 2187 3138 crcu

475 3220 660 3333 que
665 3213 918 3338 pour
933 3192 1106 3302 dre
1089 3195 1282 3369 fer
1297 3190 1386 3296 le
1415 3187 1652 3350 plan
1673 3188 1794 3292 de
1815 3217 1970 3298 cet
2013 3228 2186 3298 ou-

1608 3390 1654 3447 e
1720 3356 1847 3486 itij
