2479 3508
654 256 794 361 zS
1004 233 1522 387 L’Ittuflre
1564 232 1888 384 Baffa

659 391 1453 521 finies,Soliman
1503 410 2123 526 commençoie

654 542 902 645 défia
930 545 1046 641 de
1078 540 1170 642 fe
1204 537 1496 662 leuer,
1528 549 1622 637 &
1650 536 1762 630 de
1808 533 1892 633 fc
1938 576 2120 676 pré¬

651 725 915 831 parer
941 683 995 785 à
1037 726 1073 784 s
1105 721 1223 784 en
1269 714 1753 781 retourner
1795 699 1905 775 aü
1953 696 2127 784 Ser-

654 830 884 959 rail,
944 829 1136 928 lors
1184 822 1412 971 qu’il
1474 857 1912 965 apercent
1968 829 2126 928 Os¬

653 1013 885 1077 man
910 968 1057 1073 fils
1077 983 1437 1115 vnique
1468 971 1593 1068 du
1632 976 1699 1066 B
1713 969 1883 1067 alla
1924 968 2125 1076 delà

657 1128 906 1245 Mer,
940 1126 1110 1263 qui
1159 1115 1564 1216 fendant
1605 1108 1696 1221 la
1748 1112 2022 1254 preffc
2050 1131 2126 1220 &

657 1260 1439 1366 conduisantvne
1472 1255 1839 1358 femme
1883 1256 2123 1397 parla

654 1420 956 1533 main,
994 1416 1204 1517 vint
1235 1405 1324 1505 fe
1347 1416 1630 1504 ietter
1655 1396 1708 1500 à
1731 1397 1856 1500 fes
1899 1408 2124 1541 pieds

654 1553 873 1656 aulfi
906 1553 1137 1653 bien
1168 1546 1541 1693 quelle.
1576 1544 1907 1683 lefçay
1934 1542 2127 1658 bien

655 1688 1650 1842 Seigneur(luydit-il
1693 1708 1720 1814 )
1781 1725 1958 1836 que
2003 1726 2128 1796 ma

660 1840 1773 1958 hardiefleeftextreme;
1816 1846 2037 1937 mais
2060 1848 2127 1936 ie

651 1990 866 2128 fçay
909 1987 1142 2090 bien
1201 1984 1422 2089 aulfi
1493 2023 1680 2129 que
1731 2016 1828 2082 ta
1867 1979 2128 2081 bonté

652 2138 787 2236 cft
816 2131 1181 2236 infinie.
1268 2143 1363 2233 le
1404 2133 1615 2267 n’ay
1664 2122 2125 2230 toutesfois

655 2278 996 2381 befoin
1017 2275 1294 2377 d’elle
1323 2312 1448 2378 en
1475 2304 1729 2377 cette
1761 2306 2129 2372 rencon¬

656 2459 835 2552 tre,
862 2463 1044 2567 que
1064 2462 1304 2566 pour
1330 2458 1484 2522 me
1508 2449 2016 2563 permettre
2038 2418 2128 2514 de

653 2607 749 2670 te
781 2572 1439 2672 reconnoiftre
1465 2604 1709 2710 pour
1735 2574 2000 2705 luge,
2055 2573 2129 2660 &

656 2713 1150 2817 d’obtenir
1206 2719 1326 2817 de
1400 2748 1573 2851 toy
1616 2794 1645 2841 ,
1694 2709 1964 2856 qu’en
2026 2741 2126 2806 vn

653 2871 863 2961 iour
885 2900 1009 2961 ou
1043 2896 1145 2960 tu
1171 2870 1471 2995 reçois
1499 2861 1617 2961 de
1647 2856 1711 2960 fi
1755 2851 2127 2996 glorieu¬

654 3002 794 3108 ses
834 3043 1276 3156 marques
1342 3004 1460 3110 de
1510 3037 1608 3107 ta
1646 3001 2008 3126 valeur,
2050 3028 2134 3096 tu
