2479 3508
740 212 1055 322 Liure
1086 195 1557 360 premier.
1864 231 1943 330 7

372 381 482 477 de
542 365 886 476 mefme
946 402 1114 465 aux
1204 363 1506 459 mains
1585 364 1684 455 &
1768 384 1948 447 aux

369 521 650 667 pieds,
675 523 1148 660 portoient
1181 499 1260 605 le
1281 493 1720 603 Throlne
1745 496 1952 595 d'or

375 661 714 790 maflîf,
772 665 883 759 de
948 653 1417 759 Tachmas
1488 639 1785 785 Sophi
1830 642 1951 740 de

382 807 657 939 Perfe,
680 847 855 954 que
882 806 1059 906 l’on
1088 808 1343 902 auoit
1374 788 1699 893 trouué
1726 789 1953 888 dans

383 960 749 1084 Tauris,
796 970 888 1059 &
940 979 1142 1049 tous
1203 943 1322 1045 les
1346 935 1642 1041 riches
1704 930 1952 1038 vafes

387 1099 830 1247 d’Agathe
861 1115 952 1202 &
981 1085 1678 1236 deTurquoile,
1711 1083 1956 1186 dont

389 1289 487 1349 ce
510 1257 1029 1392 Monarque
1054 1242 1141 1342 fe
1190 1238 1561 1339 feruoit.
1590 1238 1957 1371 {Douze

390 1390 873 1538 Eléphants
930 1392 1321 1493 eftoient
1340 1415 1677 1483 menez
1702 1413 1955 1519 apres

390 1536 607 1661 cela,
679 1557 768 1642 &
819 1540 1054 1639 deux
1102 1566 1360 1636 cents
1403 1523 1952 1629 Chameaux

393 1684 782 1829 chargez
809 1686 924 1785 de
947 1679 1160 1810 l’or,
1207 1680 1322 1779 de
1377 1669 1808 1820 l’argent,
1859 1683 1956 1774 &

392 1832 543 1930 des
561 1838 1048 1973 pierreries,
1073 1865 1251 1974 que
1276 1822 1461 1924 l'on
1487 1828 1743 1920 auoit
1771 1824 1961 1959 pri¬

398 1976 523 2087 ses
548 1979 763 2078 dans
788 1973 1289 2080 IcThrefor
1314 1971 1443 2070 du
1468 1964 1785 2109 Sophi.
1796 1974 1965 2069 Vn

396 2124 690 2261 grand
733 2120 982 2224 Char
1026 2119 1196 2221 tiré
1236 2155 1394 2265 par
1417 2116 1720 2217 douze
1743 2117 1966 2211 Bar¬

401 2264 568 2372 bes
659 2263 1022 2371 ifabelle
1081 2266 1416 2371 fuiuoit
1469 2298 1778 2406 apres,
1843 2253 1974 2358 où

405 2417 911 2555 pendoient
967 2445 1175 2515 cent
1222 2422 1709 2553 Drapeaux
1776 2399 1979 2508 def-

406 2556 729 2703 ployez
754 2600 935 2705 que
952 2555 1371 2662 lesTurcs
1394 2563 1769 2659 auoient
1790 2557 1980 2693 gai-

408 2742 642 2847 gnez
713 2702 1014 2808 furies
1077 2706 1430 2833 Perses,
1494 2739 1606 2814 au
1656 2695 1986 2800 milieu

417 2849 818 2997 desquels
893 2852 1334 2955 s’efleuoit
1395 2888 1530 2955 vn
1597 2838 1984 2990 superbe

416 3000 902 3145 Trophée,
967 2997 1411 3149 composé
1432 2998 1549 3097 de
1575 2988 1983 3096 cuiralTes

1433 3142 1726 3280 A iiij
