2479 3508
762 91 830 181 E
876 87 942 180 P
990 94 1028 180 I
1086 93 1136 183 S
1176 88 1264 184 T
1316 93 1402 183 R
1446 93 1546 182 E.

340 219 763 355 couvre
959 220 1065 349 la
1219 225 2003 354 merueilleufè

337 414 892 546 Peinture
1025 510 1057 563 ,
1181 402 1386 533 des
1493 406 2000 576 grandes

336 592 760 716 avions
820 581 968 712 de
1012 574 1118 715 fa
1146 592 1338 715 vie
1394 681 1422 713 >
1482 594 1596 713 ie
1646 583 2002 715 ferois

335 759 901 894 confeffer
955 778 1207 939 icy,
1270 819 1499 943 que
1539 766 1630 893 fi
1668 771 2007 940 quel¬

337 991 606 1120 ques
701 952 1388 1124 Capitaines
1467 950 1762 1077 font
1825 957 2006 1077 ef-

328 1123 611 1292 gallé
668 1214 700 1270 ,
760 1173 1127 1257 aucun
1174 1176 1317 1256 ne
1374 1135 1505 1260 Fa
1562 1178 1721 1307 pu
1776 1134 1998 1259 sur¬

328 1301 713 1478 payer.
807 1309 1121 1437 Mais
1178 1321 1435 1482 puis
1470 1359 1709 1488 que
1741 1353 2003 1440 cet¬

334 1526 452 1612 te
514 1503 984 1617 matière
1023 1489 1180 1620 eft
1223 1534 1500 1670 trop
1561 1504 1996 1668 impor¬

336 1704 635 1789 tante
662 1716 975 1838 pour
1010 1716 1376 1836 moy,
1410 1685 1547 1812 &
1574 1676 1997 1845 quelle

329 1839 925 2019 s’eüoigne
993 1898 1139 1979 en
1169 1855 1699 2028 quelque
1753 1860 1991 1989 for¬

338 2062 456 2150 te
490 2021 640 2152 de
680 2039 878 2155 mô
916 2029 1434 2181 fubietjie
1473 2033 1992 2211 pafîeray

336 2200 1065 2336 desLauriers
1100 2214 1659 2344 deMarsà
1688 2267 1995 2349 ceux

341 2378 1055 2560 d’Apollon,
1091 2403 1228 2532 &
1281 2396 1432 2525 de
1459 2400 1566 2524 fa
1591 2404 1996 2530 valeur

340 2562 401 2682 à
450 2566 650 2689 fon
710 2573 1362 2740 éloquence
1390 2625 1416 2703 :
1458 2626 1620 2706 ou
1677 2629 1992 2758 pour

337 2749 725 2872 mieux
781 2747 1059 2877 faire
1114 2801 1487 2885 encor
1538 2850 1569 2904 ,
1636 2771 1747 2886 ie
1794 2809 1991 2893 me

339 2924 688 3092 tairay
751 2925 900 3058 de
955 2928 1262 3062 l'vne
1321 2949 1458 3072 &
1517 2938 1668 3069 de
1727 2939 1991 3073 l’au¬

336 3130 546 3241 tre,
574 3116 815 3270 puis
846 3157 1066 3280 que
1096 3113 1396 3247 l’vne
1430 3129 1569 3256 &
1596 3125 1994 3257 l’autre
