2479 3508
570 242 898 354 Liure
928 244 1392 401 premier
1394 277 1418 390 .
1660 278 1824 390 43

305 435 749 544 pourtant
771 441 1277 546 genereux.
1311 398 1541 503 line
1569 437 1819 502 vou¬

311 546 483 649 lait
542 589 705 691 pas
769 547 983 651 auiîïi
1049 545 1285 650 aller
1353 547 1585 649 chez
1681 546 1817 648 les

310 706 670 797 Princes
692 696 962 799 alliez
992 699 1106 799 de
1132 696 1456 799 noftre
1482 703 1824 840 Empi¬

311 882 433 971 re,
495 847 604 943 de
653 856 1006 946 crainte
1051 849 1168 946 de
1193 846 1348 986 n’y
1387 845 1620 947 eftre
1653 884 1822 988 pas

309 1030 577 1091 receu
607 987 1825 1140 fauorablement.Cepen-

310 1140 534 1237 dant
568 1177 710 1238 ces
738 1152 792 1240 i>
820 1139 1396 1242 résolutions
1424 1141 1826 1282 n’ayant

311 1295 580 1426 point
608 1287 712 1386 de
740 1318 924 1415 hn,
954 1285 1084 1389 les
1116 1297 1666 1390 munitions
1700 1290 1832 1386 du

311 1431 693 1532 vailfeau
721 1436 1409 1541 d’iminuoient
1453 1433 1829 1580 chaque

308 1588 537 1679 iour:
592 1587 715 1680 Le
740 1578 1057 1683 Pilote
1080 1592 1339 1684 auoit
1386 1581 1833 1722 beauluy

312 1728 826 1830 demander
858 1729 984 1829 où
1010 1725 1082 1829 il
1112 1726 1494 1834 vouloir
1540 1768 1836 1875 pren¬

315 1872 473 1975 dre
509 1904 789 1976 terre?
821 1874 899 1977 Il
929 1889 1495 1979 netrouuoit
1537 1890 1829 2025 point

314 2018 429 2118 de
460 2015 631 2119 lieu
666 2060 781 2122 en
808 2058 1081 2125 toute
1128 2024 1221 2126 la
1272 2034 1565 2127 Carte
1612 2034 1841 2130 vni-

312 2161 936 2271 uerfelleoùil
974 2170 1354 2277 vouluft
1382 2171 1832 2278 aborder.

321 2320 470 2412 Six
495 2324 748 2415 mois
785 2314 878 2417 fe
917 2323 1386 2459 paflerent
1419 2323 1537 2421 de
1583 2356 1842 2424 cette

323 2448 595 2587 forte,
625 2457 675 2560 à
703 2475 1013 2567 courir
1039 2500 1357 2570 toutes
1383 2465 1513 2571 les
1571 2477 1841 2570 Mers

324 2604 448 2703 du
510 2613 870 2712 Leuant
924 2663 948 2715 :
1040 2631 1138 2718 &
1216 2653 1606 2719 comme
1674 2640 1840 2720 rrta

323 2784 576 2853 mere
645 2760 994 2860 s’eftoit
1071 2763 1468 2867 trouuée
1533 2803 1600 2910 g
1611 2768 1848 2864 rode

329 2898 439 2995 de
489 2937 717 3046 moy
791 2900 981 3009 lors
1073 2908 1419 3054 qu’elle
1485 2911 1843 3016 s’eftoit

330 3043 930 3200 embarquée-,
978 3057 1188 3164 Elle
1234 3059 1612 3167 n’eftoit
1672 3098 1842 3206 pas
