2479 3508
859 63 1703 159 PREFACE.

443 227 909 309 catement
933 195 1063 309 les
1083 191 1531 349 pafsions
1563 245 1591 351 ,
1633 215 2141 355 qu'onpeut

437 351 861 501 l’apeller
889 355 973 463 le
1007 365 1395 465 Peintre
1417 357 1537 465 de
1563 353 1867 469 l'ame.
1895 361 1977 469 Il
1997 411 2133 479 va

433 505 869 623 chercher
893 517 1149 621 dans
1181 511 1267 617 le
1285 511 1565 663 fond
1609 515 1777 623 des
1827 559 2105 631 cœurs
2107 611 2129 651 ,

433 665 559 775 les
571 667 799 817 plus
797 673 1153 815 fecrcts
1161 667 1731 813 fintimensy
1753 697 1859 779 et
1883 677 2129 787 dans

431 821 539 929 la
567 825 1201 975 dwerftédes
1241 823 1673 935 naturels
1719 825 1957 975 qu'il
1991 875 2129 941 re-

407 989 837 1145 prefente
851 1071 877 1111 j
931 977 1299 1091 chacun
1341 1013 1671 1097 trome
1685 985 1881 1129 fin
1913 1021 2113 1141 por¬

423 1147 701 1249 trait.
731 1235 739 1243 .

753 1289 1029 1391 Enfin
1059 1291 1119 1433 fi
1145 1301 1441 1433 parmi
1465 1291 1577 1391 les
1623 1287 2011 1411 mortels,

699 1433 1223 1571 Quelqu’Vn
1265 1443 1583 1531 mérité
1619 1433 1767 1527 des
1799 1427 2119 1539 Autels,

629 1559 1067 1671 Viléfeul
1103 1613 1147 1669 a
1183 1587 1429 1669 droit
1471 1575 1609 1703 d’y
1641 1569 2119 1707 prétendre.

417 1723 1135 1825 Certainement
1167 1717 1245 1825 il
1273 1727 1499 1829 ncU
1531 1723 1735 1829 rien
1765 1713 1885 1823 de
1913 1707 2115 1861 plus

415 1881 951 2019 important
1003 1875 1023 1983 ,
1085 1875 1347 1985 dans
1415 1901 1639 1985 cette
1697 1877 1981 2021 espece
2023 1873 2119 1979 de

415 2033 1003 2179 compofition
1027 2075 1055 2183 ,
1099 2075 1277 2183 que
1315 2033 1911 2187 d'imprimer
1917 2029 2117 2183 for¬

409 2215 761 2291 tement
781 2185 847 2293 l'
865 2191 1143 2311 [dee,
1169 2233 1293 2297 ou
1309 2225 1549 2337 pour
1595 2193 1925 2301 mieux
1971 2189 2117 2295 di¬

403 2379 503 2447 re
527 2333 683 2487 l'J
695 2385 973 2497 mage
995 2345 1161 2453 des
1217 2349 1549 2457 Héros
1569 2395 1599 2481 ,
1645 2395 1759 2457 en
1795 2345 2115 2497 l'efprit

411 2497 553 2613 du
583 2505 975 2611 Lecteur
1003 2553 1035 2609 :
1069 2519 1315 2609 mais
1337 2549 1445 2613 en
1501 2503 1783 2621 façon
1835 2547 1967 2611 au
1993 2501 2113 2607 ils

369 2653 497 2801 fi
509 2693 563 2803 y
581 2685 737 2761 tnt
757 2697 1111 2767 comme
1141 2657 1387 2811 defa
1413 2669 2107 2801 connoisfance:

405 2849 579 2921 car
603 2855 653 2917 c
679 2817 813 2923 eft
843 2863 937 2925 ce
955 2821 1129 2965 qui
1175 2823 1663 2957 imterefse
1717 2861 1823 2927 en
1869 2817 2107 2925 leurs

399 3001 927 3081 amntures
961 3017 985 3099 ,
1077 2997 1207 3111 (gf
1291 2975 1413 3083 de
1461 2973 1561 3083 la
1607 3019 1793 3125 que
1839 2977 2109 3083 vient

359 3129 487 3273 fi
509 3169 573 3235 n
575 3123 951 3281 plaifir.
1037 3131 1183 3237 Or
1191 3165 1437 3283 pour
1455 3131 1587 3243 les
1581 3139 1855 3283 faire
1909 3173 2109 3241 con-
