2479 3508
815 159 1631 256 PREFACE.

392 304 519 442 0^
548 304 775 442 fans
848 303 1189 403 exciter
1236 292 1365 401 les
1396 302 1805 447 partons
1834 333 1860 451 ,
1914 333 2095 451 par

393 457 516 562 les
535 449 928 597 artifices
951 449 1064 557 de
1091 451 1188 558 U
1217 448 1792 607 Rethorique
1825 471 1853 593 ;
1881 471 2102 593 font

394 646 882 755 ennuyeux
926 686 960 729 ,
1006 645 1117 714 en
1154 611 1565 754 penfant
1604 615 1832 762 ejire
1864 611 2088 765 plus

387 761 1037 908 dmerttsfans.
1107 776 1371 872 Cette
1393 774 1905 876 narration
1931 777 2089 920 fe-

386 911 528 1020 che
600 941 727 1052 çef
762 921 1012 1062 fant
1084 948 1250 1027 art
1292 961 1320 1049 ,
1366 920 1489 1068 cft
1520 923 1744 1073 plus
1790 922 2086 1031 d'vne

383 1070 683 1179 ‘vieille
729 1070 1265 1230 Chronique
1329 1115 1511 1230 que
1573 1079 1819 1183 d'ztn
1891 1087 2083 1185 Ro-

386 1265 680 1331 man:
712 1230 893 1377 qui
906 1258 1122 1371 peut
1164 1224 1368 1337 bien
1432 1230 1926 1338 s'embellir
1970 1231 2082 1340 de

381 1413 515 1482 ces
553 1420 1025 1490 ornements
1061 1395 1323 1532 ,puis
1346 1425 1527 1538 que
1551 1383 1608 1491 ï
1627 1387 2077 1531 Hifloire^

380 1557 624 1640 toute
652 1543 966 1677 feuere
1008 1559 1136 1676 çfl
1184 1573 1436 1644 toute
1477 1539 2080 1690 fcrupuleufè

382 1689 535 1831 qui
539 1690 705 1795 elle
725 1691 851 1834 efl
873 1730 903 1811 ,
959 1731 1071 1797 ne
1093 1689 1531 1844 laiffepas
1561 1697 1669 1799 de
1709 1698 1831 1799 les
1877 1741 2079 1806 em¬

365 1839 674 1990 ployer
684 1853 706 1952 .
810 1848 1124 1995 Jlpres
1172 1891 1454 1958 auoir
1496 1852 1608 1965 de
1589 1855 1838 1994 frit
1878 1893 2076 1960 <vne

375 2028 855 2104 auantnre
882 2038 907 2124 ,
937 2038 1087 2105 ‘vn
1113 2004 1487 2147 defsam
1533 2001 1819 2110 hardi
1860 2049 1889 2135 ,
1951 2048 2075 2116 ou

377 2150 774 2301 quelque
838 2189 1374 2263 euenemefit
1461 2156 2074 2298 furprsnantt

379 2305 745 2448 capable
773 2305 883 2410 de
923 2304 1283 2416 donner
1318 2311 1449 2418 les
1484 2317 1701 2465 plus
1752 2314 2071 2422 beaux

357 2453 864 2593 fentimens
945 2461 1080 2569 du
1141 2467 1480 2572 monde
1547 2511 1574 2573 :
1659 2477 2076 2578 certains

378 2611 881 2718 Huthenrs
926 2614 1033 2757 fe
1078 2623 1307 2764 font
1366 2653 1873 2737 contentez*
1954 2625 2075 2730 de

375 2795 606 2862 nous
665 2809 728 2867 a
719 2773 1066 2912 fleurer
1085 2853 1120 2892 *
1149 2779 1388 2926 qui-v
1395 2816 1460 2878 n
1527 2777 1666 2881 tel
1747 2780 2066 2888 Héros

364 2922 641 3055 penfa
702 2921 811 3024 de
860 2924 1077 3065 fort
1116 2927 1383 3033 belles
1454 2928 1759 3060 chofes
1822 2942 2059 3069 fans

371 3099 608 3174 nous
649 3073 772 3177 les
809 3080 1010 3185 dire
1033 3121 1062 3218 ;
1115 3104 1244 3221 çfl
1285 3084 1502 3188 ceîl
1525 3085 1724 3189 cela
1765 3091 2069 3225 feule-

374 3256 629 3334 ment
654 3271 678 3383 ,
714 3271 885 3383 que
908 3234 993 3341 k
1016 3233 1257 3384 défit
1258 3246 1823 3388 oisfeauoir\
1858 3251 2071 3351 Car

1599 3397 1636 3493 l
1683 3404 1740 3508 ij
