2479 3508
823 99 1655 202 PREFACE.

398 238 1023 389 Hierufalem
1076 281 1099 383 ;
1130 266 1266 384 çef
1300 276 1551 393 pour
1590 245 1919 400 pajfer
1977 254 2115 362 du

393 400 753 506 IPoème
789 437 921 503 au
973 405 1407 525 Roman,
1448 409 1630 554 qui
1699 411 1832 559 efi
1889 451 2121 518 mon

388 551 850 711 principal
887 549 1132 662 obiet
1176 556 1199 681 ;
1243 557 1499 664 dans
1561 559 2115 677 ïHeliodo-

404 747 545 828 re,
571 706 651 815 le
677 717 1105 867 mariage
1127 711 1245 819 de
1272 712 1765 826 Chartclée
1812 751 1947 864 çtf
1990 725 2117 834 de

403 862 945 1018 ‘Theagenes
961 914 979 982 .
998 910 1093 982 ce
1117 911 1261 976 ne
1254 880 1336 1026 fl
1364 909 1559 1030 pas
1590 919 1781 1030 que
1800 876 1939 986 les
1964 882 2113 988 E-

384 1021 737 1177 pifodes
768 1067 887 1132 en
908 1025 1169 1156 l’vn,
1196 1059 1333 1174 çÿ
1354 1030 1485 1138 les
1514 1079 1577 1145 a
1590 1077 1799 1144 mer
1776 1036 1881 1193 Je
1888 1083 1935 1144 s
1964 1036 2117 1148 hi-

366 1180 705 1325 foires
750 1223 871 1290 en
910 1185 1323 1314 l'autre,
1366 1191 1456 1296 ri
1434 1199 1855 1344 yJoient
1888 1196 2109 1346 plu-

372 1338 775 1489 flofdes
796 1339 1037 1455 beau
1048 1373 1139 1448 te
1148 1386 1235 1457 z,
1250 1387 1435 1498 que
1458 1352 1629 1457 des
1652 1350 2111 1508 dejfaux:

396 1498 641 1603 mais
690 1494 770 1604 il
802 1502 936 1651 ef
1010 1506 1477 1649 toujours
1570 1547 1685 1613 ne
1692 1514 2113 1663 ceJfaire,

396 1649 1021 1807 quel'adrejfe
1070 1681 1193 1764 de
1218 1660 1683 1820 celuyqm
1726 1665 1863 1774 les
1906 1710 2115 1778 em¬

388 1803 641 1955 ployé
666 1806 699 1935 ,
742 1807 875 1916 les
896 1813 1135 1962 face
1186 1846 1447 1928 tenir
1494 1860 1611 1930 en
1684 1825 2111 1983 quelque

370 1964 729 2111 façon,
764 1961 830 2072 à
872 1998 1119 2077 cette
1162 1979 1481 2084 attion
1508 1984 2063 2135 principale
2088 2056 2117 2072 -

392 2113 591 2270 afin
614 2163 801 2274 que
818 2160 1001 2272 par
1018 2131 1161 2237 cét
1182 2132 2121 2296 enchamemetinge

394 2315 753 2399 nteux,
786 2311 1101 2391 toutes
1126 2328 1273 2394 ces
1282 2324 1655 2448 parties
1678 2340 1797 2406 ne
1818 2303 2101 2452 facet

400 2472 711 2583 quvn
736 2472 995 2591 corps
1020 2483 1043 2581 ;
1092 2472 1225 2582 çef
1254 2491 1441 2602 que
1462 2450 1651 2560 l’on
1668 2457 1763 2568 ri
1758 2500 1823 2611 y
1842 2459 2123 2612 puif-

384 2586 501 2737 fe
524 2594 1007 2722 rien‘voir,
1038 2602 1159 2707 de
1176 2602 1640 2716 dettaché
1644 2619 1749 2720 ni
1776 2613 2113 2724 d’mu¬

402 2741 595 2849 tile.
634 2755 857 2860 riin
838 2752 1035 2903 fie
1052 2801 1485 2914 mariage
1510 2767 1627 2871 de
1654 2810 1883 2877 mon
1928 2772 2111 2880 In¬

380 2898 611 3047 fini
620 2946 751 3011 an
786 2938 921 3051 (y
940 2913 1063 3019 de
1082 2915 1265 3070 fon
1310 2918 1760 3075 Jjabelle,
1796 2966 1849 3031 e
1834 2933 2115 3072 fiant

402 3072 437 3157 l
474 3052 705 3166 obiet
730 3107 915 3217 que
936 3075 1023 3176 ie
1044 3113 1197 3180 me
1226 3075 1423 3183 Cuis
1460 3114 1847 3237 propose
1868 3094 1895 3214 ;
1922 3094 2119 3240 ïay

406 3211 820 3375 employé
848 3252 1063 3338 tous
1106 3273 1313 3341 mes
1327 3234 1607 3390 foins
1654 3324 1688 3369 ,
1730 3239 1795 3350 d
1809 3246 2099 3398 faire
