2479 3508
602 251 747 350 26
994 231 1093 341 L
1130 225 1491 381 iüufire
1510 231 1835 382 BaJJa

605 389 1236 534 champ:mais
1267 391 1352 487 le
1383 392 1690 532 grand
1729 384 1954 489 Vifir
1997 391 2076 494 fe

605 537 1031 638 releuant
1058 533 1281 634 d’où
1310 530 1375 633 il
1407 535 1683 632 eftoit
1715 570 1759 628 a
1772 529 1953 656 (Fis,
1996 553 2075 640 &

601 684 1130 783 remettant
1159 676 1212 776 à
1254 715 1698 821 genoux,
1743 673 2080 816 fupplia

600 824 689 928 le
719 822 1049 931 Sultan
1072 824 1187 923 de
1237 861 1357 923 ne
1403 819 1779 922 vouloir
1827 834 2081 959 point

602 1007 1048 1117 marquer
1104 970 1220 1069 de
1290 967 1527 1110 fang
1597 963 1674 1065 le
1714 978 1912 1068 jour
1982 971 2080 1069 de

601 1122 775 1220 ion
805 1109 1330 1254 triomphe;
1361 1132 1451 1213 Ôc
1487 1113 1605 1211 de
1637 1112 1723 1210 fe
1773 1109 2079 1210 fouuc-

602 1274 757 1364 nir
810 1301 996 1409 que
1042 1257 1130 1359 la
1178 1255 1656 1358 clemence
1702 1257 1830 1356 eft
1884 1292 2082 1395 pro¬

599 1437 1046 1550 prement
1111 1400 1198 1504 la
1267 1436 1540 1506 vertu
1589 1402 1746 1503 des
1801 1439 1892 1499 vi
1905 1408 1954 1498 6
1953 1408 2087 1500 to-

598 1564 919 1660 rieux;
966 1550 1245 1694 qu’en
1298 1545 1689 1649 fauuant
1744 1543 1831 1644 la
1872 1556 2013 1647 vie
2040 1543 2083 1647 à

601 1733 752 1798 cet
793 1690 1450 1822 ineonfideré,
1505 1689 1576 1793 il
1623 1688 2086 1790 l'afteuroit

600 1841 827 1988 qu’il
852 1838 939 1942 la
958 1842 1383 1984 perdroit
1430 1874 1671 1982 pour
1720 1836 1889 1935 ion
1940 1836 2089 1934 fer-

600 2004 844 2113 uicej
869 2004 960 2088 &:
990 1984 1220 2131 qu’il
1252 1988 1532 2089 eftoit
1561 1984 1836 2083 d’vne
1868 1979 2088 2080 naif-

602 2136 877 2238 fance
906 2147 1001 2234 &
1050 2132 1325 2234 d’vne
1378 2130 1781 2230 humeur
1826 2121 1877 2225 à
1921 2124 2085 2226 n’a-

596 2286 1156 2382 uoiriamais
1189 2273 1890 2420 d’ingratitude.
1908 2282 2090 2400 Que

599 2424 689 2524 le
767 2426 1371 2524 connoiflant
1441 2456 1823 2520 comme
1903 2414 2089 2550 foy-

596 2571 993 2690 mefme,
1032 2565 1098 2665 il
1142 2605 1258 2668 en
1308 2566 1874 2706 rcfpondoit
1924 2556 1972 2658 à
2016 2553 2090 2657 fa

601 2713 1088 2833 Hautefte;
1119 2728 1214 2814 &
1245 2749 1430 2857 que
1461 2708 1618 2849 luy
1649 2709 1951 2810 cftant
1977 2701 2093 2804 af-

598 2858 751 2964 fez
778 2852 1117 2999 obligé
1172 2896 1411 2996 pour
1454 2859 1785 2960 deuoir
1834 2887 2090 2953 mou-

597 3018 1002 3153 rirpour
1031 2997 1498 3128 iefauucr,
1541 2999 1614 3105 il
1657 2992 2090 3145 fuppliok
