2479 3508
672 266 749 332 s
698 304 761 364 t
772 270 821 329 o
1022 226 1513 376 L'Illujïre
1536 233 1631 338 B
1636 274 1699 334 a
1696 241 1841 381 ffa

671 374 906 473 dont
951 370 1034 473 la
1061 386 1356 513 gloire
1385 396 1472 474 &
1501 377 1584 475 la
1607 378 1846 480 force
1871 428 2069 491 con-

666 513 864 611 fîfte
888 515 1692 651 principalement,
1718 559 1826 617 en
1856 522 1930 620 la
1952 569 2066 625 va¬

665 645 857 752 leur
941 654 1089 744 des
1182 651 1671 786 personnes
1761 660 2063 762 nobles

666 787 900 890 dont
950 784 1124 882 elle
1170 792 1294 885 eft
1346 790 1748 926 remplie.
1818 799 2066 902 Enfin

662 920 771 1018 ils
838 932 1195 1058 agirent
1244 929 1505 1020 d’vne
1548 928 1763 1023 telle
1812 931 2054 1060 forte,

659 1094 838 1194 que
881 1093 1108 1154 mon
1131 1096 1338 1196 pere
1369 1066 1510 1160 fut
1535 1065 1880 1164 déclaré
1919 1087 2061 1167 cri¬

656 1192 978 1314 minel,
1008 1231 1374 1297 comme
1424 1236 2066 1309 contrçuenant

657 1364 825 1424 aux
917 1328 1097 1427 loix
1179 1336 1907 1436 fondamentales
1975 1349 2067 1442 de

654 1465 1012 1587 l'Eàt;
1064 1485 1150 1568 &
1200 1487 1666 1571 contraint
1696 1482 1804 1573 de
1848 1479 2066 1580 fubir

652 1601 771 1700 les
802 1605 1351 1709 chaftimens
1380 1652 1553 1750 que
1596 1626 1679 1710 ie
1704 1629 1945 1715 viens
1968 1623 2065 1716 de

651 1743 868 1842 dire:
925 1742 976 1840 à
1023 1748 1274 1845 cause
1315 1790 1488 1868 que
1515 1751 1596 1846 la
1635 1760 2058 1852 Prouince

646 1878 771 1972 où
816 1877 885 1975 il
934 1892 1581 1984 commandoit
1622 1886 1685 1984 fi
1728 1887 2064 1989 absolu¬

645 2047 911 2112 ment
937 2028 1248 2154 quand
1271 2023 1338 2119 il
1363 2030 1629 2121 eftoit
1655 2063 1767 2123 en
1792 2065 2065 2164 grâce,

646 2153 736 2244 fe
762 2156 1108 2253 reuolta
1140 2195 1458 2264 contre
1494 2163 1768 2296 luy,&
1798 2203 1904 2260 ne
1934 2163 2062 2298 luy

645 2287 885 2385 lai6a
918 2319 1117 2428 qu’a
1142 2309 1437 2432 peine,
1478 2297 1559 2395 la
1612 2298 1923 2398 liberté
1960 2309 2057 2397 de

643 2426 1074 2526 chercher
1093 2434 1470 2531 vnazile
1497 2432 1865 2534 ailleurs.
1901 2450 2062 2536 Car

638 2561 1101 2664 i’oubliois
1130 2574 1239 2667 de
1270 2575 1455 2670 dire
1484 2571 1533 2669 à
1572 2605 1661 2670 ta
1706 2579 2059 2672 Hautefi

641 2699 753 2808 fe,
807 2739 983 2831 que
1033 2740 1273 2803 cette
1315 2747 1455 2806 me
1467 2709 1651 2806 fine
1723 2711 1871 2844 loy
1910 2725 2056 2851 qui

637 2839 994 2980 youloit
1054 2845 1128 2944 la
1214 2859 1470 2948 ruine
1558 2861 1896 2947 entière
1956 2853 2054 2947 de
