4267 6606
778 366 2855 501 x DISCOVRS

777 529 3808 687 s'énoncer ſur les Maximes de la Morale, & de la Politique. Tous

774 653 3807 807 mes Poëmes demeureroient bien estropiez, ſi on en retranchoit ce que j'y

773 769 3806 937 en ay meſlé; mais encor un coup, il ne les faut pas pouſſer loin ſans les

774 889 3809 1057 appliquer au particulier, autrement c'eſt un lieu commun, qui ne man¬

767 1013 3808 1177 que jamais d'ennuyer l’Auditeur, parce qu'il fait languir l’action, &

770 1133 3803 1301 quelque heureuſement que reüſſiſſe cet étalage de Moralitez, il faut toû¬

760 1257 3806 1417 jours craindre que ce ne ſoit un de ces ornements ambitieux, qu'Horace

766 1385 1916 1489 nous ordonne de retrancher.

898 1502 3803 1659 I’avoüeray toutefois que les discours generaux ont ſouvent grace,

757 1621 3802 1785 quand celuy qui les prononce & celuy qui les écoute ont tous deux l’es¬

748 1735 3791 1901 prit aſſeZ tranquille, pour ſe donner raiſonnablement cette patience.

753 1861 3802 2017 Dans le quatriéme Acte de Melite, la joye quelle a d'eſtre aimée de

752 1983 3797 2139 Tircis luy fait ſouffrir ſans chagrin la remontrance de ſa Nourrice,

753 2105 3800 2259 qui de ſon coſté fatisfait à cette démangeaifon, qu'Horace attribuë

748 2225 3797 2381 aux vieilles gens, de faire des leçons aux jeunes; mais ſi elle ſçavoit

728 2345 3792 2498 que Tircis la crûſt infidelle, & qu'il en fuſt au deſespoir, comme elle

747 2453 3793 2623 l'apprend en ſuite, elle tien ſouffriroit pas quatre vers. Quelquefois

744 2577 3795 2741 meſme ces discours ſont neceſſaires, pour appuyer des ſentimens, dont

741 2709 3788 2865 le raiſonnement ne ſe peut fonder ſur aucune des actions particulieres

736 2831 3783 2983 de ceux dont on parle. Rodogune au premier Acte ne ſçauroit justi¬

711 2952 3792 3109 fier la défiance qu'elle a de Cleopatre, que par le peu de ſincerité qu'il

714 3073 3779 3231 y a d’ordinaire dans les reconciliations des Grands après une offenſe ſi¬

731 3195 3784 3349 gnalée, parce que depuis le Traité de Paix, cette Reine n’a rien fait

732 3305 3779 3477 qui la doive rendre ſuspecte de cette haine, qu'elle luy conſerve dans

727 3421 3776 3589 le cœur. L’aſſeurance que prend Meliſſe au quatriéme de la Suite du

727 3553 3771 3712 Menteur ſur les premieres protestations d’amour que luy fait Dorante,

722 3675 3771 3835 qu'elle n’a veu qu’une feule fois, ne ſe peut authoriſer que ſur la faci¬

723 3793 3766 3950 lité & la promptitude que deux Amants neZ l’un pour l’autre ont à

722 3915 3765 4078 donner croyance à ce qu’ils s’entrediſent; & les douze vers qui expri¬

719 4037 3762 4200 ment cette Moralité en termes generaux ont tellement plû, que beau¬

718 4157 3753 4318 coup de gens d’esprit n’ont pas dédaigné d’en charger leur memoire.

713 4261 3758 4444 Vous en trouvereZ icy quelques autres de cette nature. La ſeule regle

714 4399 3761 4562 qu’on y peut établir, c'eſt qu'il les faut placer judicieuſement, & ſur

711 4515 3748 4682 tout les mettre en la bouche de gens qui ayent l’esprit ſans embarras, &

710 4643 3077 4788 qui ne ſoient point emportez, par la chaleur de l'action.

844 4762 3743 4928 La ſeconde utilité du Poëme Dramatique ſe rencontre en la naïfve

691 4880 3740 5048 peinture des vices & des vertus, qui ne manque jamais à faire ſon

700 4988 3735 5172 effet, quand elle eſt bien achevée, & que les traits en ſont ſi reconnoiſ¬

675 5108 3732 5292 ſables, qu’on ne les peut confondre l’un dans l’autre, ny prendre le vice

690 5246 3729 5414 pour vertu. Celle-cy ſe fait alors toûjours aimer, quoy que mal-heureuſe,

705 5359 3728 5536 & celuy-là ſe fait toûjours haïr, bien que triomphant. Les Anciens ſe

676 5480 3723 5656 ſont fort ſouvent contentez de cette peinture, ſans ſe mettre en peine de
