4267 6763
1018 414 3187 558 80 CLITANDRE,

1202 591 3217 739 Non-pas que je ſoûpire après une vangeance,

1203 719 3384 864 Qui ne peut me donner qu’une fauſſe allegeance,

1198 845 3489 979 Le Prince aime Clitandre, & mon respect conſent

1207 971 2948 1097 Que son affection le declare innocent:

1198 1089 3061 1232 Mais ſi quelque pitié d’une telle infortune

1197 1217 3414 1353 Peut ſouffrir aujourd’huy que je vous importune,

1198 1341 3177 1485 Oſtant par un Hymen l’espoir à mes rivaux,

1201 1465 3052 1586 Sire, vous taririez la source de nos maux.

1014 1587 3203 1731 ALC. Tu fuis à te vanger, l’objet de ta Maîtreſſe

1198 1715 3340 1856 Fait qu’un tel deſir cede à l’amour qui te preſſe:

1203 1837 3212 1975 Auſſi n’eſt-ce qu’à moy de punir ces forfaits,

1194 1959 3119 2095 Et de montrer à tous par de puiſſans effets

1199 2085 3512 2225 Qu'attaquer Roſidor c’eſt ſe prendre à moy-meſme,

1192 2209 3353 2350 Tant je veux que chacun respecte ce que j'aime,

1193 2335 3198 2475 Ie le feray bien voir. Quand ce perfide tour

1198 2459 3281 2598 Auroit eu pour objet le moindre de ma Cour,

1191 2585 3230 2721 Ie devrois au Public par un honteux ſupplice

1192 2707 2943 2837 De telles trahiſons l’exemplaire justice.

1190 2831 3242 2965 Mais Roſidor ſurpris, & bleſſé comme il l’eſt.

1189 2955 3515 3097 Au devoir d’un vray Roy joint mon propre intereſt.

1180 3079 3045 3216 Ie luy feray ſentir, à ce traiſtre Clitandre,

1185 3203 3724 3347 Quelque part que le Prince y puiſſe, ou vueille prendre,

1180 3329 2885 3461 Combien mal à propos ſa folle vanité

1183 3453 3054 3588 Croyoit dans ſa faveur trouver l’impunité,

1180 3573 3041 3710 Ie tiens cét aſſaſſin, un ſoupçon veritable,

1179 3697 3454 3837 Que m’ont donné les corps d’un couple detestable,

1177 3821 3247 3938 De ſon laſche attentat m’avoit ſi bien instruit,

1176 3943 3052 4082 Que déja dans les fers il en reçoit le fruit.

1303 4068 3207 4205 Toy qu’avec Roſidor le bonheur a ſauvée.

1176 4193 2997 4328 Tu te peux aſſeurer que Doriſe trouvée,

1171 4317 3596 4440 Comme ils avoient choiſi meſme heure à voſtre mort,

1168 4441 3423 4555 En meſme heure tous deux auront un meſme ſort.

991 4561 2984 4700 CAL. Sire, ne ſongez pas à cette miſerable,

1168 4685 2899 4823 Roſidor garanty me rend ſa redevable,

1167 4811 3088 4952 Et je me ſens forcée à luy vouloir du bien,

1167 4933 3023 5048 D’avoir à voſtre Etat conſervé ce ſoûtien.

981 5055 3176 5205 ALC. Le genereux orgueil des âmes magnanimes

1163 5183 3295 5324 Par un noble dédain ſçait pardonner les crimes:

1168 5305 3433 5447 Mais voſtre aspect m’emporte à d’autres ſentimens,

1159 5425 3182 5559 Dont je ne puis cacher les justes mouuemens;

1162 5549 3261 5700 Ce teint paſle à tous deux me rougit de colere,

1159 5669 3304 5824 Et vouloir m'adoucir, c’eſt vouloir me déplaire.
