4267 6626
1305 441 2481 549 COMEDIE.

3272 483 3365 579 7

1023 704 2748 885 SCENE II

515 1038 3311 1179 ERASTE, MELITE, TIRCIS.

463 1345 2995 1473 ERA. E deux amis, Madame, appaiſez la querelle,

790 1442 2987 1581 Vn esclave d’Amour le défend d’un rebelle,

644 1590 2504 1718 Si toutefois un cœur qui n’a jamais aimé,

640 1712 2820 1841 Fier & vain qu’il en eſt, peut dire ainſi nommé.

643 1834 2678 1968 Comme dés le moment que je vous ay ſervie

643 1958 2473 2090 I'ay creu qu’il eſtoit feul la veritable vie,

638 2078 2677 2206 Il n'eſt pas merveilleux que ce peu de rapport

642 2202 2516 2326 Entre nos deux esprits ait ſemé le discord.

648 2322 2568 2450 Ie me ſuis donc piqué contre ſa médiſance,

651 2446 2660 2556 Avec tant de malheur, ou tant d’inſuffiſance,

647 2570 2589 2698 Que des droits ſi ſacrez & ſi pleins d’équité

647 2696 2229 2821 N’ont pu ſe garantir de ſa ſubtilité,

650 2816 2621 2946 Et je l'amene icy n'ayant plus que répondre,

656 2940 2956 3067 Aſſeuré que vos yeux le ſçauront mieux confondre.

479 3061 2840 3193 MEL. Vous deviez l’aſſeurer plûtoſt qu’il trouveroit

657 3184 2499 3314 En ce mépris d’amour qui le ſeconderoit.

475 3305 2827 3439 TIR. Si le cœur ne dédit ce que la bouche exprime,

650 3432 2625 3558 Et ne fait de l’amour une plus haute estime,

656 3552 2762 3680 Ie plains les malheureux à qui vous en donnez

660 3670 2862 3801 Comme à d’étranges maux par leur ſort destinez.

475 3793 2858 3921 MEL. Ce reproche ſans cauſe avec raiſon m’étonne,

657 3914 2805 4045 Ie ne reçoy d’amour, & n’en donne à perſonne,

660 4036 2711 4166 Les moyens de donner ce que je n’eus jamais?

484 4161 2880 4289 ERA. Ils vous ſont trop aiſez, & par vous deſormais

664 4288 2578 4412 La Nature pour moy montre ſon injustice,

669 4408 2870 4533 A pervertir ſon cours pour croiſtre mon ſupplice.

487 4525 2891 4659 MEL. Supplice imaginaire, & qui ſent ſon moqueur.

489 4643 3005 4773 ERA. Supplice qui déchire, & mon ame, & mon cœur.

492 4769 2620 4902 MEL. Il eſt rare qu’on porte avec ſi bon viſage

678 4890 2836 5025 L'ame & le cœur ensemble en ſi triste équipage.

499 5011 3018 5139 ERA. Voſtre charmant aspect ſuspendant mes douleurs,

683 5138 2663 5262 Mon viſage du voſtre emprunte les couleurs.

501 5259 3043 5381 MEL. Faites mieux, pour finir vos maux & voftre flame

682 5382 3069 5507 Empruntez tout d’un temps les froideurs de mon ame.

506 5498 3186 5630 ERA. Vous voyant, les froideurs perdent tout leur pouvoir,

687 5624 2734 5754 Et vous n’en conſervez que faute de vous voir.
