4267 6647
1188 419 2490 537 TRAGEDIE.

3111 476 3278 575 79

830 996 2839 1253 ACTE III.

436 1498 3221 1703 SCENE PREMIERE.

498 1875 3184 2026 ALCANDRE, ROSIDOR, CALISTE,

1213 2037 2457 2148 VN PREVOST.

407 2300 655 2387 ALC.

1152 2298 3030 2421 'ADMIRABLE rencontre a mon ame ravie,

1151 2426 3178 2558 De voir que deux amants s’entredoivent la vie,

1150 2546 2919 2685 De voir que ton peril la tire de danger,

1152 2672 3049 2809 Que le lien te fournit dequoy t’en dégager,

583 2786 2456 2920 Qu’en deux deſſeins divers pareille jalouſie

581 2912 2897 3027 Meſme lieu contre vous, & meſme heure a choiſie,

584 3032 2615 3167 Et que l’heureux malheur qui vous a menacez

586 3160 2550 3289 Avec tant de justeſſe a ſes temps compaſſez.

407 3279 2586 3409 ROS. Sire, ajouſtez du Ciel l’occulte providence;

585 3400 2689 3510 Sur deux amants il verſe une meſme influence,

580 3526 2751 3652 Et comme l’un par l’autre il a ſçeu nous ſauver,

583 3640 2790 3774 Il ſemble l’un pour l’autre exprès nous conſerver.

403 3763 2667 3894 ALC. Ie t’entens, Roſidor, par là tu me veux dire

584 3886 2699 4020 Qu'il faut qu’avec le Ciel ma volonté conspire,

584 4010 2236 4139 Et ne s’oppoſe pas à ſes justes decrets

585 4132 2672 4270 Qu'il vient de témoigner par tant d’avis ſecrets.

589 4254 2793 4386 Et bien, je veux moy-meſme en parler à la Reine;

590 4376 2425 4504 Elle se fléchira, ne t’en mets pas en peine.

594 4496 2288 4596 Achevé ſeulement de me rendre raiſon

593 4620 2277 4752 De ce qui t’arriva depuis ſa paſmoiſon.

420 4741 2745 4872 ROS. Sire, un mot deſormais ſuffit pour ce qui reste.

714 4864 2758 4994 Lyſarque & vos Archers depuis ce lieu funeste

601 4982 2568 5107 Se laiſſerent conduire aux traces de mon ſang

597 5100 2663 5234 Qui durant le chemin me dégouttoit du flanc,

600 5228 2595 5349 Et me trouvant enfin deſſous un toit rustique

601 5346 2538 5473 Ranimé par les ſoins de ſon amour pudique,

601 5462 2369 5588 Leurs bras officieux m’ont icy rapporté,

606 5582 2439 5718 Pour en faire ma plainte à voftre Majesté.
