4267 6587
1442 342 3557 465 DE MELITE. xxix

479 508 3566 654 justeſſe. Eraste y fait contrefaire des lettres de Melite, & les porter

494 626 3572 764 à Philandre. Ce Philandre eſt bien credule de ſe perſuader d'eſtre aimé

492 750 3555 896 d'une perſonne qu’il n'a jamais entretenuë, dont il ne connoit point l'é¬

497 868 3554 1014 criture, & qui luy défend de l'aller voir; cependant qu'elle reçoit les vi¬

472 988 3555 1138 ſites d'un autre, avec qui il doit avoir une amitié aſſez, étroite, puis¬

497 1104 3553 1262 qu'il eſt accordé de ſa ſœur. Il fait plus, ſur la legereté d'une croyance

485 1234 3556 1386 ſi peu raiſonnable, il renonce à une affection dont il étoit aſſeuré, & qui

492 1352 3555 1506 étoit preſte d’avoir ſon effet. Eraste n'eſt pas moins ridicule que luy, de

489 1474 3553 1624 s’imaginer que ſa fourbe cauſera cette rupture, qui ſeroit toutefois inu¬

494 1598 3558 1746 tile ſon deſſein, s’il ne ſçavoit de certitude que Philandre, malgré le

466 1718 3559 1868 ſecret qu'il luy fait demander par Melite dans ces fauſſes lettres, ne

497 1838 3554 1988 manquera pas à les montrer à Tircis; que cet Amant favorisé, croira

480 1962 3560 2110 plûtoſt un caractere qu’il n'a jamais veu, que les aſſeurances d’amour

496 2084 3553 2232 qu’il reçoit tous les jours de ſa Maîtreſſe; & qu’il rompra avec elle ſans

495 2202 3552 2356 luy parler, de peur de s’en éclaircir. Cette pretenſion d'Eraste ne pou¬

496 2328 3553 2478 voit eſtre ſupportable à moins dune revelation, & Tircis qui eſt l'hon¬

497 2444 3553 2592 neſte homme de la Piece, n'a pas l’esprit moins leger que les deux au¬

497 2570 3552 2714 tres, de s’abandonner au deſespoir par une meſme facilité de croyance,

498 2690 3553 2834 à la veuë de ce caractere inconnu. Les ſentimens de douleur qu’il en

481 2816 3549 2960 peut legitimement concevoir, devroient du moins l’emporter à faire quel¬

497 2936 3552 3084 ques reproches à celle dont il ſe croit trahy, & luy donner par là l’occa¬

478 3056 3549 3202 ſion de le deſabuſer. La folie d’Eraste, n'eſt pas de meilleure trempe.

505 3182 3558 3324 Je la condamnois deſlors en mon ame; mais comme c'étoit un ornement

502 3300 3554 3444 de Theatre qui ne manquoit jamais de plaire, & ſe faiſoit ſouvent ad¬

502 3412 3555 3566 mirer, j’affectay volontiers ces grands égaremens, & en tiray un effet que

487 3544 3554 3688 je tiendrois encor admirable en ce temps. C’eſt la maniere dont Eraste

476 3660 3556 3804 fait connoiſtre à Philandre, en le prenant pour Minos, la fourbe qu’il

503 3782 3553 3930 luy a faite, & l’erreur où il l’a jetté. Dans tout ce que j’ay fait

503 3904 3552 4046 depuis, je ne penſe pas qu’il ſe rencontre rien de plus adroit pour un

464 4045 980 4136 dénoüement.

649 4144 3553 4289 Tout le cinquiéme Acte peut paſſer pour inutile: Tircis & Melite ſe

479 4266 3556 4412 ſont raccommodez avant qu’il commence, & par conſequent l’action eſt

506 4386 3555 4532 terminée. Il n'eſt plus question que de ſçavoir qui a fait la ſuppoſition

507 4506 3549 4650 des lettres, & ils pouvoient l’avoir ſçeu de Cloris, à qui Philandre l’a¬

510 4626 3554 4774 voit dit pour ſe justifier. Il eſt vray que cet Acte retire Eraste de folie,

514 4748 3555 4890 qu’il le reconcilie avec les deux Amants, & fait ſon mariage avec Clo¬

515 4870 3558 5016 ris; mais tout cela ne regarde plus qu’une action Epiſodique, qui ne doit

510 4990 3554 5132 pas amuſer le Theatre, quand la principale eſt fini; & ſur tout ce ma¬

514 5104 3553 5254 riage a ſi peu d’apparence, qu’il eſt aisé de voir qu’on ne le propoſe, que

501 5228 3550 5372 pour ſatisfaire à la coûtume de ce temps-là, qui étoit de marier tout ce

520 5348 3554 5494 qu’on introduiſoit ſur la Scene. Il ſemble meſme que le Perſonnage de

523 5470 3553 5614 Philandre, qui part avec un reſſentiment ridicule, dont on ne craint pas

2892 5593 3087 5706 õ iij
