4267 6587
1164 317 2618 452 DE CLITANDRE.

3240 317 3452 448 xxxj

420 465 3449 654 & montrer que ce genre de Pieces avoit les vrayes beautez de Theatre,

396 585 3456 781 j'entrepris d’en faire une reguliere (c'eſt à dire dans ces vingt & quatre

415 705 3461 898 heures) pleine d’incidents, & d’un fille plus eſlevé, mais qui ne vau¬

419 823 3455 1014 droit rien du tout; enquoy je reüſſis parfaitement. Le ſtile en eſt verita¬

424 945 3470 1142 blement plus fort que celuy de l’autre, mais c'eſt tout ce qu’on y peut

426 1067 3464 1260 trouver de ſupportable. Il eſt meſlé de pointes, comme dans cette pre¬

431 1187 3471 1378 miers, mais ce n'étoit pas alors un ſi grand vice dans le choix des pen¬

432 1309 3470 1508 sées, que la Scene en dûſt eſtre entierement purgée. Pour la constitution,

432 1429 3482 1632 elle eſt ſi deſordonnée, que vous avez de la peine à deviner qui ſont

431 1549 3487 1750 les premiers Acteurs. Roſidor & Caliste ſont ceux qui le paroiſſent le

431 1671 3485 1872 plus par l’avantage de leur caractere, & de leur amour mutuel; mais

442 1793 3490 1988 leur action finit dès le premier Acte avec leur peril, & ce qu’ils diſent

443 1917 3484 2106 au troiſiéme & au cinquiéme ne fait que montrer leurs viſages, atten¬

445 2033 3499 2238 dant que les autres achevent. Pymante & Doriſe y ont le plus grand

448 2153 3496 2352 employ, mais ce ne ſont que deux criminels, qui cherchent à éviter la

440 2277 3492 2476 punition de leurs crimes, & dont meſme le premier en attente de plus

439 2399 3499 2600 grands, pour mettre à couvert les autres. Clitandre, autour de qui ſem¬

457 2520 3507 2712 ble tourner le nœud de la Piece, puisque les premieres actions vont à le

440 2643 3508 2840 faire coupable, & les dernieres a le justifier, n'en peut eſtre qu’un Heros

457 2766 3511 2956 bien ennuyeux, qui n’eſt introduit que pour déclamer en priſon, & ne

453 2884 3519 3082 parle pas meſme a cette Maîtreſſe, dont les dédains ſervent de couleur

466 3006 3514 3200 à le faire paſſer pour criminel. Tout le cinquiéme Acte languit comme

471 3128 3517 3324 celuy de Melite après la concluſion des Epiſodes, & n’a rien de ſurpre¬

475 3250 3519 3441 nant, puisque dès le quatriéme on devine tout ce qui doit y arriuer,

472 3370 3520 3564 horſmis le mariage de Clitandre avec Doriſe qui eſt encor plus étrange

474 3509 2736 3684 que celuy d’Eraste, & dont on n'a garde de ſe défier.

615 3608 3531 3803 Le Roy & le Prince ſon fils y paroiſſent dans un employ fort au deſ¬

461 3734 3527 3926 ſous de leur dignité. L’un n'y eſt que comme juge, & l’autre comme con¬

462 3856 3532 4044 fident de ſon favory. Ce defaut n'a pas accoûtumé de paſſer pour defaut,

489 3974 3541 4165 auſſi n'eſt-ce qu’un ſentiment particulier dont je me fais une Regle, qui

483 4105 3015 4285 peut-eſtre ne ſemblera pas déraiſonnable, bien que nouvelle.

630 4216 3544 4402 Pour m'expliquer, je dis qu’un Roy, un heritier de la Couronne, un

500 4338 3546 4523 Gouverneur de Province, & generalement un homme d’authorité, peut

487 4458 3545 4649 paroiſtre ſur le Theatre en trois façons: comme Roy, comme homme,

506 4578 3546 4773 & comme Iuge; quelquefois avec deux de ces qualiteZ quelquefois

504 4698 3556 4895 avec toutes les trois enſemble. Il paroiſt comme Roy ſeulement, quand

509 4818 3549 5009 il n'a intereſt qu’à la conſervation de ſon Troſne, ou de ſa vie qu’on at¬

513 4938 3545 5131 taque pour changer l'Etat, ſans avoir l’esprit agité d'aucune paſſion par¬

518 5058 3550 5249 ticuliere; & c'eſt ainſi qu'Auguste agit dans Cinna, & Phocas dans

518 5176 3550 5373 Heraclius. Il paroiſt comme homme ſeulement, quand il n'a que l'inte¬

523 5298 3553 5491 reſt d'une paſſion à ſuivre, ou à vaincre, ſans aucun peril pour ſon Etat;

535 5416 3555 5611 & tel eſt Grimoald dans les trois premiers Actes de Pertharite, & les
