4267 6701
974 489 1043 574 6

1848 433 2997 572 MELITE

1164 608 3253 762 S’attacher pour jamais aux coſtez d'une femme!

1165 735 3127 886 Perdre pour des enfans le repos de ſon ame!

1165 857 3344 1002 Voir leur nombre importun remplir une maison!

1168 981 3155 1134 Ah! qu'on aime ce joug avec peu de raison!

991 1099 3383 1258 ERA. Mais il y faut venir, c’eſt en vain qu’on recule,

1173 1220 3474 1378 C’eſt en vain qu’on refuit, toſt ou tard on s'y brûle,

1174 1344 3258 1500 Pour libertin qu’on ſoit, on s’y trouve attrapé:

1174 1470 3099 1626 Toy-meſme qui fais tant du cheval échapé,

1177 1600 3108 1744 Nous te verrons un jour ſonger au mariage.

995 1718 3100 1868 TIR. Alors ne penſe pas que j'épouſe un viſage.

1174 1846 2951 1990 Ie regle mes deſirs suivant mon intereſt,

1181 1960 3127 2100 Si Doris me vouloit, toute laide qu'elle eſt,

1175 2075 3326 2226 Ie l’estimerois plus qu’Aminte, & qu'Hyppolite,

1182 2202 3239 2350 Son revenu chez moy tiendroit lieu de merite.

1181 2323 3382 2446 C’eſt comme il faut aimer, l'abondance des biens

1181 2450 3072 2596 Pour l’amour conjugal a de puiſſans liens,

1182 2572 3295 2712 La beauté, les attraits, l’esprit, la bonne mine,

1188 2691 3379 2834 Echauffent bien le cœur, mais non pas la cuiſine,

1181 2818 3118 2964 Et l’Hymen qui ſuccede à ces folles amours

1190 2934 3406 3088 Après quelques douceurs a bien de mauvais jours.

1188 3063 3025 3208 Vne amitié ſi longue eſt fort mal aſſeurée

1187 3185 3005 3326 Deſſus des fondemens de ſi peu de durée.

1187 3305 3182 3456 L’argent dans le ménage a certaine ſplendeur

1190 3428 3283 3562 Qui donne un teint d’éclat à la meſme laideur,

1188 3553 3151 3692 Et tu ne peux trouver de ſi douces careſſes,

1187 3670 3422 3816 Dont le gouſt dure autant que celuy des richeſſes.

1010 3789 3317 3934 ERA. Auprés de ce bel œil qui tient mes sens ravis,

1200 3918 2961 4056 A peine pourrois-tu conſerver ton avis.

1015 4033 3204 4182 TIR. La raiſon en tous lieux eſt également forte.

1014 4151 3332 4306 ERA. L’eſſay n’en coûte rien, Melite eſt à fa porte;

1204 4280 3121 4404 Allons, & tu verras dans ſes aimables traits

1201 4399 3370 4546 Tant de charmans appas, tant de brillans attraits,

1205 4521 3200 4668 Que tu ſeras forcé toy-meſme à reconnoiſtre

1208 4645 3325 4792 Que ſi je suis un fou, j’ay bien raiſon de l'eſtre.

1025 4768 3079 4914 TIR. Allons, & tu verras que toute ſa beauté

1203 4894 2926 5034 Ne ſçaura me tourner contre la vérité.
