4267 6735
933 432 1086 549 14

1805 366 3021 501 MELITE,

1454 955 3287 1213 ACTE II

988 1444 3798 1659 SCENE PREMIERE.

1840 1776 2959 1896 ERASTE.

1575 2033 3505 2169 E l’avois bien préveu que ce cœur infidelle

1587 2154 3680 2297 Ne ſe défendroit point des yeux de ma cruelle,

1582 2285 3430 2413 Qui traite mille amants avec mille mépris,

1579 2408 3721 2543 Et n’a point de faveurs que pour le dernier pris.

1127 2535 3036 2669 Si-toſt qu’il l'aborda, je leus ſur ſon viſage

1124 2657 2734 2793 De ſa déloyauté l’infaillible préſage;

1118 2779 3129 2909 Vn inconnu friſſon dans mon corps épandu,

1123 2902 2908 3037 Me donna les avis de ce que j’ay perdu.

1128 3026 2984 3163 Depuis, cette volage évite ma rencontre,

1118 3150 3247 3283 Ou ſi malgré ſes ſoins le hazard me la montre,

1127 3275 3142 3405 Si je puis l’aborder, ſon discours ſe confond,

1128 3398 2970 3531 Son esprit en deſordre à peine me répond,

1128 3524 2941 3653 Vne reflexion vers le traiſtre qu'elle aime

1123 3639 3400 3773 Presques à tous momens le ramene en luy meſme,

1124 3766 3228 3899 Et tout reſveur qu'il eſt, il n’a point de ſoucis

1130 3888 3255 4017 Qu'un ſoûpir ne trahiſſe au ſeul nom de Tircis.

1141 4007 3396 4145 Lors par le prompt effet d’un changement étrange

1136 4135 3044 4269 Son ſilence rompu ſe déborde en loüange;

1130 4261 3027 4391 Elle remarque en luy tant de perfections,

1131 4379 3171 4513 Que les moins éclairez verroient ſes paſſions;

1140 4507 3022 4639 Sa bouche ne ſe plaiſt qu'en cette flaterie,

1126 4632 2989 4765 Et tout autre propos luy rend ſa reſverie.

1131 4753 3149 4887 Cependant chaque jour au discours attachez,

1131 4875 3180 5009 Ils ne retiennent plus leurs ſentimens cachez,

1136 4996 3307 5107 Ils ont des rendez-vous où l’amour les aſſemble,

1137 5121 3149 5253 Encor hier ſur le foir je les ſurpris enſemble,

1139 5245 3186 5377 Encor tout de nouveau je la voy qui l’attend.

1146 5364 3235 5499 Que cét œil aſſeuré marque un esprit content!

1141 5483 3531 5617 Perds tout respect, Eraste, & tout ſoin de luy plaire,

1145 5607 3422 5749 Rends, ſans plus differer, ta vangeance exemplaire;
