4267 6567
991 334 3088 486 vj AV LECTEVR.

978 500 3721 651 ſeruer en la premiere impreſſion qui ſe pourra faire de ces Recueils.

1099 623 3808 770 La double ll dont ie viens de parler à l'occasion de l'e, a auſſi

978 736 3807 892 deux prononciations en noſtre Langue, l’vne ſeche & ſimple, qui

975 862 3804 1016 ſuit l'Ortographe, l'autre molle qui ſemble y joindre vne h. Nous

974 984 3803 1132 n’auons point de differents caracteres à les diſtinguer; mais on en

966 1102 3802 1252 peut donner cette régle infaillible. Toutes les fois qu’il n’y a point

971 1224 3804 1370 d'i auant les deux ll, la prononciation ne prend point cette mol¬

966 1340 3799 1494 leſſe: En voicy des exemples dans les quatre autres voyelles, baller,

967 1464 3798 1606 rebeller, coller, annuller. Toutes les fois qu’il y a vn i auant les deux

966 1582 3795 1728 ll, ſoit ſeul, ſoit en diphtongue, la prononciation y adjouſte vne h.

965 1704 3794 1842 On eſcrit bailler, éueiller, briller, chatoüiller, cueillir, & on pronon¬

962 1822 3797 1944 ce baillher, éueillher, brillher, chatouillher, cueillhir. Il faut exce¬

959 1944 3798 2086 pter de cette Régle tous les mots qui viennent du Latin & qui ont

958 2064 3795 2210 deux ll, dans cette Langue; comme, ville, mille, tranquille,

957 2182 3798 2326 imbecille, diſtille, illuſtre, illegitime, illicite, &c. Ie dis qui

952 2302 3797 2446 ont deux ll en Latin, parce que les mots de fille & famille en

954 2424 3794 2566 viennent, & ſe prononcent auec cette molleſſe des autres, qui ont

949 2542 3794 2686 l'i deuant les deux ll, & n’en viennent pas; mais ce qui fait cette

946 2662 3791 2804 difference, c’eſt qu’ils ne tiennent pas les deux ll des mots Latins,

919 2780 3794 2926 filia & familia, qui n’en ont qu’vne, mais purement de noſtre Lan¬

946 2902 3787 3050 gue. Cette régie & cette exception ſont generales & aſſeurées.

945 3022 3786 3168 Quelques Modernes pour oſter toute l’ambiguité de cette pronon¬

942 3146 3791 3286 ciation, ont eſcrit les mots qui ſe prononcent ſans la molleſſe de

935 3262 3786 3412 l'h, auec vne l ſimple, en cette maniere, tranquile, imbecile, di¬

906 3382 3787 3524 ſtile, & cette Ortographe pourroit s’accommoder dans les trois

935 3500 3786 3668 voyelles a, o, u, pour eſcrire ſimplement baler, affoler, annuler, mais

937 3618 3785 3760 elle ne s’accommoderoit point du tout auec l'e, & on auroit de la

932 3740 3786 3886 peine à prononcer fidelle & belle, ſi on eſcriuoit fidele & bele; l'i

933 3860 3782 4008 meſme ſur lequel ils ont pris ce droit, ne le pourroit pas ſouffrir

932 3980 3777 4118 touſiours, & particulierement en ces mots ville, mille, dont le

929 4098 3774 4243 premier ſi on le reduiſoit à vne l ſimple, ſe confondroit auec vile,

924 4220 2401 4349 qui a vne ſignification toute autre.

1043 4339 3768 4487 Il y auroit encor quantité de remarques à faire ſur les differen¬

918 4462 3773 4609 tes manieres que nous auons de prononcer quelques lettres en noſtre

915 4582 3764 4719 Langue: mais ie n’entreprens pas de faire vn Traité entier de l'Or¬

914 4696 3763 4839 tographe & de la prononciation, & me contente de vous auoir

915 4816 3764 4971 donné ce mot d'auis touchant ce que j’ay innoué icy; comme les

914 4938 3759 5097 Imprimeurs ont eu de la peine à s’y accouſtumer, ils n’auront pas

911 5054 3756 5213 ſuiuy ce nouuel ordre ſi punctuellement, qu’il ne s’y ſoit coulé bien

911 5174 2956 5325 des fautes, vous me ferez la grace d’y ſuppléer.
