4267 6606
932 327 3002 502 viiij DISCOVRS

917 486 3958 667 pour exemple la Fleur d'Agathon, où les noms & les choſes étoient

925 606 3955 783 de pure invention, auſſi-bien qu’en la Comédie: mais les grands Su¬

926 728 3959 903 jets qui remuent fortement les paſſions, & en oppoſent l'impetuoſité

920 850 3960 1009 aux loix du devoir, ou aux tendreſſes du ſang, doivent toujours aller

917 972 3946 1137 au delà du vray-ſemblable, & ne trouveroient aucune croyance par¬

917 1086 3947 1261 my les Auditeurs, s’ils n’étoient ſoûtenus, ou par l’authorité de

912 1208 3947 1377 l’Histoire qui perſuade avec empire, ou par la préoccupation de l’opi¬

912 1326 3944 1493 nion commune qui nous donne ces meſmes Auditeurs déjà tous per¬

897 1450 3948 1617 ſuadez. Il n’eſt pas vray-ſemblable que Medée tuë ſes enfans, que

907 1560 3945 1747 Clytemnestre aſaſſine ſon mary, qu Oreste poignarde ſa mere: mais

904 1684 3943 1851 l’Histoire le dit, & la repreſentation de ces grands crimes ne trouve

890 1806 3943 1975 point d’incredules. Il n'eft ny vray, ny vray-ſemblable, qu'Andro¬

899 1928 3946 2089 mede exposée à un Monstre marin aye eſté garantie de ce peril par

899 2048 3938 2209 un Cavalier volant, qui avait des aiſles aux pieds; mais c'eſt une

865 2168 3935 2331 fiction que l’Antiquité a receuë,& comme elle l’a tranſmiſe jufqu'à

890 2288 3935 2453 nous, perſonne ne s'en offenſe, quand il la voit ſur le Théatre. Il ne

882 2406 3934 2569 ſeroit pas permis toutefois d’inventer ſur ces exemples. Ce que la ve¬

887 2528 3928 2695 rité ou l’opinion fait accepter ſeroit rejetté, s’il n'avoit point d’autre

859 2646 3945 2811 fondement qu’une reſſemblance à cette verité, ou à cette opinion. C’eſt

870 2770 3931 2931 pourquoy noftre Docteur dit que les Sujets viennent de la Fortune, qui

874 2888 3925 3053 fait arriuer les choſes, & non de l’Art qui les imagine. Elle eſt mai¬

877 3008 3926 3175 treſſe des Evenemens, & le choix qu'elle nous donne de ceux quelle

877 3130 3926 3295 nous preſente, envelope une ſecrette défenſe d’entreprendre ſur elle, &

873 3250 3921 3415 d'en produire ſur la Scene qui ne ſoient pas de ſa façon. Auſſi les an¬

872 3372 3917 3535 ciennes Tragedies ſe ſont arrétées autour de peu de familles, parce

864 3488 3908 3661 qu’il étoit arrivé à peu de familles des choſes dignes de la Tragedie.

869 3604 3912 3775 Les Siecles ſuivans nous en ont aſſeZ fourny, pour fanchir ces bor¬

865 3724 3913 3901 nes, & ne marcher plus ſur les pas des Grecs; mais je ne penſe pas

866 3846 3915 4019 qu’ils nous ayent donné la liberté de nom écarter de leurs Regles. Il

834 3957 3906 4141 faut, s’il ſe peut, nous accommoder avec elles, & les amener jusques

861 4078 3902 4253 à nous. Le retranchement que nous avons fait des Chœurs nom obli¬

839 4205 3917 4381 ge à remplir nos Poëmes de plus d'Epiſodes qu’ils ne faiſoient, c'eft

856 4326 3895 4495 quelque chofe de plus, mais qui ne doit pas aller au delà de leurs Ma¬

852 4448 2945 4609 ximes, bien qu’il aille au delà de leur pratique.

994 4569 3898 4743 Il faut donc favoir quelles ſont ces Regles, mais noſtre malheur

847 4690 3896 4865 eſt, qu'Aristote & Horace après luy en ont écrit aſſeZ obscurément

833 4807 3887 4983 pour avoir beſoin d’interpretes, & que ceux qui leur en ont voulu

822 4929 3881 5105 ſeruir jusques icy ne les ont ſouvent expliqueZ qu'en Grammairiens,

842 5046 3878 5231 ou en Philoſophes. Comme ils avoient plus d’étude & de ſpeculation,

841 5170 3874 5351 que d’experience du Theatre, leur lecture nous peut rendre plus doctes,

839 5295 3868 5472 mais non-pas nom donner beaucoup de lumieres fort ſeures pour y

840 5404 1111 5529 reüſſir.

3438 5585 3861 5714 Ie hazar¬
