4267 6626
1207 359 3264 504 COMEDIE. 15

561 538 2762 672 Mais il vaut mieux t’en rire, & pour dernier effort

560 661 2681 808 Luy montrer en raillant combien elle a de tort.

1007 928 2629 1118 SCENE II

714 1238 2931 1380 ERASTE, MELITE.

397 1505 3220 1791 ERA. QVoy, ſeule & ſans Tircis vraiment c’eſt un prodige,

961 1634 2912 1748 Et ce nouvel amant déja trop vous neglige,

573 1759 2194 1868 Laiſſant ainſi couler la belle occaſion

570 1884 2349 1992 De vous conter l'excez de ſon affection.

397 2005 2900 2142 MEL. Vous ſçavez que ſon ame en eſt fort dépourveuë.

396 2122 2801 2264 ERA. Toutesfois, ce dit-on, depuis qu’il vous a veuë,

577 2247 2460 2388 Il en porte dans l'ame un ſi doux ſouvenir,

586 2368 2557 2512 Qu’il n’a plus de plaiſirs qu’à vous entretenir.

401 2494 2594 2634 MEL. Il a lieu de s’y plaire avec quelque justice,

586 2617 2655 2756 L’Amour ainſi qu’à luy me paroit un ſupplice,

583 2739 2736 2878 Et ſa froideur qu’augmente un ſi lourd entretien

590 2861 2663 2992 Le reſout d’autant mieux à n’aimer jamais rien.

413 2983 2490 3122 ERA. Dites à n’aimer rien que la belle Melite.

414 3107 2667 3248 MEL. Pour tant de vanité j’ay trop peu de merite.

417 3231 2686 3368 ERA. En faut-il tant avoir pour ce nouveau venu?

422 3348 3301 3496 MEL. Vn peu plus que pour vous. ERA. De vray, j’ay reconnu,

595 3478 2608 3612 Vous avant pû ſervir deux ans, & davantage,

600 3594 2797 3730 Qu'il faut ſi peu que rien à toucher mon courage.

427 3714 2520 3854 MEL. Encor ſi peu que c'eſt vous étant refuſé,

604 3836 2621 3972 Préſumez comme ailleurs vous ſerez mepriſé.

427 3960 2836 4100 ERA. Vos mépris ne ſont pas de grande conſequence,

608 4082 2599 4218 Et ne vaudront jamais la peine que j'y penſe;

617 4200 2794 4344 Sçachant qu’il vous voyoit, je m’étois bien douté

620 4325 2465 4466 Que je ne ſerois plus que fort mal écouté.

439 4449 2738 4587 MEL. Sans que mes actions de plus prés j’examine,

620 4567 2637 4696 A la meilleure humeur je fais meilleure mine,

621 4690 2556 4806 Et s’il m’oſoit tenir de ſemblables discours,

622 4808 3005 4950 Nous romprions enſemble avant qu’il fuſt deux jours.

449 4935 2936 5075 ERA. Si chaque objet nouveau de meſme vous engage,

634 5053 2685 5198 Il changera bien-toſt d’humeur & de langage:

633 5175 2444 5314 Caressé maintenant auſſi-toſt qu’aperceu,

638 5299 2693 5438 Qu’auroit-il à ſe plaindre, eſtant ſi bien receu?

461 5421 2500 5565 MEL. Eraste, voyez-vous, tréve de jalouſie,

642 5544 2369 5686 Purgez voſtre cerveau de cette frenéſie,
