4267 6587
1033 296 3181 469 iv AV LECTEVR.

1154 473 3868 665 Nous prononçons l'ſ de quatre diverses manieres: tantoſt nous

1029 586 3867 787 l'aſpirons, comme en ces mots, peſte, chaſte; tantoft elle allonge

1030 692 3863 901 la ſyllabe, comme en ceux-cy, paſte, teſte; tantoſt elle ne fait au¬

1025 824 3861 1029 cun ſon, comme à eſbloüir, eſbranler, il eſtoit; & tantoſt elle ſe

1020 942 3858 1155 prononce comme vn z; comme à preſider, preſumer. Nous n’a¬

1019 1066 3857 1269 uons que deux differens caracteres, ſ & s, pour ces quatre diffe¬

1016 1186 3854 1387 rentes prononciations; il faut donc eſtablir quelques maximes ge¬

1015 1310 3853 1503 nerales pour faire les diſtinctions entieres. Cette lettre ſe rencon¬

1014 1426 3850 1601 tre au commencement des mots, ou au milieu, ou à la fin. Au

1014 1544 3849 1741 commencement elle aſpire toûjours; ſoy, ſien, ſauuer, ſuborner:

1011 1666 3850 1861 à la fin, elle n’a preſque point de ſon, & ne fait qu’allonger tant

1006 1788 3848 1981 ſoit peu la ſyllabe; quand le mot qui ſuit ſe commence par vne

1007 1906 3845 2099 conſone, & quand il commence par vne voyelle, elle ſe détache

1002 2028 3836 2220 de celuy qu'elle finit pour ſe joindre auec elle, & ſe prononce toû¬

999 2146 3837 2342 jours comme vn z, ſoit quelle ſoit précedée par vne conſone, ou

996 2271 1689 2407 par vne voyelle.

1113 2393 3837 2583 Dans le milieu du mot, elle eſt, ou entre deux voyelles, ou aprés

990 2511 3828 2700 vne conſone, ou auant vne conſone. Entre deux voyelles elle paſ¬

989 2631 3829 2820 ſe touſiours pour z, & aprés vne conſone elle aſpire touſiours, &

985 2753 3828 2944 cette difference ſe remarque entre les verbes compoſez qui viennent

984 2871 3825 3072 de la meſme racine. On prononce prezumer, reZiſter, mais on ne

977 2995 3819 3190 prononce pas conzumer, ny perzifler: Ces régles n’ont aucune ex¬

976 3111 3818 3300 ception, & j’ay abandonné en ces rencontres le choix des caracteres

977 3233 3815 3430 à l’Imprimeur, pour ſe ſeruir du grand ou du petit, ſelon qu’ils ſe

968 3353 3812 3550 ſont le mieux accommodez auec les lettres qui les joignent. Mais ie

961 3473 3811 3664 n'en ay pas fait de meſme, quand l'ſ eſt auant vne conſone dans le

964 3591 3806 3786 milieu du mot, & ie n’ay pû ſouffrir que ces trois mots, reſte, tem¬

951 3711 3803 3908 peſte, vous eſtes, fuſſent eſcrits l’vn comme l’autre, ayant des pro¬

959 3827 3798 4034 nonciations ſi differentes. I’ay reſerué la petite s pour celle où la ſylla¬

952 3947 3795 4156 be eſt aſpirée, la grande pour celle où elle eſt ſimplement allongée,

951 4065 3796 4274 & l'ay ſupprimée entierement au troiſiéme mot où elle ne fait point

950 4189 3791 4394 de ſon, la marquant ſeulement par vn accent ſur la lettre qui la

941 4307 3790 4508 précede. I’ay donc fait ortographer ainſi les mots ſuiuants & leurs

942 4429 3782 4636 ſemblables, peste , funeste, chaste, reſiste, espoir: tempeſte, haſte,

939 4549 3777 4754 teſte: vous étes, il étoit, ébloüir, écouter, épargner, arréter. Ce der¬

934 4671 3772 4876 nier verbe ne laiſſe pas d’auoir quelques temps dans ſa conjugaiſon,

933 4789 3773 4996 où il faut luy rendre l'ſ parce qu'elle allonge la ſyllabe; comme à

930 4911 3768 5104 l'imperatif arreſte, qui rime bien auec teſte: mais à l’infinitif & en

928 5029 3763 5237 quelques autres où elle ne fait pas cet effet, il eſt bon de la ſupprimer

926 5151 3676 5349 & eſcrire, j'arrétois, j'ay arrété, j'arréteray, nom arrétons, &c.

1036 5272 3755 5479 Quant à l'e nous en auons de trois ſortes. L’e feminin qui ſe

919 5389 3748 5593 rencontre touſiours, ou ſeul, ou en diphtongue dans toutes les der¬
