4267 6626
3167 362 3283 425 11

1258 330 2410 433 COMEDIE.

608 487 2755 626 Qu'étant belle à tes yeux, plus outre je n’aspire.

431 617 2801 753 PHI. Que tu ſçais dextrement adoucir mon martyre!

603 736 2578 872 Mais parmy les plaiſirs qu’avec toy je reſſens,

612 862 2349 994 A peine mon esprit oſe croire mes ſens,

609 979 2749 1116 Toûjours entre la crainte, & l’espoir en balance;

607 1100 2724 1236 Car s’il faut que l'amour naiſſe de reſſemblance,

608 1227 2465 1358 Mes imperfections nous éloignant ſi fort,

613 1348 2595 1480 Qu'oſerois-je prétendre en ce peu de rapport?

431 1467 2848 1601 CLO. Du moins ne pretens pas qu’à preſent je te loüe,

608 1590 2581 1728 Et qu’un mépris ruſé que ton cœur deſavoüe

609 1716 2326 1848 Me mette ſur la langue un babil affété

608 1835 2780 1972 Pour te rendre à mon tour ce que tu m’as prété:

616 1964 2729 2088 Au contraire, je veux que tout le monde ſçache

613 2078 2716 2212 Que je connois en toy des defauts que je cache,

618 2201 2474 2338 Quiconque avec raiſon peut eſtre négligé,

620 2325 2397 2462 A qui le veut aimer eſt bien plus obligé.

439 2444 2984 2583 PHI. Quant à toy, tu te crois de beaucoup plus aimable?

440 2572 3068 2703 CLO. Sans doute, & qu’aurois-tu qui me fuſt comparable?

441 2691 2871 2833 PHI. Regarde dans mes yeux, & reconnoy qu’en moy

621 2813 2858 2952 On peut voir quelque choſe auſſi beau comme toy.

444 2936 2603 3071 CLO. C’eſt ſans difficulté, m’y voyant exprimée.

449 3061 2815 3191 PHI. Quitte ce vain orgueil dont ta veuë eſt charmée.

625 3180 2956 3316 Tu n’y vois que mon cœur qui n’a plus un ſeul trait,

634 3303 2845 3438 Que ceux qu’il a reçeus de ton charmant portrait,

629 3428 2641 3562 Et qui tout auſſi-toſt que tu t'es fait paroiſtre,

637 3546 2570 3652 Afin de te mieux voir, s’eſt mis à la feneſtre.

458 3661 3099 3797 CLO. Le trait n’eſt pas mauvais, mais puisqu'il te plaiſt tant,

637 3783 2815 3928 Regarde dans mes yeux, ils t’en montrent autant,

637 3908 2702 4036 Nos braſiers tous pareils ont meſmes étincelles.

470 4028 2603 4143 PHI. Ainſi, chere Cloris, nos ardeurs mutuelles

643 4156 2663 4282 Dedans cette union prenant un meſme cours,

648 4274 2650 4408 Nous préparent un heur qui durera toûjours,

652 4393 2779 4531 Cependant en faveur de ma longue ſouffrance...

483 4526 1930 4654 CLO. Tay-toy, mon frère vient.

2779 5578 2944 5697 B ij
