4267 6647
3164 402 3290 490 81

1309 390 2431 504 TRAGEDIE,

416 564 2671 692 ROS. Mais, Sire, que ſçait-on? peut-eſtre ce rival,

597 680 2723 815 Qui m’a fait après tout plus de bien que de mal,

597 809 2527 933 Si-toſt qu’il vous plaira d'ecouter ſa defenſe,

597 929 2442 1057 Sçaura de ce forfait purger ſon innocence,

416 1048 2706 1180 ALC. Et par où la purger? la main d’un trait mortel

598 1173 2313 1321 A ſigné ſon Arreſt en ſignant ce cartel.

593 1295 2503 1423 Peut-il deſavoüer ce qu’aſſeure un tel gage.

593 1417 2493 1547 Envoyé de ſa part, & rendu par ſon Page?

593 1535 2338 1669 Peut-il deſavoüer que les gens déguiſez,

594 1662 2590 1759 De ſon commandement ne ſoient authoriſez?

596 1778 3247 1915 Les deux, tous morts qu’ils ſont, qu’on les traiſne à la bouë,

597 1906 2597 2033 L'autre auſſi-toſt que pris ſe verra ſur la rouë,

593 2033 2412 2157 Et pour le ſcelerat que je tiens priſonnier,

598 2153 2550 2283 Ce jour que nous voyons luy ſera le dernier.

598 2269 2996 2399 Qu'on l’améne au Conſeil; par forme il faut l'entendre,

594 2396 2633 2527 Et voir par quelle adreſſe il pourra ſe defendre.

597 2522 2771 2651 Toy, penſe à te guerir, & croy que pour le mieux

601 2643 2572 2773 Ie ne veux pas montrer ce perfide à tes yeux:

602 2766 2632 2895 Sans doute qu’auſſi-toſt qu’il ſe feroit paroiſtre

602 2889 2386 3023 Ton ſang rejalliroit au viſage du traiſtre.

420 3015 2489 3140 ROS. L’apparence deçoit, & ſouvent on a veu

601 3134 2255 3263 Sortir la verité d’un moyen impréveu,

597 3256 2624 3387 Bien que la conjecture y fuſt encor plus forte:

602 3377 2978 3507 Du moins, Sire, appaiſez l’ardeur qui vous transporte,

606 3500 2737 3627 Que l'ame plus tranquille, & l’esprit plus remis,

611 3623 2537 3749 Le ſeul pouvoir des loix perde nos ennemis.

425 3739 2883 3872 ALC. Sans plus m’importuner, ne ſonge qu’à tes playes.

611 3867 2494 3993 Non, il ne fut jamais d’apparences ſi vrayes,

606 3989 2554 4117 Douter de ce forfait c'eſt manquer de raiſon.

614 4113 2533 4241 Derechef, ne prens ſoin que de ta gueriſon.

1013 5445 1359 5532 Tome 1.

2791 5440 2857 5518 L
