4267 6834
933 468 1084 571 86

1710 428 3145 563 CLITANDRE,

1122 610 2996 750 Et dispoſez de moy qui borne mon envie

1130 731 3223 878 A prodiguer pour vous tout ce que j’ay de vie.

939 850 3467 1001 DOR. Pymante, & quoy, faut-il qu'en l'état où je ſuis

1127 983 3072 1122 Tes importunitez augmentent mes ennuis?

1126 1107 3153 1250 Faut-il que dans ce bois ta rencontre funeste

1126 1234 3405 1366 Vienne encor m’arracher le ſeul bien qui me reste,

1131 1365 3254 1502 Et qu’ainſi mon malheur au dernier point venu

1130 1492 2906 1626 N’oſe plus esperer de n’eſtre pas connu?

944 1613 3165 1753 PYM. Voyez comme le Ciel égale nos fortunes,

1135 1741 3529 1872 Et comme pour les faire entre nous deux communes,

1135 1863 3156 1998 Nous reduiſant enſemble à ces déguiſemens,

1140 1990 3378 2122 Il montre avoir pour nous de pareils mouvemens.

954 2108 3809 2253 DOR. Nous changeons bien d’habits, mais non pas de viſages,

1139 2236 3761 2380 Nous changeons bien d’habits, mais non pas de courages,

1143 2367 3174 2502 Et ces masques trompeurs de nos conditions

1142 2493 3121 2628 Cachent, ſans les changer, nos inclinations.

957 2611 3511 2755 PYM. Me negliger toûjours! & pour qui vous neglige!

957 2739 3690 2875 DOR. Que veux-tu? ſon mépris plus que ton feu m’oblige,

1144 2865 3152 3004 I’y trouve malgré-moy je ne ſçay quel appas

1148 2993 3109 3132 Par où l’ingrat me tuë, & ne m’offenſe pas.

961 3114 3293 3253 PYM. Qu'esperez-vous enfin d’un amour ſi frivole

1153 3240 3440 3380 Pour cét ingrat amant qui n’eſt plus qu’une idole?

970 3363 3520 3501 DOR. Qu’une idole! ah, ce mot me donne de l'effroy,

1148 3496 3001 3628 Roſidor une idole ah! perfide, c’eſt toy,

1153 3620 3311 3756 Ce ſont tes trahiſons qui l’empeſchent de vivre,

1153 3742 3440 3878 Ie t’ay veu dans ce bois moy-meſme le poursuivre,

1158 3870 2997 4006 Avantagé du nombre, & vétu de façon,

1157 3995 3175 4128 Que ce rustique habit effaçoit tout ſoupçon:

1167 4121 3084 4250 Ton embuſche a ſurpris une valeur ſi rare.

974 4242 3312 4381 PYM. Il eſt vray, j’ay puny l’orgueil de ce barbare,

1160 4367 3193 4504 De cét heureux ingrat, ſi cruel envers vous,

1167 4496 3463 4628 Qui maintenant par terre, & percé de mes coups,

1165 4623 3250 4754 Eprouve par ſa mort comme un amant fidelle

1166 4744 3312 4884 Vange voſtre beauté du mépris qu’on fait d’elle.

982 4871 3285 4983 DOR. Monstre de la Nature, execrable bourreau,

1171 4993 3281 5132 Après ce laſche coup qui creuſe mon tombeau,

1169 5121 3200 5254 D’un compliment railleur ta malice me flate!

1170 5246 3339 5386 Fuy, fuy, que deſſus toy ma vangeance n’éclate,

1175 5371 3627 5506 Ces mains, ces foibles mains que vont armer les Dieux

1175 5490 3366 5630 N’auront que trop de force à t’arracher les yeux,

1180 5617 3102 5754 Que trop à t’imprimer ſur ce hideux viſage

1180 5740 3303 5884 En mille traits de ſang les marques de ma rage.
