4267 6694
937 406 1061 475 20

1807 354 2964 490 MELITE,

1575 628 3210 814 SCENE V.

1130 975 3650 1112 ERASTE, CLITON.

589 1284 839 1384 a Il luy

584 1387 903 1462 donne une

585 1480 757 1552 lettre.

919 1264 3711 1537 ERAa VA-t'en chercher Philandre, & dy-luy que Melite

1542 1399 3188 1527 A dedans ce billet ſa paſſion décrite,

1111 1524 3161 1655 Dy-luy que ſa pudeur ne ſçauroit plus cacher

1111 1646 3227 1777 Vn feu qui la conſume, & qu'elle tient ſi cher:

1104 1770 3253 1897 Mais prens garde ſur tout à bien joüer ton rôle,

1104 1894 3210 2019 Remarque ſa couleur, ſon maintien, ſa parole,

1097 2008 2878 2140 Voy ſi dans la lecture un peu d'émotion

1103 2138 2783 2232 Ne te montrera rien de ſon intention.

920 2261 3649 2395 CLI. Cela vaut fait, Monſieur. ERA. Mais avec ton meſſage

1110 2380 3188 2517 Taſche ſi dextrement de tourner ſon courage,

1108 2506 2756 2622 Que tu viennes à bout de ſa fidelité.

923 2631 3048 2759 CLI. Monſieur, repoſez-vous ſur ma ſubtilité,

1106 2751 3265 2888 Il faudra malgré-luy, qu'il donne dans le piége,

1108 2876 3047 3009 Ma telle ſur ce point vous ſervira de plége.

1112 3002 3628 3135 Mais auſſi, vous ſçavez... ERA. Ouy, va, ſois diligent.

1225 3122 3520 3258 Ces ames du commun n’ont pour but que l’argent,

1103 3246 3135 3377 Et je n’ay que trop veu par mon experience...

1104 3372 3611 3499 Mais tu reviens bien-toſt? CLI. Donnez-vous patience,

1104 3494 3392 3622 Moniteur, il ne vous faut qu’un moment de loiſir,

1098 3620 3250 3747 Et vous pourrez vous meſme en avoir le plaiſir.

915 3739 3764 3871 ERA. Comment? CLI. De ce carfour j'ay veu venir Philandre,

1103 3860 3327 3990 Cachez-vous en ce coin, & de là ſçachez prendre

1108 3980 3101 4113 L’occaſion commode à ſeconder mes coups,

1108 4102 3188 4235 Par là nous le tenons. Le voicy, ſauvez-vous.

1486 4372 3288 4554 SCENE VI.

937 4698 3813 4841 PHILANDRE, ERASTE, CLITON.

587 4958 914 5056 b Eraſte eſt

619 5059 886 5139 caché &

610 5150 894 5227 les écoute.

930 4961 3198 5212 PHI. b QVelle reception me fera ma Maiſtreſſe?

1498 5089 3144 5212 Le moyen d'excuſer une telle pareſſe?

928 5209 3254 5336 CLI. Monſieur, tout à à propos je vous rencontre icy

1111 5331 2969 5454 Expreſſément chargé de vous rendre cecy.

925 5451 3549 5571 PHI. Qu'eſt-ce? CLI. Vous allez voir en liſant cette lettre

1107 5574 3217 5703 Ce qu’un homme jamais n’oſeroit ſe promettre,
