4267 6633
3133 406 3281 503 17

1249 376 2421 484 COMEDIE.

596 544 2688 679 A ſervir qu’il l’achete il eſt toûjours tout preſt,

586 665 2485 797 Et ne voit rien d’injuste où brille l’intereſt.

599 789 2812 929 Allons ſans perdre temps luy payer ma vangeance,

600 914 2429 1047 Et la pistole en main preſſer ſa diligence.

974 1133 2768 1321 SCENE IV.

1132 1414 2569 1551 TIRCIS, CLORIS.

419 1646 3052 1902 TIR. MA ſœur, un mot d’avis ſur un méchant Sonnet

992 1776 3044 1905 Que je viens de broüiller dedans mon cabinet.

418 1894 2691 2037 CLO. C'eſt à quelque beauté que ta Muſe l’adreſſe?

419 2019 2472 2151 TIR. En faveur d’un amy je flate ſa Maîtreſſe,

592 2137 2485 2275 Voy ſi tu le connois, & ſi parlant pour luy

597 2260 2658 2399 I’ay ſceu m’accommoder aux paſſions d’autruy.

1139 2494 2547 2651 SONNET.

414 2742 2971 2989 CLO. APrès l'œil de Melite il n'eſt rien d’admirable.

967 2862 3309 3003 Ah, frere, il n’en faut plus. TIR. Tu n’es pas ſupportable

593 2989 2834 3127 De me rompre ſi-toſt. CLO. C’étoit ſans y penſer.

600 3113 2895 3251 Acheve. TIR. Tay-toy donc, je vay recommencer.

1157 3349 2526 3503 SONNET.

423 3588 2689 3837 APrès l’œil de Melite il n'eſt rien d’admirable,

686 3712 2391 3847 Il n'eſt rien de ſolide après ma loyauté,

429 3831 2504 3972 Mon feu comme ſon teint ſe rend incomparable,

428 3954 2296 4102 Et je ſuis en amour ce qu'elle eſt en beauté.

547 4198 2606 4344 Quoy que puiſſe à mes ſens offrir la nouveauté,

428 4318 2653 4456 Mon cœur à tous ſes traits demeure invulnerable,

431 4444 2396 4582 Et bien qu'elle ait au ſien la meſme cruauté,

432 4560 2696 4704 Ma foy pour ſes rigueurs n'en eſt pas moins durable.

553 4806 2638 4948 C’eſt donc avec raiſon que mon extreſme ardeur

436 4929 2451 5070 Trouve cheZ cette belle une extreſme froideur,

441 5048 2403 5190 Et que ſans eſtre aimé je bruſle pour Melite.

564 5296 2641 5432 Car de ce que les Dieux nous envoyant au jour

449 5418 2672 5550 Donnerent pour nous deux d'amour, de merite,

446 5533 2555 5672 Elle a tout le merite, moy j’ay tout l'amour.

747 5668 1101 5756 Tome I.

2837 5653 2909 5733 C
