<?xml version="1.0" encoding="UTF-8"?>
<PcGts xmlns="http://schema.primaresearch.org/PAGE/gts/pagecontent/2013-07-15" xmlns:xsi="http://www.w3.org/2001/XMLSchema-instance" xmlns:xs="http://www.w3.org/2001/XMLSchema" xmlns:pr="http://schema.primaresearch.org/PAGE/gts/pagecontent/2013-07-15" xsi:schemaLocation="http://schema.primaresearch.org/PAGE/gts/pagecontent/2013-07-15 http://schema.primaresearch.org/PAGE/gts/pagecontent/2013-07-15/pagecontent.xsd">
  <Metadata>
        <Creator/>
        <Created>2018-12-28T13:34:13.092+01:00</Created>
        <LastChange>2018-12-28T13:39:07.850+01:00</LastChange>
        <Comments>
                Measurement unit: pixel
                PrimaryLanguage: English
                Language: FrenchStandard
                Producer: ABBYY FineReader Engine 11</Comments>
        <TranskribusMetadata docId="194228" pageId="7653835" pageNr="152" tsid="13550316" status="DONE" userId="10612" imgUrl="https://files.transkribus.eu/Get?id=RXWMVCQMADIEPCPIGMFMEKUJ&amp;fileType=view" xmlUrl="https://files.transkribus.eu/Get?id=PDVIYQDVOGFKNSMJBSHVPKBI" imageId="2059238"/>
    </Metadata>
  <Page imageFilename="Corneille1664_Theatre_bpt6k10403751_corrected_0152.png" imageWidth="4267" imageHeight="6791">
    <PrintSpace>
            <Coords points="121,117 4255,117 4255,6646 121,6646"/>
        </PrintSpace>
    <ReadingOrder>
            <OrderedGroup id="ro_1604236246746" caption="Regions reading order">
                <RegionRefIndexed index="0" regionRef="r_1_1"/>
                <RegionRefIndexed index="1" regionRef="r_2_1"/>
                <RegionRefIndexed index="2" regionRef="r_3_1"/>
                <RegionRefIndexed index="3" regionRef="r_3_2"/>
                <RegionRefIndexed index="4" regionRef="r_3_3"/>
                <RegionRefIndexed index="5" regionRef="r_3_4"/>
                <RegionRefIndexed index="6" regionRef="r_3_5"/>
                <RegionRefIndexed index="7" regionRef="r_3_6"/>
                <RegionRefIndexed index="8" regionRef="r_3_7"/>
                <RegionRefIndexed index="9" regionRef="r_3_8"/>
                <RegionRefIndexed index="10" regionRef="r_3_9"/>
                <RegionRefIndexed index="11" regionRef="r_3_10"/>
                <RegionRefIndexed index="12" regionRef="r_3_11"/>
                <RegionRefIndexed index="13" regionRef="r_3_12"/>
                <RegionRefIndexed index="14" regionRef="r_3_13"/>
                <RegionRefIndexed index="15" regionRef="r_3_14"/>
                <RegionRefIndexed index="16" regionRef="r_3_15"/>
                <RegionRefIndexed index="17" regionRef="r_3_16"/>
                <RegionRefIndexed index="18" regionRef="r_3_17"/>
                <RegionRefIndexed index="19" regionRef="r_3_18"/>
                <RegionRefIndexed index="20" regionRef="r_3_19"/>
            </OrderedGroup>
        </ReadingOrder>
    <TextRegion type="paragraph" id="r_1_1" custom="readingOrder {index:0;}">
      <Coords points="1792,395 3201,395 3201,537 1792,537"/>
      <TextLine id="tl_1" primaryLanguage="English" custom="structure {type:default;} readingOrder {index:0;}">
        <Coords points="1793,396 3203,396 3203,535 1793,535"/>
        <Baseline points="1793,513 1882,513 2322,509 2662,513 2818,511 3199,514"/>
        <Word id="w_w2aab1b1b2b1b1ab1">
          <Coords points="1793,396 3203,396 3203,535 1793,535"/>
          <TextEquiv>
            <Unicode>C LITANDRE,</Unicode>
          </TextEquiv>
          <TextStyle fontFamily="Times New Roman" fontSize="10.5" italic="true"/>
        </Word>
      </TextLine>
    </TextRegion>
    <TextRegion type="paragraph" id="r_2_1" custom="readingOrder {index:1;}">
      <Coords points="1016,423 1155,423 1155,518 1016,518"/>
      <TextLine id="tl_2" primaryLanguage="English" custom="structure {type:default;} readingOrder {index:0;}">
        <Coords points="1017,424 1154,424 1154,517 1017,517"/>
        <Baseline points="1017,516 1154,513"/>
        <Word id="w_w2aab1b3b2b1b1ab1">
          <Coords points="1017,424 1154,424 1154,517 1017,517"/>
          <TextEquiv>
            <Unicode>82</Unicode>
          </TextEquiv>
          <TextStyle fontFamily="Arial" fontSize="9.5" italic="true"/>
        </Word>
      </TextLine>
    </TextRegion>
    <TextRegion type="paragraph" id="r_3_1" custom="readingOrder {index:2;}">
      <Coords points="1700,702 3284,702 3284,900 1700,900"/>
      <TextLine id="tl_3" primaryLanguage="English" custom="structure {type:default;} readingOrder {index:0;}">
        <Coords points="1701,703 3283,703 3283,899 1701,899"/>
        <Baseline points="1701,884 2799,886 3283,883"/>
        <Word id="w_w2aab1b5b2b1b1ab1">
          <Coords points="1701,703 3283,703 3283,899 1701,899"/>
          <TextEquiv>
            <Unicode>SCENE II</Unicode>
          </TextEquiv>
          <TextStyle fontFamily="Times New Roman" fontSize="18.0"/>
        </Word>
      </TextLine>
    </TextRegion>
    <TextRegion type="paragraph" id="r_3_2" custom="readingOrder {index:3;}">
      <Coords points="1449,1019 3520,1019 3520,1179 1449,1179"/>
      <TextLine id="tl_4" primaryLanguage="English" custom="structure {type:default;} readingOrder {index:0;}">
        <Coords points="1450,1020 3519,1020 3519,1178 1450,1178"/>
        <Baseline points="1450,1145 1691,1139 1839,1144 2115,1147 2259,1141 2482,1167 2647,1145 3075,1149 3359,1148 3518,1150"/>
        <Word id="w_w2aab1b5b2b3b1ab1">
          <Coords points="1450,1020 3519,1020 3519,1178 1450,1178"/>
          <TextEquiv>
            <Unicode>ROSIDOR, CALISTE.</Unicode>
          </TextEquiv>
          <TextStyle fontFamily="Times New Roman" fontSize="10.5" italic="true"/>
        </Word>
      </TextLine>
    </TextRegion>
    <TextRegion type="paragraph" id="r_3_3" custom="readingOrder {index:4;}">
      <Coords points="1015,1304 3747,1304 3747,1707 1015,1707"/>
      <TextLine id="tl_5" primaryLanguage="English" custom="structure {type:default;} readingOrder {index:0;}">
        <Coords points="1016,1305 3739,1305 3739,1465 1016,1465"/>
        <Baseline points="1016,1410 1103,1410 1483,1408 1647,1409 1873,1412 2005,1413 2293,1412 2703,1416 3297,1421 3697,1421 3739,1421"/>
        <Word id="w_w2aab1b5b2b5b1ab1">
          <Coords points="1016,1305 3739,1305 3739,1465 1016,1465"/>
          <TextEquiv>
            <Unicode>ROS. AH que ce grand couroux ſenſiblement m’afflige!</Unicode>
          </TextEquiv>
        </Word>
      </TextLine>
      <TextLine id="tl_6" primaryLanguage="English" custom="structure {type:default;} readingOrder {index:1;}">
        <Coords points="1577,1435 3746,1435 3746,1585 1577,1585"/>
        <Baseline points="1577,1531 1650,1531 2090,1536 2314,1536 2508,1540 2616,1539 2836,1576 2952,1541 3346,1549 3745,1563"/>
        <Word id="w_w2aab1b5b2b5b3ab1">
          <Coords points="1577,1435 3746,1435 3746,1585 1577,1585"/>
          <TextEquiv>
            <Unicode>CAL. C’eſt ainſi que le Roy te refuſant t’oblige,</Unicode>
          </TextEquiv>
        </Word>
      </TextLine>
      <TextLine id="tl_7" primaryLanguage="English" custom="structure {type:default;} readingOrder {index:2;}">
        <Coords points="1203,1561 3085,1561 3085,1706 1203,1706"/>
        <Baseline points="1204,1655 1271,1655 1380,1656 1686,1656 2146,1695 2282,1664 2412,1663 2643,1664 3084,1682"/>
        <Word id="w_w2aab1b5b2b5b5ab1">
          <Coords points="1203,1561 3085,1561 3085,1706 1203,1706"/>
          <TextEquiv>
            <Unicode>Il te donne beaucoup en ce qu’il t’interdit,</Unicode>
          </TextEquiv>
          <TextStyle fontFamily="Times New Roman" fontSize="8.0"/>
        </Word>
      </TextLine>
    </TextRegion>
    <TextRegion type="paragraph" id="r_3_4" custom="readingOrder {index:5;}">
      <Coords points="1197,1686 3222,1686 3222,1835 1197,1835"/>
      <TextLine id="tl_8" primaryLanguage="English" custom="structure {type:default;} readingOrder {index:0;}">
        <Coords points="1198,1687 3221,1687 3221,1834 1198,1834"/>
        <Baseline points="1198,1779 1305,1778 1429,1779 1771,1779 2235,1819 2397,1823 2721,1793 2907,1793 3221,1796"/>
        <Word id="w_w2aab1b5b2b7b1ab1">
          <Coords points="1198,1687 3221,1687 3221,1834 1198,1834"/>
          <TextEquiv>
            <Unicode>Et tu gagnes beaucoup d’y perdre ton credit.</Unicode>
          </TextEquiv>
          <TextStyle fontFamily="Times New Roman" fontSize="8.0"/>
        </Word>
      </TextLine>
    </TextRegion>
    <TextRegion type="paragraph" id="r_3_5" custom="readingOrder {index:6;}">
      <Coords points="1192,1812 3151,1812 3151,2075 1192,2075"/>
      <TextLine id="tl_9" primaryLanguage="English" custom="structure {type:default;} readingOrder {index:0;}">
        <Coords points="1193,1813 3150,1813 3150,1949 1193,1949"/>
        <Baseline points="1193,1899 1338,1902 1554,1902 1788,1903 1952,1903 2196,1907 2390,1907 2762,1913 3150,1921"/>
        <Word id="w_w2aab1b5b2b9b1ab1">
          <Coords points="1193,1813 3150,1813 3150,1949 1193,1949"/>
          <TextEquiv>
            <Unicode>On voit dans ces refus une marque certaine</Unicode>
          </TextEquiv>
          <TextStyle fontFamily="Times New Roman" fontSize="8.0"/>
        </Word>
      </TextLine>
      <TextLine id="tl_10" primaryLanguage="English" custom="structure {type:default;} readingOrder {index:1;}">
        <Coords points="1194,1933 3071,1933 3071,2074 1194,2074"/>
        <Baseline points="1194,2050 1380,2026 1704,2026 2082,2028 2350,2031 2636,2036 2779,2035 3070,2054"/>
        <Word id="w_w2aab1b5b2b9b3ab1">
          <Coords points="1194,1933 3071,1933 3071,2074 1194,2074"/>
          <TextEquiv>
            <Unicode>Que contre Roſidor toute priere eſt vaine,</Unicode>
          </TextEquiv>
          <TextStyle fontFamily="Times New Roman" fontSize="8.0"/>
        </Word>
      </TextLine>
    </TextRegion>
    <TextRegion type="paragraph" id="r_3_6" custom="readingOrder {index:7;}">
      <Coords points="1192,2056 3323,2056 3323,2322 1192,2322"/>
      <TextLine id="tl_11" primaryLanguage="English" custom="structure {type:default;} readingOrder {index:0;}">
        <Coords points="1194,2057 3257,2057 3257,2204 1194,2204"/>
        <Baseline points="1195,2151 1327,2150 1713,2150 2195,2155 2407,2159 2867,2164 3257,2168"/>
        <Word id="w_w2aab1b5b2c11b1ab1">
          <Coords points="1194,2057 3257,2057 3257,2204 1194,2204"/>
          <TextEquiv>
            <Unicode>Ses violents transports ſont d’aſſeurez témoins</Unicode>
          </TextEquiv>
          <TextStyle fontFamily="Times New Roman" fontSize="8.0"/>
        </Word>
      </TextLine>
      <TextLine id="tl_12" primaryLanguage="English" custom="structure {type:default;} readingOrder {index:1;}">
        <Coords points="1193,2181 3322,2181 3322,2321 1193,2321"/>
        <Baseline points="1193,2300 1422,2275 1970,2279 2274,2284 2422,2283 2536,2287 2982,2291 3321,2291"/>
        <Word id="w_w2aab1b5b2c11b3ab1">
          <Coords points="1193,2181 3322,2181 3322,2321 1193,2321"/>
          <TextEquiv>
            <Unicode>Qu'il t’écouteroit mieux s’il te cheriſſoit moins.</Unicode>
          </TextEquiv>
          <TextStyle fontFamily="Times New Roman" fontSize="8.0"/>
        </Word>
      </TextLine>
    </TextRegion>
    <TextRegion type="paragraph" id="r_3_7" custom="readingOrder {index:8;}">
      <Coords points="1189,2308 3284,2308 3284,2458 1189,2458"/>
      <TextLine id="tl_13" primaryLanguage="English" custom="structure {type:default;} readingOrder {index:0;}">
        <Coords points="1190,2309 3283,2309 3283,2457 1190,2457"/>
        <Baseline points="1190,2404 1408,2403 1558,2402 1775,2403 2018,2443 2308,2412 2720,2415 2880,2450 2990,2421 3282,2429"/>
        <Word id="w_w2aab1b5b2c13b1ab1">
          <Coords points="1190,2309 3283,2309 3283,2457 1190,2457"/>
          <TextEquiv>
            <Unicode>Mais un plus long ſejour pourroit icy te nuire,</Unicode>
          </TextEquiv>
          <TextStyle fontFamily="Times New Roman" fontSize="8.0"/>
        </Word>
      </TextLine>
    </TextRegion>
    <TextRegion type="paragraph" id="r_3_8" custom="readingOrder {index:9;}">
      <Coords points="1183,2431 3478,2431 3478,2708 1183,2708"/>
      <TextLine id="tl_14" primaryLanguage="English" custom="structure {type:default;} readingOrder {index:0;}">
        <Coords points="1184,2432 3477,2432 3477,2581 1184,2581"/>
        <Baseline points="1185,2527 1319,2526 1709,2526 1921,2526 2057,2528 2421,2543 2919,2575 3043,2544 3477,2549"/>
        <Word id="w_w2aab1b5b2c15b1ab1">
          <Coords points="1184,2432 3477,2432 3477,2581 1184,2581"/>
          <TextEquiv>
            <Unicode>Ne perdons plus de temps, laiſſe-moy te conduire</Unicode>
          </TextEquiv>
          <TextStyle fontFamily="Times New Roman" fontSize="8.0"/>
        </Word>
      </TextLine>
      <TextLine id="tl_15" primaryLanguage="English" custom="structure {type:default;} readingOrder {index:1;}">
        <Coords points="1189,2557 3362,2557 3362,2707 1189,2707"/>
        <Baseline points="1189,2649 1520,2650 1744,2650 2390,2659 2532,2659 2964,2667 3361,2681"/>
        <Word id="w_w2aab1b5b2c15b3ab1">
          <Coords points="1189,2557 3362,2557 3362,2707 1189,2707"/>
          <TextEquiv>
            <Unicode>Iusques dans l’antichambre où Lyſarque t’attend,</Unicode>
          </TextEquiv>
          <TextStyle fontFamily="Times New Roman" fontSize="8.0"/>
        </Word>
      </TextLine>
    </TextRegion>
    <TextRegion type="paragraph" id="r_3_9" custom="readingOrder {index:10;}">
      <Coords points="1183,2681 3160,2681 3160,2824 1183,2824"/>
      <TextLine id="tl_16" primaryLanguage="English" custom="structure {type:default;} readingOrder {index:0;}">
        <Coords points="1184,2682 3159,2682 3159,2823 1184,2823"/>
        <Baseline points="1184,2773 1293,2774 1661,2773 2129,2778 2279,2782 2559,2787 2772,2787 3158,2791"/>
        <Word id="w_w2aab1b5b2c17b1ab1">
          <Coords points="1184,2682 3159,2682 3159,2823 1184,2823"/>
          <TextEquiv>
            <Unicode>Et montre deſormais un esprit plus content.</Unicode>
          </TextEquiv>
          <TextStyle fontFamily="Times New Roman" fontSize="8.0"/>
        </Word>
      </TextLine>
    </TextRegion>
    <TextRegion type="paragraph" id="r_3_10" custom="readingOrder {index:11;}">
      <Coords points="1003,2802 3647,2802 3647,3333 1003,3333"/>
      <TextLine id="tl_17" primaryLanguage="English" custom="structure {type:default;} readingOrder {index:0;}">
        <Coords points="1004,2803 3646,2803 3646,2958 1004,2958"/>
        <Baseline points="1005,2897 1090,2897 1360,2898 1567,2899 1703,2898 1815,2901 2151,2903 2382,2903 3003,2920 3171,2919 3291,2921 3645,2920"/>
        <Word id="w_w2aab1b5b2c19b1ab1">
          <Coords points="1004,2803 3646,2803 3646,2958 1004,2958"/>
          <TextEquiv>
            <Unicode>ROS. Si près de te quitter.... CAL. N’acheve pas ta plainte.</Unicode>
          </TextEquiv>
        </Word>
      </TextLine>
      <TextLine id="tl_18" primaryLanguage="English" custom="structure {type:default;} readingOrder {index:1;}">
        <Coords points="1185,2931 3520,2931 3520,3057 1185,3057"/>
        <Baseline points="1185,3021 1412,3021 1664,3022 1908,3022 2384,3031 2632,3040 3114,3045 3519,3057"/>
        <Word id="w_w2aab1b5b2c19b3ab1">
          <Coords points="1185,2931 3520,2931 3520,3057 1185,3057"/>
          <TextEquiv>
            <Unicode>Tous deux nous reſſentons cette commune atteinte,</Unicode>
          </TextEquiv>
          <TextStyle fontFamily="Times New Roman" fontSize="8.0"/>
        </Word>
      </TextLine>
      <TextLine id="tl_19" primaryLanguage="English" custom="structure {type:default;} readingOrder {index:2;}">
        <Coords points="1182,3052 3177,3052 3177,3205 1182,3205"/>
        <Baseline points="1182,3146 1399,3145 1617,3145 2027,3151 2373,3155 2483,3158 2995,3168 3176,3203"/>
        <Word id="w_w2aab1b5b2c19b5ab1">
          <Coords points="1182,3052 3177,3052 3177,3205 1182,3205"/>
          <TextEquiv>
            <Unicode>Mais d’un faſcheux respect la tyrannique loy</Unicode>
          </TextEquiv>
          <TextStyle fontFamily="Times New Roman" fontSize="8.0"/>
        </Word>
      </TextLine>
      <TextLine id="tl_20" primaryLanguage="English" custom="structure {type:default;} readingOrder {index:3;}">
        <Coords points="1180,3178 3270,3178 3270,3332 1180,3332"/>
        <Baseline points="1181,3270 1619,3273 1863,3274 1983,3275 2315,3292 2448,3284 2919,3295 3057,3296 3269,3292"/>
        <Word id="w_w2aab1b5b2c19b7ab1">
          <Coords points="1180,3178 3270,3178 3270,3332 1180,3332"/>
          <TextEquiv>
            <Unicode>M’appelle chez la Reine, &amp; m’éloigne de toy.</Unicode>
          </TextEquiv>
          <TextStyle fontFamily="Times New Roman" fontSize="8.0"/>
        </Word>
      </TextLine>
    </TextRegion>
    <TextRegion type="paragraph" id="r_3_11" custom="readingOrder {index:12;}">
      <Coords points="1180,3301 3293,3301 3293,3458 1180,3458"/>
      <TextLine id="tl_21" primaryLanguage="English" custom="structure {type:default;} readingOrder {index:0;}">
        <Coords points="1181,3302 3292,3302 3292,3457 1181,3457"/>
        <Baseline points="1181,3393 1250,3393 1416,3393 1598,3433 1810,3399 2142,3403 2510,3410 2712,3415 2902,3419 3292,3429"/>
        <Word id="w_w2aab1b5b2c21b1ab1">
          <Coords points="1181,3302 3292,3302 3292,3457 1181,3457"/>
          <TextEquiv>
            <Unicode>Il me luy faut conter comme l’on m’a ſurpriſe,</Unicode>
          </TextEquiv>
          <TextStyle fontFamily="Times New Roman" fontSize="8.0"/>
        </Word>
      </TextLine>
    </TextRegion>
    <TextRegion type="paragraph" id="r_3_12" custom="readingOrder {index:13;}">
      <Coords points="1181,3423 3018,3423 3018,3557 1181,3557"/>
      <TextLine id="tl_22" primaryLanguage="English" custom="structure {type:default;} readingOrder {index:0;}">
        <Coords points="1182,3424 3017,3424 3017,3556 1182,3556"/>
        <Baseline points="1182,3517 1527,3520 1763,3521 2129,3526 2261,3530 2673,3538 3016,3556"/>
        <Word id="w_w2aab1b5b2c23b1ab1">
          <Coords points="1182,3424 3017,3424 3017,3556 1182,3556"/>
          <TextEquiv>
            <Unicode>Excuſer mon abſence en accuſant Doriſe,</Unicode>
          </TextEquiv>
          <TextStyle fontFamily="Times New Roman" fontSize="8.0"/>
        </Word>
      </TextLine>
    </TextRegion>
    <TextRegion type="paragraph" id="r_3_13" custom="readingOrder {index:14;}">
      <Coords points="1173,3551 3235,3551 3235,3829 1173,3829"/>
      <TextLine id="tl_23" primaryLanguage="English" custom="structure {type:default;} readingOrder {index:0;}">
        <Coords points="1174,3552 3112,3552 3112,3697 1174,3697"/>
        <Baseline points="1175,3641 1279,3642 1769,3645 2229,3654 2403,3659 2557,3659 2814,3664 3111,3671"/>
        <Word id="w_w2aab1b5b2c25b1ab1">
          <Coords points="1174,3552 3112,3552 3112,3697 1174,3697"/>
          <TextEquiv>
            <Unicode>Et l’informer comment par un cruel destin</Unicode>
          </TextEquiv>
          <TextStyle fontFamily="Times New Roman" fontSize="8.0"/>
        </Word>
      </TextLine>
      <TextLine id="tl_24" primaryLanguage="English" custom="structure {type:default;} readingOrder {index:1;}">
        <Coords points="1177,3674 3234,3674 3234,3828 1177,3828"/>
        <Baseline points="1178,3765 1398,3765 1718,3770 2040,3774 2302,3778 2380,3781 2774,3789 2906,3795 3234,3796"/>
        <Word id="w_w2aab1b5b2c25b3ab1">
          <Coords points="1177,3674 3234,3674 3234,3828 1177,3828"/>
          <TextEquiv>
            <Unicode>Mon devoir auprès d’elle a manqué ce matin.</Unicode>
          </TextEquiv>
          <TextStyle fontFamily="Times New Roman" fontSize="8.0"/>
        </Word>
      </TextLine>
    </TextRegion>
    <TextRegion type="paragraph" id="r_3_14" custom="readingOrder {index:15;}">
      <Coords points="991,3798 3478,3798 3478,4067 991,4067"/>
      <TextLine id="tl_25" primaryLanguage="English" custom="structure {type:default;} readingOrder {index:0;}">
        <Coords points="992,3799 3477,3799 3477,3957 992,3957"/>
        <Baseline points="992,3891 1073,3891 1399,3893 1700,3902 1819,3893 2133,3903 2313,3902 2570,3919 2823,3914 2933,3919 3209,3924 3477,3923"/>
        <Word id="w_w2aab1b5b2c27b1ab1">
          <Coords points="992,3799 3477,3799 3477,3957 992,3957"/>
          <TextEquiv>
            <Unicode>ROS. Va donc, &amp; quand ſon ame, après la choſe ſçeuë</Unicode>
          </TextEquiv>
        </Word>
      </TextLine>
      <TextLine id="tl_26" primaryLanguage="English" custom="structure {type:default;} readingOrder {index:1;}">
        <Coords points="1171,3922 3032,3922 3032,4066 1171,4066"/>
        <Baseline points="1171,4017 1364,4012 1576,4017 1692,4016 1916,4020 2239,4024 2375,4029 2605,4033 3031,4052"/>
        <Word id="w_w2aab1b5b2c27b3ab1">
          <Coords points="1171,3922 3032,3922 3032,4066 1171,4066"/>
          <TextEquiv>
            <Unicode>Fera voir la pitié qu'elle en aura conceuë,</Unicode>
          </TextEquiv>
          <TextStyle fontFamily="Times New Roman" fontSize="8.0"/>
        </Word>
      </TextLine>
    </TextRegion>
    <TextRegion type="paragraph" id="r_3_15" custom="readingOrder {index:16;}">
      <Coords points="1170,4045 2961,4045 2961,4198 1170,4198"/>
      <TextLine id="tl_27" primaryLanguage="English" custom="structure {type:default;} readingOrder {index:0;}">
        <Coords points="1171,4046 2960,4046 2960,4197 1171,4197"/>
        <Baseline points="1172,4139 1460,4139 1634,4171 1727,4140 1952,4145 2406,4153 2552,4157 2782,4163 2960,4175"/>
        <Word id="w_w2aab1b5b2c29b1ab1">
          <Coords points="1171,4046 2960,4046 2960,4197 1171,4197"/>
          <TextEquiv>
            <Unicode>Figure luy ſi bien Clitandre tel qu’il eſt,</Unicode>
          </TextEquiv>
          <TextStyle fontFamily="Times New Roman" fontSize="8.0"/>
        </Word>
      </TextLine>
    </TextRegion>
    <TextRegion type="paragraph" id="r_3_16" custom="readingOrder {index:17;}">
      <Coords points="1175,4169 3288,4169 3288,4324 1175,4324"/>
      <TextLine id="tl_28" primaryLanguage="English" custom="structure {type:default;} readingOrder {index:0;}">
        <Coords points="1176,4170 3287,4170 3287,4323 1176,4323"/>
        <Baseline points="1176,4285 1495,4264 1739,4264 1877,4268 2019,4273 2245,4274 2625,4286 2833,4286 3286,4295"/>
        <Word id="w_w2aab1b5b2c31b1ab1">
          <Coords points="1176,4170 3287,4170 3287,4323 1176,4323"/>
          <TextEquiv>
            <Unicode>Quelle n’oſe en ſes feux prendre plus d’intereſt.</Unicode>
          </TextEquiv>
          <TextStyle fontFamily="Times New Roman" fontSize="8.0"/>
        </Word>
      </TextLine>
    </TextRegion>
    <TextRegion type="paragraph" id="r_3_17" custom="readingOrder {index:18;}">
      <Coords points="986,4295 3515,4295 3515,4568 986,4568"/>
      <TextLine id="tl_29" primaryLanguage="English" custom="structure {type:default;} readingOrder {index:0;}">
        <Coords points="987,4296 3514,4296 3514,4447 987,4447"/>
        <Baseline points="987,4387 1068,4387 1426,4387 1718,4388 1890,4392 2349,4401 2543,4405 2783,4409 3109,4419 3513,4431"/>
        <Word id="w_w2aab1b5b2c33b1ab1">
          <Coords points="987,4296 3514,4296 3514,4447 987,4447"/>
          <TextEquiv>
            <Unicode>CAL. Ne crains pas deſormais que mon amour s’oublie,</Unicode>
          </TextEquiv>
        </Word>
      </TextLine>
      <TextLine id="tl_30" primaryLanguage="English" custom="structure {type:default;} readingOrder {index:1;}">
        <Coords points="1175,4420 2899,4420 2899,4567 1175,4567"/>
        <Baseline points="1176,4507 1488,4512 1956,4521 2080,4524 2450,4530 2898,4553"/>
        <Word id="w_w2aab1b5b2c33b3ab1">
          <Coords points="1175,4420 2899,4420 2899,4567 1175,4567"/>
          <TextEquiv>
            <Unicode>Répare ſeulement ta vigueur affoiblie,</Unicode>
          </TextEquiv>
          <TextStyle fontFamily="Times New Roman" fontSize="8.0"/>
        </Word>
      </TextLine>
    </TextRegion>
    <TextRegion type="paragraph" id="r_3_18" custom="readingOrder {index:19;}">
      <Coords points="1175,4541 3040,4541 3040,4703 1175,4703"/>
      <TextLine id="tl_31" primaryLanguage="English" custom="structure {type:default;} readingOrder {index:0;}">
        <Coords points="1176,4542 3039,4542 3039,4702 1176,4702"/>
        <Baseline points="1176,4635 1479,4636 1705,4640 1819,4643 2085,4648 2221,4649 2331,4653 2645,4658 2787,4661 3038,4680"/>
        <Word id="w_w2aab1b5b2c35b1ab1">
          <Coords points="1176,4542 3039,4542 3039,4702 1176,4702"/>
          <TextEquiv>
            <Unicode>Sçache bien te ſervir de la faveur du Roy,</Unicode>
          </TextEquiv>
          <TextStyle fontFamily="Times New Roman" fontSize="8.0"/>
        </Word>
      </TextLine>
    </TextRegion>
    <TextRegion type="paragraph" id="r_3_19" custom="readingOrder {index:20;}">
      <Coords points="1170,4671 3169,4671 3169,4830 1170,4830"/>
      <TextLine id="tl_32" primaryLanguage="English" custom="structure {type:default;} readingOrder {index:0;}">
        <Coords points="1171,4672 3168,4672 3168,4829 1171,4829"/>
        <Baseline points="1171,4759 1274,4764 1514,4764 1740,4768 1846,4772 2243,4786 2751,4789 2919,4795 3167,4793"/>
        <Word id="w_w2aab1b5b2c37b1ab1">
          <Coords points="1171,4672 3168,4672 3168,4829 1171,4829"/>
          <TextEquiv>
            <Unicode>Et pour tout le ſurplus, repoſe-t’en ſur moy.</Unicode>
          </TextEquiv>
          <TextStyle fontFamily="Times New Roman" fontSize="8.0"/>
        </Word>
      </TextLine>
    </TextRegion>
    <SeparatorRegion id="r_4" custom="readingOrder {index:21;}">
            <Coords points="94,244 125,244 125,1280 94,1280"/>
        </SeparatorRegion>
    <SeparatorRegion id="r_5" custom="readingOrder {index:22;}">
            <Coords points="84,1396 123,1396 123,3240 84,3240"/>
        </SeparatorRegion>
    <SeparatorRegion id="r_6" custom="readingOrder {index:23;}">
            <Coords points="98,3160 114,3160 114,3496 98,3496"/>
        </SeparatorRegion>
    <SeparatorRegion id="r_7" custom="readingOrder {index:24;}">
            <Coords points="63,5328 99,5328 99,6592 63,6592"/>
        </SeparatorRegion>
    <SeparatorRegion id="r_8" custom="readingOrder {index:25;}">
            <Coords points="4162,159 4195,159 4195,779 4162,779"/>
        </SeparatorRegion>
    <SeparatorRegion id="r_9" custom="readingOrder {index:26;}">
            <Coords points="4164,879 4182,879 4182,1175 4164,1175"/>
        </SeparatorRegion>
    <SeparatorRegion id="r_10" custom="readingOrder {index:27;}">
            <Coords points="4163,1659 4187,1659 4187,2815 4163,2815"/>
        </SeparatorRegion>
    <SeparatorRegion id="r_11" custom="readingOrder {index:28;}">
            <Coords points="4166,3651 4178,3651 4178,4011 4166,4011"/>
        </SeparatorRegion>
    <SeparatorRegion id="r_12" custom="readingOrder {index:29;}">
            <Coords points="4158,4679 4177,4679 4177,5007 4158,5007"/>
        </SeparatorRegion>
    <SeparatorRegion id="r_13" custom="readingOrder {index:30;}">
            <Coords points="4149,5795 4197,5795 4197,6651 4149,6651"/>
        </SeparatorRegion>
    <SeparatorRegion id="r_14" custom="readingOrder {index:31;}">
            <Coords points="4159,5195 4178,5195 4178,5751 4159,5751"/>
        </SeparatorRegion>
    <SeparatorRegion id="r_15" custom="readingOrder {index:32;}">
            <Coords points="74,6592 83,6592 83,6688 74,6688"/>
        </SeparatorRegion>
  </Page>
</PcGts>
