4267 6735
1006 319 3035 474 12 MELITE,

1571 600 3296 801 SCENE V.

1000 927 3857 1086 TIRCIS, PHILANDRE, CLORIS.

984 1129 3647 1395 TIR. SI j’en croy l’apparence,

1175 1375 3112 1522 Mon arrivée icy fait quelque contre-temps.

986 1495 3713 1644 PHI. Que t’en ſemble, Tircis? TIR. Ie vous voy ſi contens,

1171 1619 3472 1761 Qu'à ne vous rien celer touchant ce qu’il me ſemble

1165 1743 3216 1889 Du divertiſſement que vous preniés enſemble,

1162 1865 3465 2011 De moins ſorciers que moy pourroient bien deviner

1157 1991 3204 2133 Qu'un troiſiéme ne fait que vous importuner.

974 2111 3721 2266 CLO. Dy ce que tu voudras, nos feux n'ont point de crimes,

1153 2239 3186 2385 Et pour t’apprehender ils ſont trop legitimes,

1153 2361 3283 2512 Puis qu’un Hymen ſacré promis ces jours paſſez

1159 2487 3059 2599 Sous ton conſentement les authoriſe aſſez.

969 2611 3206 2751 TIR. Ou je te connois mal, ou ſon heure tardive

1152 2733 2923 2876 Te deſoblige fort de ce qu’elle n’arrive.

965 2855 3800 2978 CLO. Ta belle humeur te tient, mon frere. TIR. Aſſeurément.

960 2981 3551 3128 CLO. Le ſujet? TIR. I’en ay trop dans ton contentement.

960 3101 3667 3253 CLO. Le cœur t’en dit ailleurs. TIR. Il eſt vray, je te jure,

1139 3227 3738 3378 I’ay veu je ne ſçay quoy... CLO. Dy tout, je t’en conjure.

960 3351 3401 3499 TIR. Ma foy, ſi ton Philandre avoit veu de mes yeux,

1139 3475 3336 3626 Tes affaires, ma ſœur, n’en iroient gueres mieux.

952 3597 3243 3743 CLO. I'ay trop de vanité pour croire que Philandre

1136 3725 3335 3864 Trouve encor aprés moy qui puiſſe le ſurprendre.

945 3839 3022 3985 TIR. Tes vanitez à part, repoſe-t’en ſur moy,

1136 3965 3215 4111 Que celle que j’ay veuë eſt bien autre que toy.

943 4087 3336 4228 PHI. Parle mieux de l’objet dont mon ame eſt ravie,

1128 4211 3221 4355 Ce blaspheſme à tout autre auroit coûté la vie.

946 4335 3779 4494 TIR. Nous tomberons d’accord ſans nous mettre en pourpoint.

939 4459 3260 4607 CLO. Encor cette beauté, ne la nomme-t’on point?

942 4585 3347 4732 TIR. Non pas ſi-toſt, Adieu, ma preſence importune

1123 4709 3222 4851 Te laiſſe à la mercy d’Amour, & de la Brune,

1124 4833 3033 4977 Continuez les jeux que vous avez quittez.

933 4953 2924 5096 CLO. Ne croy pas éviter mes importunitez;

1117 5079 3068 5220 Ou tu diras le nom de cette incomparable,

1114 5199 3055 5341 Ou je vay de tes pas me rendre inſeparable.

937 5315 3010 5457 TIR. Il n’eſt pas fort aiſé d’arracher ce ſecret,

1118 5441 3713 5592 Adieu, ne perds point temps. CLO. O l’amoureux diſcret!

1115 5565 3160 5708 Et bien, nous allons voir ſi tu ſçauras te taire.
