<?xml version="1.0" encoding="UTF-8"?>
<PcGts xmlns="http://schema.primaresearch.org/PAGE/gts/pagecontent/2013-07-15" xmlns:xsi="http://www.w3.org/2001/XMLSchema-instance" xmlns:xs="http://www.w3.org/2001/XMLSchema" xmlns:pr="http://schema.primaresearch.org/PAGE/gts/pagecontent/2013-07-15" xsi:schemaLocation="http://schema.primaresearch.org/PAGE/gts/pagecontent/2013-07-15 http://schema.primaresearch.org/PAGE/gts/pagecontent/2013-07-15/pagecontent.xsd">
  <Metadata>
        <Creator/>
        <Created>2018-12-28T14:03:06.792+01:00</Created>
        <LastChange>2019-08-10T23:47:50.677+02:00</LastChange>
        <Comments>
                Measurement unit: pixel
                PrimaryLanguage: English
                Language: FrenchStandard
                Producer: ABBYY FineReader Engine 11</Comments>
        <TranskribusMetadata docId="194228" pageId="7653837" pageNr="154" tsid="13550318" status="DONE" userId="10612" imgUrl="https://files.transkribus.eu/Get?id=WSQFDYMEJKHFLLWDPXVUSQNS&amp;fileType=view" xmlUrl="https://files.transkribus.eu/Get?id=JHLOQETNHMULDUDVAZMTYLIT" imageId="2059245"/>
    </Metadata>
  <Page imageFilename="Corneille1664_Theatre_bpt6k10403751_corrected_0154.png" imageWidth="4267" imageHeight="6834">
    <PrintSpace>
            <Coords points="410,154 4018,154 3978,6005 370,6005"/>
        </PrintSpace>
    <ReadingOrder>
            <OrderedGroup id="ro_1604236247558" caption="Regions reading order">
                <RegionRefIndexed index="0" regionRef="r_1_1"/>
                <RegionRefIndexed index="1" regionRef="r_1_2"/>
                <RegionRefIndexed index="2" regionRef="r_1_3"/>
                <RegionRefIndexed index="3" regionRef="r_1_4"/>
                <RegionRefIndexed index="4" regionRef="r_1_5"/>
                <RegionRefIndexed index="5" regionRef="r_1_6"/>
                <RegionRefIndexed index="6" regionRef="r_1_7"/>
                <RegionRefIndexed index="7" regionRef="r_1_8"/>
                <RegionRefIndexed index="8" regionRef="r_1_9"/>
                <RegionRefIndexed index="9" regionRef="r_1_10"/>
                <RegionRefIndexed index="10" regionRef="r_1_11"/>
                <RegionRefIndexed index="11" regionRef="r_1_12"/>
                <RegionRefIndexed index="12" regionRef="r_1_13"/>
                <RegionRefIndexed index="13" regionRef="r_1_14"/>
                <RegionRefIndexed index="14" regionRef="r_1_15"/>
                <RegionRefIndexed index="15" regionRef="r_1_16"/>
                <RegionRefIndexed index="16" regionRef="r_1_17"/>
                <RegionRefIndexed index="17" regionRef="r_2_1"/>
                <RegionRefIndexed index="18" regionRef="TextRegion_1546002438376_4578"/>
                <RegionRefIndexed index="19" regionRef="region_1546004731023_4932"/>
                <RegionRefIndexed index="20" regionRef="TextRegion_1546002422976_4566"/>
                <RegionRefIndexed index="21" regionRef="r_2_4"/>
                <RegionRefIndexed index="22" regionRef="TextRegion_1546002358341_4505"/>
                <RegionRefIndexed index="23" regionRef="r_2_6"/>
                <RegionRefIndexed index="24" regionRef="r_2_7"/>
                <RegionRefIndexed index="25" regionRef="r_2_8"/>
                <RegionRefIndexed index="26" regionRef="r_2_9"/>
                <RegionRefIndexed index="27" regionRef="r_2_10"/>
            </OrderedGroup>
        </ReadingOrder>
    <TextRegion type="paragraph" id="r_1_1" custom="readingOrder {index:0;}">
      <Coords points="1001,391 3160,391 3160,586 1001,586"/>
      <TextLine id="tl_1" primaryLanguage="English" custom="structure {type:default;} readingOrder {index:0;}">
        <Coords points="1002,392 3159,392 3159,585 1002,585"/>
        <Baseline points="1002,528 1163,569 1891,523 2319,514 2663,513 2815,510 3158,533"/>
        <Word id="w_w2aab1b1b2b1b1ab1">
          <Coords points="1002,392 3159,392 3159,585 1002,585"/>
          <TextEquiv>
            <Unicode>84 CLITANDRE,</Unicode>
          </TextEquiv>
          <TextStyle fontFamily="Times New Roman" fontSize="11.0" italic="true"/>
        </Word>
      </TextLine>
    </TextRegion>
    <TextRegion type="paragraph" id="r_1_2" custom="readingOrder {index:1;}">
      <Coords points="1184,564 3547,564 3547,729 1184,729"/>
      <TextLine id="tl_2" primaryLanguage="English" custom="structure {type:default;} readingOrder {index:0;}">
        <Coords points="1185,565 3546,565 3546,728 1185,728"/>
        <Baseline points="1185,686 1401,687 1641,689 2001,680 2445,683 2985,672 3165,677 3545,692"/>
        <Word id="w_w2aab1b1b2b3b1ab1">
          <Coords points="1185,565 3546,565 3546,728 1185,728"/>
          <TextEquiv>
            <Unicode>Mais vous ſçaurez montrer, embraſſant ma défenſe,</Unicode>
          </TextEquiv>
          <TextStyle fontFamily="Times New Roman" fontSize="8.5"/>
        </Word>
      </TextLine>
    </TextRegion>
    <TextRegion type="paragraph" id="r_1_3" custom="readingOrder {index:2;}">
      <Coords points="1177,693 3571,693 3571,864 1177,864"/>
      <TextLine id="tl_3" primaryLanguage="English" custom="structure {type:default;} readingOrder {index:0;}">
        <Coords points="1178,694 3570,694 3570,863 1178,863"/>
        <Baseline points="1179,833 1371,812 1549,811 1799,803 2105,804 2319,797 2929,798 3183,798 3569,797"/>
        <Word id="w_w2aab1b1b2b5b1ab1">
          <Coords points="1178,694 3570,694 3570,863 1178,863"/>
          <TextEquiv>
            <Unicode>Que qui vous vange ainſi puiſſamment vous offenſe.</Unicode>
          </TextEquiv>
          <TextStyle fontFamily="Times New Roman" fontSize="8.5"/>
        </Word>
      </TextLine>
    </TextRegion>
    <TextRegion type="paragraph" id="r_1_4" custom="readingOrder {index:3;}">
      <Coords points="1175,821 3190,821 3190,981 1175,981"/>
      <TextLine id="tl_4" primaryLanguage="English" custom="structure {type:default;} readingOrder {index:0;}">
        <Coords points="1176,822 3189,822 3189,980 1176,980"/>
        <Baseline points="1176,937 1332,936 1710,931 2132,926 2266,927 2396,926 2814,923 3188,936"/>
        <Word id="w_w2aab1b1b2b7b1ab1">
          <Coords points="1176,822 3189,822 3189,980 1176,980"/>
          <TextEquiv>
            <Unicode>Les perfides autheurs de ce complot maudit,</Unicode>
          </TextEquiv>
          <TextStyle fontFamily="Times New Roman" fontSize="8.5"/>
        </Word>
      </TextLine>
    </TextRegion>
    <TextRegion type="paragraph" id="r_1_5" custom="readingOrder {index:4;}">
      <Coords points="1174,947 3145,947 3145,1101 1174,1101"/>
      <TextLine id="tl_5" primaryLanguage="English" custom="structure {type:default;} readingOrder {index:0;}">
        <Coords points="1175,948 3144,948 3144,1100 1175,1100"/>
        <Baseline points="1175,1083 1549,1055 2031,1055 2333,1052 2707,1050 3143,1060"/>
        <Word id="w_w2aab1b1b2b9b1ab1">
          <Coords points="1175,948 3144,948 3144,1100 1175,1100"/>
          <TextEquiv>
            <Unicode>Qu'à me perſecuter voſtre abſence enhardit,</Unicode>
          </TextEquiv>
          <TextStyle fontFamily="Times New Roman" fontSize="8.5"/>
        </Word>
      </TextLine>
    </TextRegion>
    <TextRegion type="paragraph" id="r_1_6" custom="readingOrder {index:5;}">
      <Coords points="1171,1071 3504,1071 3504,1214 1171,1214"/>
      <TextLine id="tl_6" primaryLanguage="English" custom="structure {type:default;} readingOrder {index:0;}">
        <Coords points="1172,1072 3503,1072 3503,1213 1172,1213"/>
        <Baseline points="1172,1185 1242,1185 1546,1181 1946,1180 2306,1185 2670,1172 2862,1172 3022,1177 3502,1189"/>
        <Word id="w_w2aab1b1b2c11b1ab1">
          <Coords points="1172,1072 3503,1072 3503,1213 1172,1213"/>
          <TextEquiv>
            <Unicode>A voſtre heureux retour, verront que ces tempeſtes,</Unicode>
          </TextEquiv>
          <TextStyle fontFamily="Times New Roman" fontSize="8.5"/>
        </Word>
      </TextLine>
    </TextRegion>
    <TextRegion type="paragraph" id="r_1_7" custom="readingOrder {index:6;}">
      <Coords points="1170,1197 3279,1197 3279,1350 1170,1350"/>
      <TextLine id="tl_7" primaryLanguage="English" custom="structure {type:default;} readingOrder {index:0;}">
        <Coords points="1171,1198 3278,1198 3278,1349 1171,1349"/>
        <Baseline points="1171,1305 1595,1306 2039,1313 2529,1301 2733,1301 2983,1301 3277,1301"/>
        <Word id="w_w2aab1b1b2c13b1ab1">
          <Coords points="1171,1198 3278,1198 3278,1349 1171,1349"/>
          <TextEquiv>
            <Unicode>Clitandre preſervé, n'abatront que leurs teſtes.</Unicode>
          </TextEquiv>
          <TextStyle fontFamily="Times New Roman" fontSize="8.5"/>
        </Word>
      </TextLine>
    </TextRegion>
    <TextRegion type="paragraph" id="r_1_8" custom="readingOrder {index:7;}">
      <Coords points="1168,1321 3722,1321 3722,1603 1168,1603"/>
      <TextLine id="tl_8" primaryLanguage="English" custom="structure {type:default;} readingOrder {index:0;}">
        <Coords points="1170,1322 3721,1322 3721,1479 1170,1479"/>
        <Baseline points="1170,1431 1386,1430 1540,1429 1832,1430 1888,1438 2022,1425 2502,1427 2734,1425 2982,1427 3352,1430 3720,1435"/>
        <Word id="w_w2aab1b1b2c15b1ab1">
          <Coords points="1170,1322 3721,1322 3721,1479 1170,1479"/>
          <TextEquiv>
            <Unicode>Mais on ouvre, &amp; quelqu'un dans cette ſombre horreur</Unicode>
          </TextEquiv>
          <TextStyle fontFamily="Times New Roman" fontSize="8.5"/>
        </Word>
      </TextLine>
      <TextLine id="tl_9" primaryLanguage="English" custom="structure {type:default;} readingOrder {index:1;}">
        <Coords points="1169,1454 3156,1454 3156,1602 1169,1602"/>
        <Baseline points="1169,1559 1323,1555 1505,1559 1813,1557 2169,1556 2605,1554 2783,1555 3155,1550"/>
        <Word id="w_w2aab1b1b2c15b3ab1">
          <Coords points="1169,1454 3156,1454 3156,1602 1169,1602"/>
          <TextEquiv>
            <Unicode>Par ſon viſage affreux redouble ma terreur.</Unicode>
          </TextEquiv>
          <TextStyle fontFamily="Times New Roman" fontSize="8.5"/>
        </Word>
      </TextLine>
    </TextRegion>
    <TextRegion type="paragraph" id="r_1_9" custom="readingOrder {index:8;}">
      <Coords points="1558,1711 3394,1711 3394,1908 1558,1908"/>
      <TextLine id="tl_10" primaryLanguage="English" custom="structure {type:default;} readingOrder {index:0;}">
        <Coords points="1559,1712 3393,1712 3393,1907 1559,1907"/>
        <Baseline points="1559,1889 2817,1898 3392,1899"/>
        <Word id="w_w2aab1b1b2c17b1ab1">
          <Coords points="1559,1712 3393,1712 3393,1907 1559,1907"/>
          <TextEquiv>
            <Unicode>SCENE IV</Unicode>
          </TextEquiv>
          <TextStyle fontFamily="Times New Roman" fontSize="18.0"/>
        </Word>
      </TextLine>
    </TextRegion>
    <TextRegion type="paragraph" id="r_1_10" custom="readingOrder {index:9;}">
      <Coords points="1056,2051 3855,2051 3855,2216 1056,2216"/>
      <TextLine id="tl_11" primaryLanguage="English" custom="structure {type:default;} readingOrder {index:0;}">
        <Coords points="1057,2052 3854,2052 3854,2215 1057,2215"/>
        <Baseline points="1057,2161 2457,2204 2762,2182 3853,2195"/>
        <Word id="w_w2aab1b1b2c19b1ab1">
          <Coords points="1057,2052 3854,2052 3854,2215 1057,2215"/>
          <TextEquiv>
            <Unicode>CLITANDRE, LE GEOLIER.</Unicode>
          </TextEquiv>
          <TextStyle fontFamily="Times New Roman" fontSize="11.0" italic="true"/>
        </Word>
      </TextLine>
    </TextRegion>
    <TextRegion type="paragraph" id="r_1_11" custom="readingOrder {index:10;}">
      <Coords points="981,2320 3682,2320 3690,2565 989,2565"/>
      <TextLine id="tl_12" primaryLanguage="English" custom="structure {type:default;} readingOrder {index:0;}">
        <Coords points="984,2321 3681,2321 3689,2565 986,2568"/>
        <Baseline points="987,2407 1247,2410 1298,2562 1475,2561 1504,2414 1902,2418 2098,2422 2270,2427 2528,2427 2676,2430 2844,2432 3036,2431 3280,2435 3680,2436"/>
        <Word id="w_w2aab1b1b2c21b1ab1">
          <Coords points="984,2321 3681,2321 3689,2565 986,2568"/>
          <TextEquiv>
            <Unicode>GEO. PErmettez que ma main de ces fers vous détache.</Unicode>
          </TextEquiv>
        </Word>
      </TextLine>
    </TextRegion>
    <TextRegion type="paragraph" id="r_1_12" custom="readingOrder {index:11;}">
      <Coords points="979,2432 3925,2432 3925,2722 979,2722"/>
      <TextLine id="tl_13" primaryLanguage="English" custom="structure {type:default;} readingOrder {index:0;}">
        <Coords points="1490,2433 3924,2433 3924,2602 1490,2602"/>
        <Baseline points="1508,2539 2031,2547 2257,2551 2461,2551 2507,2547 2628,2550 3031,2559 3333,2574 3521,2565 3923,2574"/>
        <Word id="w_w2aab1b1b2c23b1b1b1">
          <Coords points="1490,2433 3924,2433 3924,2602 1490,2602"/>
          <TextEquiv>
            <Unicode>CLI. Suis-je libre déja? GEO. Non encor, que je ſçache.</Unicode>
          </TextEquiv>
        </Word>
      </TextLine>
      <TextLine id="tl_14" primaryLanguage="English" custom="structure {type:default;} readingOrder {index:1;}">
        <Coords points="980,2573 3219,2573 3219,2721 980,2721"/>
        <Baseline points="980,2653 1061,2653 1550,2675 1674,2666 1924,2670 2151,2676 2298,2711 2694,2680 2934,2680 3174,2720 3218,2681"/>
        <Word id="w_w2aab1b1b2c23b3ab1">
          <Coords points="980,2573 3219,2573 3219,2721 980,2721"/>
          <TextEquiv>
            <Unicode>CLI. Quoy, ta ſeule pitié s'y hazarde pour moy?</Unicode>
          </TextEquiv>
        </Word>
      </TextLine>
    </TextRegion>
    <TextRegion type="paragraph" id="r_1_13" custom="readingOrder {index:12;}">
      <Coords points="982,2696 3701,2696 3701,2851 982,2851"/>
      <TextLine id="tl_15" primaryLanguage="English" custom="structure {type:default;} readingOrder {index:0;}">
        <Coords points="983,2697 3700,2697 3700,2850 983,2850"/>
        <Baseline points="983,2778 1074,2778 1545,2799 1756,2791 1901,2796 2177,2800 2493,2801 2631,2800 2867,2804 3303,2813 3441,2814 3699,2814"/>
        <Word id="w_w2aab1b1b2c25b1ab1">
          <Coords points="983,2697 3700,2697 3700,2850 983,2850"/>
          <TextEquiv>
            <Unicode>GEO. Non, c’eſt un ordre exprès de vous conduire au Roy,</Unicode>
          </TextEquiv>
        </Word>
      </TextLine>
    </TextRegion>
    <TextRegion type="paragraph" id="r_1_14" custom="readingOrder {index:13;}">
      <Coords points="973,2816 3576,2816 3576,2972 973,2972"/>
      <TextLine id="tl_16" primaryLanguage="English" custom="structure {type:default;} readingOrder {index:0;}">
        <Coords points="974,2817 3575,2817 3575,2971 974,2971"/>
        <Baseline points="974,2903 1051,2903 1368,2916 2128,2922 2400,2924 2510,2925 2800,2929 3090,2934 3574,2951"/>
        <Word id="w_w2aab1b1b2c27b1ab1">
          <Coords points="974,2817 3575,2817 3575,2971 974,2971"/>
          <TextEquiv>
            <Unicode>CLI. Ne m’apprendras-tu point le crime qu'on m'impute,</Unicode>
          </TextEquiv>
        </Word>
      </TextLine>
    </TextRegion>
    <TextRegion type="paragraph" id="r_1_15" custom="readingOrder {index:14;}">
      <Coords points="1160,2945 3167,2945 3167,3093 1160,3093"/>
      <TextLine id="tl_17" primaryLanguage="English" custom="structure {type:default;} readingOrder {index:0;}">
        <Coords points="1161,2946 3166,2946 3166,3092 1161,3092"/>
        <Baseline points="1161,3037 1265,3035 1488,3037 1785,3045 2275,3049 2502,3051 2675,3054 3165,3054"/>
        <Word id="w_w2aab1b1b2c29b1ab1">
          <Coords points="1161,2946 3166,2946 3166,3092 1161,3092"/>
          <TextEquiv>
            <Unicode>Et quel laſche imposteur ainſi me perſecute?</Unicode>
          </TextEquiv>
          <TextStyle fontFamily="Times New Roman" fontSize="8.5"/>
        </Word>
      </TextLine>
    </TextRegion>
    <TextRegion type="paragraph" id="r_1_16" custom="readingOrder {index:15;}">
      <Coords points="977,3070 3438,3070 3438,3347 977,3347"/>
      <TextLine id="tl_18" primaryLanguage="English" custom="structure {type:default;} readingOrder {index:0;}">
        <Coords points="978,3071 3437,3071 3437,3220 978,3220"/>
        <Baseline points="978,3156 1071,3156 1866,3178 2022,3173 2391,3174 2569,3179 2818,3183 3135,3188 3436,3188"/>
        <Word id="w_w2aab1b1b2c31b1ab1">
          <Coords points="978,3071 3437,3071 3437,3220 978,3220"/>
          <TextEquiv>
            <Unicode>GEO, Descendons, un Prevoſt qui vous attend là-bas</Unicode>
          </TextEquiv>
        </Word>
      </TextLine>
      <TextLine id="tl_19" primaryLanguage="English" custom="structure {type:default;} readingOrder {index:1;}">
        <Coords points="1161,3200 3428,3200 3428,3346 1161,3346"/>
        <Baseline points="1161,3285 1399,3290 1733,3295 2035,3299 2239,3303 2475,3339 2941,3312 3103,3312 3235,3317 3427,3312"/>
        <Word id="w_w2aab1b1b2c31b3ab1">
          <Coords points="1161,3200 3428,3200 3428,3346 1161,3346"/>
          <TextEquiv>
            <Unicode>Vous pourra mieux que moy contenter ſur ce cas.</Unicode>
          </TextEquiv>
          <TextStyle fontFamily="Times New Roman" fontSize="8.5"/>
        </Word>
      </TextLine>
    </TextRegion>
    <TextRegion type="paragraph" id="r_1_17" custom="readingOrder {index:16;}">
      <Coords points="1510,3461 3378,3461 3378,3662 1510,3662"/>
      <TextLine id="tl_20" primaryLanguage="English" custom="structure {type:default;} readingOrder {index:0;}">
        <Coords points="1511,3462 3377,3462 3377,3661 1511,3661"/>
        <Baseline points="1511,3647 2753,3656 3375,3661"/>
        <Word id="w_w2aab1b1b2c33b1ab1">
          <Coords points="1511,3462 3377,3462 3377,3661 1511,3661"/>
          <TextEquiv>
            <Unicode>SCENE V.</Unicode>
          </TextEquiv>
          <TextStyle fontFamily="Times New Roman" fontSize="18.0"/>
        </Word>
      </TextLine>
    </TextRegion>
    <TextRegion type="paragraph" id="r_2_1" custom="readingOrder {index:17;}">
      <Coords points="1404,3820 3535,3820 3535,3967 1404,3967"/>
      <TextLine id="tl_21" primaryLanguage="English" custom="structure {type:default;} readingOrder {index:0;}">
        <Coords points="1405,3821 3534,3821 3534,3966 1405,3966"/>
        <Baseline points="1405,3926 1510,3926 1686,3927 1894,3929 2406,3933 2542,3934 2629,3959 3533,3942"/>
        <Word id="w_w2aab1b3b2b1b1ab1">
          <Coords points="1405,3821 3534,3821 3534,3966 1405,3966"/>
          <TextEquiv>
            <Unicode>PYMANTE, DORISE.</Unicode>
          </TextEquiv>
          <TextStyle fontFamily="Times New Roman" fontSize="11.0" italic="true"/>
        </Word>
      </TextLine>
    </TextRegion>
    <TextRegion type="paragraph" id="TextRegion_1546002438376_4578" custom="readingOrder {index:18;}">
      <Coords points="957,4075 3763,4075 3763,4356 957,4356"/>
      <TextLine id="line_1546002438450_4581" primaryLanguage="English" custom="structure {type:default;} readingOrder {index:0;} textStyle {offset:3; length:1;fontSize:0.0; kerning:0; superscript:true;}">
        <Coords points="957,4076 3499,4076 3497,4200 955,4200"/>
        <Baseline points="964,4162 1250,4165 1280,4123 1326,4318 1505,4318 1535,4168 1613,4166 1834,4172 2082,4176 2550,4183 2796,4183 3014,4183 3152,4188 3268,4193 3498,4201"/>
        <Word id="w_w2aab1b3b2b3b1b3b1">
          <Coords points="957,4076 3499,4076 3497,4200 955,4200"/>
          <TextEquiv>
            <Unicode>PYMa EN vain pour m'ébloüir vous uſez de la ruſe,</Unicode>
          </TextEquiv>
        </Word>
      </TextLine>
      <TextLine id="line_1546002438453_4583" primaryLanguage="English" custom="structure {type:default;} readingOrder {index:1;}">
        <Coords points="1533,4211 3763,4214 3768,4338 1532,4335"/>
        <Baseline points="1542,4295 1749,4295 2071,4310 2323,4340 2525,4309 2645,4308 2853,4322 3271,4317 3405,4312 3761,4335"/>
        <Word id="w_w2aab1b3b2b3b3b5b1">
          <Coords points="1533,4211 3763,4214 3768,4338 1532,4335"/>
          <TextEquiv>
            <Unicode>Mon esprit, quoy que lourd, aiſément ne s’abuſe,</Unicode>
          </TextEquiv>
        </Word>
      </TextLine>
    </TextRegion>
    <TextRegion type="" id="region_1546004731023_4932" custom="readingOrder {index:19;}">
      <Coords points="605,4088 933,4088 933,5159 605,5159"/>
      <TextLine id="line_1546004750634_4936" primaryLanguage="" custom="structure {type:default;} readingOrder {index:0;} textStyle {offset:0; length:1;fontSize:0.0; kerning:0; superscript:true;}">
        <Coords points="634,4105 917,4107 915,4203 632,4201"/>
        <Baseline points="634,4178 917,4180"/>
        <Word id="word_1546005200175_5105">
          <Coords points="634,4105 917,4107 915,4203 632,4201"/>
          <TextEquiv>
            <Unicode>a Il regar¬</Unicode>
          </TextEquiv>
        </Word>
      </TextLine>
      <TextLine id="line_1546004760135_4941" primaryLanguage="" custom="structure {type:default;} readingOrder {index:1;}">
        <Coords points="628,4205 931,4204 932,4273 629,4274"/>
        <Baseline points="629,4274 927,4273"/>
        <Word id="word_1546005138025_5088">
          <Coords points="628,4205 931,4204 932,4273 629,4274"/>
          <TextEquiv>
            <Unicode>de une ai¬</Unicode>
          </TextEquiv>
        </Word>
      </TextLine>
      <TextLine id="line_1546004765935_4946" primaryLanguage="" custom="structure {type:default;} readingOrder {index:2;}">
        <Coords points="623,4299 929,4297 929,4390 623,4392"/>
        <Baseline points="625,4370 929,4371"/>
        <Word id="word_1546005109016_5078">
          <Coords points="623,4299 929,4297 929,4390 623,4392"/>
          <TextEquiv>
            <Unicode>guille que</Unicode>
          </TextEquiv>
        </Word>
      </TextLine>
      <TextLine id="line_1546004771172_4951" primaryLanguage="" custom="structure {type:default;} readingOrder {index:3;}">
        <Coords points="625,4390 824,4390 824,4483 625,4483"/>
        <Baseline points="625,4462 821,4462"/>
        <Word id="word_1546005028415_5056">
          <Coords points="625,4390 824,4390 824,4483 625,4483"/>
          <TextEquiv>
            <Unicode>Doriſe</Unicode>
          </TextEquiv>
        </Word>
      </TextLine>
      <TextLine id="line_1546004777925_4956" primaryLanguage="" custom="structure {type:default;} readingOrder {index:4;}">
        <Coords points="622,4490 794,4488 795,4560 623,4562"/>
        <Baseline points="624,4559 796,4557"/>
        <Word id="word_1546005053092_5061">
          <Coords points="622,4490 794,4488 795,4560 623,4562"/>
          <TextEquiv>
            <Unicode>avoit</Unicode>
          </TextEquiv>
        </Word>
      </TextLine>
      <TextLine id="line_1546004789896_4963" primaryLanguage="" custom="structure {type:default;} readingOrder {index:5;}">
        <Coords points="623,4581 928,4584 929,4675 624,4672"/>
        <Baseline points="625,4654 928,4657"/>
        <Word id="word_1546005071272_5067">
          <Coords points="623,4581 928,4584 929,4675 624,4672"/>
          <TextEquiv>
            <Unicode>laißée par</Unicode>
          </TextEquiv>
        </Word>
      </TextLine>
      <TextLine id="line_1546004794468_4968" primaryLanguage="" custom="structure {type:default;} readingOrder {index:6;}">
        <Coords points="623,4675 879,4675 882,4774 626,4774"/>
        <Baseline points="625,4753 881,4753"/>
        <Word id="word_1546004961871_5039">
          <Coords points="623,4675 879,4675 882,4774 626,4774"/>
          <TextEquiv>
            <Unicode>mégarde</Unicode>
          </TextEquiv>
        </Word>
      </TextLine>
      <TextLine id="line_1546004798775_4973" primaryLanguage="" custom="structure {type:default;} readingOrder {index:7;}">
        <Coords points="624,4777 866,4776 868,4867 626,4868"/>
        <Baseline points="626,4847 868,4846"/>
        <Word id="word_1546004931507_5030">
          <Coords points="624,4777 866,4776 868,4867 626,4868"/>
          <TextEquiv>
            <Unicode>dans ſes</Unicode>
          </TextEquiv>
        </Word>
      </TextLine>
      <TextLine id="line_1546004804246_4978" primaryLanguage="" custom="structure {type:default;} readingOrder {index:8;}">
        <Coords points="624,4871 885,4869 887,4939 626,4941"/>
        <Baseline points="625,4940 886,4938"/>
        <Word id="word_1546004926116_5027">
          <Coords points="624,4871 885,4869 887,4939 626,4941"/>
          <TextEquiv>
            <Unicode>cheveux</Unicode>
          </TextEquiv>
        </Word>
      </TextLine>
      <TextLine id="line_1546004818085_4985" primaryLanguage="" custom="structure {type:default;} readingOrder {index:9;}">
        <Coords points="621,4959 933,4960 933,5050 621,5049"/>
        <Baseline points="621,5034 932,5031"/>
        <Word id="word_1546004905558_5017">
          <Coords points="621,4959 933,4960 933,5050 621,5049"/>
          <TextEquiv>
            <Unicode>en ſe dé¬</Unicode>
          </TextEquiv>
        </Word>
      </TextLine>
      <TextLine id="line_1546004824808_4990" primaryLanguage="" custom="structure {type:default;} readingOrder {index:10;}">
        <Coords points="614,5059 865,5061 863,5155 612,5153"/>
        <Baseline points="614,5127 865,5129"/>
        <Word id="word_1546004856218_5002">
          <Coords points="614,5059 865,5061 863,5155 612,5153"/>
          <TextEquiv>
            <Unicode>guiſant.</Unicode>
          </TextEquiv>
        </Word>
      </TextLine>
    </TextRegion>
    <TextRegion type="paragraph" id="TextRegion_1546002422976_4566" custom="readingOrder {index:20;}">
      <Coords points="1136,4297 3322,4297 3322,4506 1136,4506"/>
      <TextLine id="line_1546002423051_4569" primaryLanguage="English" custom="structure {type:default;} readingOrder {index:0;}">
        <Coords points="1136,4333 3321,4333 3324,4476 1139,4476"/>
        <Baseline points="1136,4443 1342,4416 1362,4450 1416,4418 1706,4421 1880,4424 2218,4429 2270,4433 2372,4432 2488,4433 2618,4432 2848,4438 3032,4437 3272,4439 3320,4437"/>
        <Word id="w_w2aab1b3b2b5b1b3b1">
          <Coords points="1136,4333 3321,4333 3324,4476 1139,4476"/>
          <TextEquiv>
            <Unicode>ce que vous me cachez, je le lis dans vos yeux:</Unicode>
          </TextEquiv>
        </Word>
      </TextLine>
    </TextRegion>
    <TextRegion type="paragraph" id="r_2_4" custom="readingOrder {index:21;}">
      <Coords points="1135,4442 3435,4435 3435,4593 1135,4600"/>
      <TextLine id="tl_25" primaryLanguage="English" custom="structure {type:default;} readingOrder {index:0;}">
        <Coords points="1137,4451 3434,4454 3434,4583 1137,4580"/>
        <Baseline points="1156,4543 1537,4545 1825,4552 2235,4557 2479,4557 2861,4562 3001,4561 3155,4562 3433,4576"/>
        <Word id="w_w2aab1b3b2b7b1b1b3">
          <Coords points="1137,4451 3434,4454 3434,4583 1137,4580"/>
          <TextEquiv>
            <Unicode>Quelque revers d’amour vous conduit en ces lieux,</Unicode>
          </TextEquiv>
        </Word>
      </TextLine>
    </TextRegion>
    <TextRegion type="paragraph" id="TextRegion_1546002358341_4505" custom="readingOrder {index:22;}">
      <Coords points="942,4573 3478,4573 3478,5231 942,5231"/>
      <TextLine id="line_1546002358424_4508" primaryLanguage="English" custom="structure {type:default;} readingOrder {index:0;}">
        <Coords points="1149,4576 3477,4574 3477,4729 1149,4731"/>
        <Baseline points="1149,4669 1467,4669 1638,4674 1910,4686 2409,4678 2528,4681 2872,4686 3112,4692 3476,4695"/>
        <Word id="w_w2aab1b3b2b9b1b1b3">
          <Coords points="1149,4576 3477,4574 3477,4729 1149,4731"/>
          <TextEquiv>
            <Unicode>N'eſt-il pas vray, Monſieur? &amp; meſme cette aiguille</Unicode>
          </TextEquiv>
        </Word>
      </TextLine>
      <TextLine id="line_1546002358427_4510" primaryLanguage="English" custom="structure {type:default;} readingOrder {index:1;}">
        <Coords points="1140,4699 3094,4700 3094,4842 1140,4841"/>
        <Baseline points="1153,4794 1339,4794 1577,4794 1727,4797 2083,4804 2221,4807 2613,4810 2863,4816 3093,4834"/>
        <Word id="w_w2aab1b3b2b9b3b2b1">
          <Coords points="1140,4699 3094,4700 3094,4842 1140,4841"/>
          <TextEquiv>
            <Unicode>Sent aſſez les faveurs de quelque belle fille;</Unicode>
          </TextEquiv>
        </Word>
      </TextLine>
      <TextLine id="line_1546002358430_4512" primaryLanguage="English" custom="structure {type:default;} readingOrder {index:2;}">
        <Coords points="1139,4822 3183,4822 3183,4980 1139,4980"/>
        <Baseline points="1144,4920 1318,4918 1506,4931 1662,4922 1772,4923 1942,4927 2332,4944 2480,4937 2724,4939 2862,4940 2974,4941 3182,4938"/>
        <Word id="w_w2aab1b3b2b9b5b2b1">
          <Coords points="1139,4822 3183,4822 3183,4980 1139,4980"/>
          <TextEquiv>
            <Unicode>Elle eſt, ou je me trompe, un gage de ſa foy.</Unicode>
          </TextEquiv>
        </Word>
      </TextLine>
      <TextLine id="line_1546002358432_4514" primaryLanguage="English" custom="structure {type:default;} readingOrder {index:3;}">
        <Coords points="950,4950 3468,4950 3468,5103 950,5103"/>
        <Baseline points="949,5043 1364,5042 1959,5055 2323,5062 2381,5070 2639,5064 2679,5056 2886,5062 3067,5065 3205,5069 3467,5069"/>
        <Word id="w_w2aab1b3b2b9b7ac21">
          <Coords points="950,4950 3468,4950 3468,5103 950,5103"/>
          <TextEquiv>
            <Unicode>DOR. O malheureuſe aiguille, helas! c'eſt fait de moy.</Unicode>
          </TextEquiv>
        </Word>
      </TextLine>
      <TextLine id="line_1546002358434_4516" primaryLanguage="English" custom="structure {type:default;} readingOrder {index:4;}">
        <Coords points="942,5062 3433,5062 3433,5230 942,5230"/>
        <Baseline points="963,5164 1484,5171 1764,5175 2066,5182 2328,5186 2409,5184 2538,5189 2760,5189 2965,5191 3040,5189 3432,5190"/>
        <Word id="w_w2aab1b3b2b9b9ac17">
          <Coords points="942,5062 3433,5062 3433,5230 942,5230"/>
          <TextEquiv>
            <Unicode>PYM. Sans doute voſtre playe à ce mot s’eſt r'ouverte.</Unicode>
          </TextEquiv>
        </Word>
      </TextLine>
    </TextRegion>
    <TextRegion type="paragraph" id="r_2_6" custom="readingOrder {index:23;}">
      <Coords points="1142,5203 3455,5203 3455,5354 1142,5354"/>
      <TextLine id="tl_31" primaryLanguage="English" custom="structure {type:default;} readingOrder {index:0;}">
        <Coords points="1143,5204 3454,5204 3454,5353 1143,5353"/>
        <Baseline points="1143,5291 1607,5310 2293,5309 2475,5313 2893,5328 3035,5319 3151,5318 3454,5315"/>
        <Word id="w_w2aab1b3b2c11b1ab1">
          <Coords points="1143,5204 3454,5204 3454,5353 1143,5353"/>
          <TextEquiv>
            <Unicode>Monſieur, regrettez-vous ſon abſence, ou ſa perte?</Unicode>
          </TextEquiv>
          <TextStyle fontFamily="Times New Roman" fontSize="8.5"/>
        </Word>
      </TextLine>
    </TextRegion>
    <TextRegion type="paragraph" id="r_2_7" custom="readingOrder {index:24;}">
      <Coords points="1139,5329 3114,5329 3114,5477 1139,5477"/>
      <TextLine id="tl_32" primaryLanguage="English" custom="structure {type:default;} readingOrder {index:0;}">
        <Coords points="1140,5330 3113,5330 3113,5476 1140,5476"/>
        <Baseline points="1140,5413 1380,5416 1888,5430 2114,5430 2364,5434 2516,5439 2786,5441 3112,5452"/>
        <Word id="w_w2aab1b3b2c13b1ab1">
          <Coords points="1140,5330 3113,5330 3113,5476 1140,5476"/>
          <TextEquiv>
            <Unicode>Vous auroit-elle bien pour un autre quitté,</Unicode>
          </TextEquiv>
          <TextStyle fontFamily="Times New Roman" fontSize="8.5"/>
        </Word>
      </TextLine>
    </TextRegion>
    <TextRegion type="paragraph" id="r_2_8" custom="readingOrder {index:25;}">
      <Coords points="1138,5447 2775,5447 2775,5588 1138,5588"/>
      <TextLine id="tl_33" primaryLanguage="English" custom="structure {type:default;} readingOrder {index:0;}">
        <Coords points="1139,5448 2774,5448 2774,5587 1139,5587"/>
        <Baseline points="1139,5537 1244,5537 1470,5541 1657,5546 2017,5553 2293,5563 2724,5563 2774,5559"/>
        <Word id="w_w2aab1b3b2c15b1ab1">
          <Coords points="1139,5448 2774,5448 2774,5587 1139,5587"/>
          <TextEquiv>
            <Unicode>Et payé vos ardeurs d'une infidelité?</Unicode>
          </TextEquiv>
          <TextStyle fontFamily="Times New Roman" fontSize="8.5"/>
        </Word>
      </TextLine>
    </TextRegion>
    <TextRegion type="paragraph" id="r_2_9" custom="readingOrder {index:26;}">
      <Coords points="1143,5571 3376,5571 3376,5733 1143,5733"/>
      <TextLine id="tl_34" primaryLanguage="English" custom="structure {type:default;} readingOrder {index:0;}">
        <Coords points="1144,5572 3375,5572 3375,5732 1144,5732"/>
        <Baseline points="1144,5661 1381,5666 1511,5665 1950,5675 2270,5679 2346,5688 2578,5688 3374,5700"/>
        <Word id="w_w2aab1b3b2c17b1ab1">
          <Coords points="1144,5572 3375,5572 3375,5732 1144,5732"/>
          <TextEquiv>
            <Unicode>Vous ne répondez point! cette longueur confuſe,</Unicode>
          </TextEquiv>
        </Word>
      </TextLine>
    </TextRegion>
    <TextRegion type="paragraph" id="r_2_10" custom="readingOrder {index:27;}">
      <Coords points="1142,5703 3527,5703 3527,5844 1142,5844"/>
      <TextLine id="tl_35" primaryLanguage="English" custom="structure {type:default;} readingOrder {index:0;}">
        <Coords points="1143,5704 3526,5704 3526,5843 1143,5843"/>
        <Baseline points="1143,5813 1402,5826 1596,5794 1839,5798 2087,5804 2445,5825 2947,5817 3191,5821 3525,5813"/>
        <Word id="w_w2aab1b3b2c19b1ab1">
          <Coords points="1143,5704 3526,5704 3526,5843 1143,5843"/>
          <TextEquiv>
            <Unicode>Quoy que vous vous taiſiez, clairement vous accuſe.</Unicode>
          </TextEquiv>
          <TextStyle fontFamily="Times New Roman" fontSize="8.5"/>
        </Word>
      </TextLine>
    </TextRegion>
    <SeparatorRegion id="r_3" custom="readingOrder {index:28;}">
            <Coords points="4163,147 4199,147 4199,1159 4163,1159"/>
        </SeparatorRegion>
    <SeparatorRegion id="r_4" custom="readingOrder {index:29;}">
            <Coords points="4171,1679 4191,1679 4191,2635 4171,2635"/>
        </SeparatorRegion>
    <SeparatorRegion id="r_5" custom="readingOrder {index:30;}">
            <Coords points="4164,6015 4202,6015 4202,6683 4164,6683"/>
        </SeparatorRegion>
  </Page>
</PcGts>
