4267 6701
873 459 997 521 10

1789 401 2917 529 MELITE,

1057 585 3125 709 Et les meilleurs amis lors que ſon feu les preſſe

1057 707 3095 831 Font bien-toſt vanité d'oublier leur promeſſe.

1446 978 3214 1154 SCENE IV

1118 1298 3562 1430 PHILANDRE, CLORIS.

879 1567 3235 1805 PHI. IE meure, mon ſoucy, tu dois bien me haïr,

1285 1677 3431 1817 Tous mes ſoins depuis peu ne vont qu'à te trahir.

879 1815 3011 1939 CLO. Ne m'épouvante point, à ta mine je penſe

1069 1933 3181 2061 Que le pardon ſuivra de fort prés cette offenſe,

1069 2059 3221 2183 Si-toſt que j'auray ſçeu quel eſt ce mauvais tour.

883 2187 3401 2309 PHI. Sçache donc qu’il ne vient ſinon de trop d’amour.

881 2309 3199 2435 CLO. I’euſſe oſé le gager, qu'ainſi par quelque ruſe

1069 2431 2937 2553 Ton crime officieux porteroit ſon excuſe.

887 2557 3169 2681 PHI. Ton adorable objet, mon unique vainqueur,

1069 2679 3343 2803 Fait naiſtre chaque jour tant de feux en mon cœur,

1073 2801 3439 2921 Que leur excez m’accable, & que pour m’en défaire

1069 2923 3209 3051 I'y cherche des defauts qui puiſſent me déplaire:

1073 3045 3017 3173 I'examine ton teint dont l'éclat me ſurprit,

1073 3173 3187 3295 Tes traits de ton viſage, & ceux de ton esprit,

1073 3295 3383 3417 Mais je n’en puis trouver un ſeul qui ne me charme

891 3421 3103 3539 CLO. Et moy je ſuis ravie, aprés ce peu d’alarme,

1073 3543 3059 3671 Qu'ainſi tes ſens trompez te puiſſent obliger

1083 3665 2933 3793 A cherir ta Cloris, & jamais ne changer.

899 3787 3051 3907 PHI. Ta beauté te répond de ma perſeverance,

1083 3905 3257 4029 Et ma foy qui t'en donne une entiere aſſeurance.

899 4031 3085 4159 CLO. Voila fort doucement dire que ſans ta foy

1091 4153 3033 4277 Ma beauté ne pourroit te conſerver à moy.

905 4281 3025 4399 PHI. Ie traiterois trop mal une telle Maiſtreſſe,

1091 4403 3169 4525 De l’aimer ſeulement pour tenir ma promeſſe,

1091 4525 2959 4647 Ma paſſion en eſt la cauſe, & non l'effet;

1095 4651 3021 4775 Outre que tu n'as rien qui ne soit ſi parfait,

1095 4773 3229 4897 Qu'on ne peut te ſervir, ſans voir ſur ton viſage

1095 4895 3299 5019 Dequoy rendre constant l’homme le plus volage.

913 5021 3181 5141 CLO. Ne m'en conte point tant de ma perfection,

1099 5145 2837 5241 Tu dois eſtre aſſeuré de mon affection,

1099 5267 2899 5389 Et tu perds tout l’effort de ta galanterie

1105 5389 2855 5511 Si tu crois l’augmenter par une flaterie.

1105 5511 2915 5633 Vne fauſſe loüange eſt un blaſme ſecret,

1105 5633 3169 5761 Epargne-moy, de grace, & ſonge plus discret,
