4267 6593
747 339 2745 462 xxx EXAMEN

748 501 3791 663 l'effet, ne ſoit point achevé, & qu’il luy falloit quelque couſine de Me¬

752 625 3792 773 lite, ou quelque ſœur d’Eraste, pour le reünir avec les autres. Mais

747 741 3794 895 deſlors je ne m’aſſujettiſſois pas tout à fait à cette mode, & me contentay

751 855 3791 1011 de faire voir l'aſſiette de ſon esprit, ſans prendre ſoin de le pourvoir d'une

754 1007 1317 1122 autre femme.

890 1106 3804 1245 Quant à la durée de l’action, il eſt aſſez viſible qu'elle paſſe l'unité

751 1225 3806 1367 de jour, mais ce n'en eſt pas le ſeul defaut; il y a de plus une inégalité

748 1347 3801 1491 d'intervalle entre les Actes qu’il faut éviter. Il doit s’eſtre paſsé huit ou

752 1469 3799 1617 quinze jours entre le premier & le ſecond, & autant entre le ſecond &

751 1589 3796 1731 le troiſiéme; mais du troiſiéme au quatriéme il n'eſt pas beſoin de plus

747 1709 3803 1849 d’une heure, & il en faut encor moins entre les deux derniers, de peur

748 1829 3801 1969 de donner le temps de ſe rallentir à cette chaleur, qui jette Eraste dans

748 1949 3804 2101 l’égarement d’esprit. Ie ne ſçay meſme ſi les Perſonnages qui paroiſſent

747 2073 3796 2215 deux fois dans un meſme Acte (posé que cela ſoit permis, ce que j'exa¬

747 2187 3799 2337 mineray ailleurs) je ne ſçay, dis-je, s’ils ont le loiſir d’aller d’un quar¬

744 2317 3819 2457 tier de la Ville à l’autre, puisque ces quartiers doivent eſtre ſi éloigneZ

748 2435 3792 2575 l’un de l’autre, que les Acteurs ayent lieu de ne pas s'entreconnoiſtre.

747 2557 3798 2699 Au premier Acte, Tïrcis après avoir quitté Melite cheZ elle, n'a que

747 2677 3797 2817 le temps d'environ ſoixante vers pour aller cheZ luy, où il rencontre

744 2797 3799 2939 Philandre avec ſa ſœur, & n'en a guere davantage au ſecond à refai¬

752 2917 3798 3059 re le meſme chemin. le ſçay bien que la repreſentation racourcit la

743 3039 3794 3179 durée de l’action, & qu'elle fait voir en deux heures, ſans ſortir de la

742 3159 3797 3305 Regle, ce qui ſouvent a beſoin d’un jour entier pour s’effectuer: mais

734 3281 3799 3421 je voudrois, que pour mettre les choſes dans leur justeſſe, ce raccour¬

743 3403 3798 3547 ciſſement ſe ménageaſt dans les intervalles des Actes, & que le temps

743 3521 3801 3669 qu’il faut perdre s'y perdiſt, en ſorte que chaque Acte n'en euſt pour

744 3645 3791 3789 la partie de l’action qu’il repreſente, que ce qu’il en faut pour ſa repre¬

712 3773 1138 3893 ſentation.

893 3890 3794 4031 Ce coup d’eſſay a ſans doute encor d’autres irregularitez, mais je ne

747 4011 3791 4151 m’attache pas à les examiner ſi ponctuellement, que je m’obstine à n’en

746 4123 3795 4273 vouloir oublier aucune: je penſe avoir marqué les plus notables, & pour

734 4253 3780 4397 peu que le Lecteur aye d'indulgence pour moy, j’espere qu’il ne s’offence¬

743 4373 2586 4508 ra pas d’un peu de negligence pour le reste.

1588 4739 2924 4853 CLITANDRE.

750 4973 3771 5225 VN voyage que je fis à Paris pour voir le ſuccès de Melite, m'ap¬

988 5099 3779 5243 prit qu'elle n’étoit pas dans les vingt & quatre heures. C’étoit

739 5215 3772 5369 l'unique Regle que l’on connûſt en ce temps-là. I’entendis que ceux du

741 5339 3765 5489 métier la blâmoient de peu d’effets, & de ce que le ſtile en étoit trop fa¬

734 5455 3765 5607 milier. Pour la iustifier contre cette cenſure par une espece de bravade,
