4267 6647
3163 441 3325 529 77

1311 399 2443 503 TRAGEDIE.

619 577 2577 693 A mon empreſſement pardonnez cét Adieu,

615 693 2701 815 Ie perdrois trop, Monſieur, à tarder en ce lieu.

433 819 2563 941 DOR. Amy, qui que tu ſois, ſi ton ame ſenſible

615 939 2459 1057 A la compaſſion peut ſe rendre acceſſible,

611 1061 2623 1183 Vn jeune Gentilhomme implore ton ſecours;

615 1181 2893 1309 Prens pitié de mes maux pour trois ou quatre jours,

611 1307 2559 1425 Durant ce peu de temps accorde une retraite

611 1429 2645 1547 Sous ton chaume rustique à ma fuite ſecrette,

607 1549 2541 1671 D’un ennemy puiſſant la haine me pourſuit,

611 1671 2515 1797 Et n'ayant pû qu'à peine éviter cette nuit...

429 1797 2623 1919 PYM. L'affaire qui me preſſe eſt aſſez importante

607 1917 3069 2039 Pour ne pouvoir, Monſieur, répondre à voſtre attente;

607 2043 2715 2139 Mais ſi vous me donniez le loiſir d’un moment,

607 2159 2571 2281 Ie vous aſſeurerois d’eſtre icy promptement,

607 2285 2247 2407 Et j’estime qu’alors il me ſeroit facile

607 2407 2481 2529 Contre cét ennemy de vous faire un azile.

425 2527 2749 2655 DOR. Mais avant ton retour ſi quelque instant fatal

607 2653 2697 2775 M’expoſoit par malheur aux yeux de ce brutal,

597 2779 2681 2897 Et que l’emportement de ſon humeur altiere...

425 2899 2831 2995 PYM. Pour ne rien hazarder, cachez-vous là derriere.

425 3021 2815 3147 DOR. Souffre que je te ſuive, & que mes tristes pas...

425 3143 2969 3269 PYM. I’ay des ſecrets, Monſieur, qui ne le ſouffrent pas,

601 3263 2995 3389 Et ne puis rien pour vous à moins que de m’attendre,

611 3393 2411 3511 Aviſez au party que vous avez à prendre.

425 3509 3213 3633 DOR. Va donc, je t’attendray. PYM. Cette touſſe d’ormeaux

601 3635 2745 3753 Vous pourra cependant couvrir de ſes rameaux.

964 3892 2924 4084 SCENE VIII.

1213 4229 2473 4337 PYMANTE.

603 4483 2793 4711 ENfin, graces au Ciel, ayant ſçeu m’en défaire

823 4609 2529 4727 Ie puis ſeul aviſer à ce que je dois faire.

601 4731 2347 4853 Qui qu'il ſoit, il a veu Roſidor attaqué,

601 4847 2693 4969 Et ſçait aſſeurément que nous l’avons manqué:

601 4969 2809 5091 N’en étant point connu, je n’en ay rien à craindre,

601 5089 2737 5215 Puisqu’ainſi déguiſé, tout ce que je veux feindre

607 5211 2593 5333 Sur ſon esprit credule obtient un tel pouvoir.

607 5331 2585 5469 Toutefois plus j’y ſonge, & plus je penſe voir

607 5453 2571 5579 Par quelque grand effet de vangeance divine

607 5579 2507 5671 En ce foible témoin l’autheur de ma ruïne;

2723 5691 2931 5805 K iij
