4267 6540
3228 331 3349 460 vij

676 1303 3055 1572 DISCOVRS

379 1661 3372 1813 DE L’VTILITÉ ET DES PARTIES

517 1887 3194 2076 DV POËME DRAMATIQVE

1199 2282 3383 2436 BIEN que ſelon Aristote le ſeul but de la Poëſie

1205 2408 3384 2558 Dramatique ſoit de plaire aux Spectateurs, que

1200 2524 3387 2674 la pluspart de ces Poëmes leur ayent plû, je veux

1202 2646 3395 2794 bien avoüer toutefois que beaucoup d'entr'eux n'ont

1205 2768 3388 2906 pas atteint le but de l'Art. Il ne faut pas préten¬

1205 2884 3388 3034 dre, dit ce Philoſophe, que ce genre de Poëſie nous

1204 3006 3395 3150 donne toute forte de plaiſir, mais ſeulement celuy

388 3124 3397 3284 qui luy eſt propre; & pour trouver ce plaiſir qui luy eſt propre, & le

391 3237 3404 3400 donner aux Spectateurs, il faut ſuivre les Preceptes de l Art, eſt leur

378 3364 3402 3524 plaire ſelon ſes Regles. Il eſt constant qu'il y a des Preceptes, puis¬

396 3480 3399 3640 qu'il y a un Art, mais il n'eſt pas constant quels ils ſont. On con¬

395 3594 3401 3756 vient du nom ſans convenir de la chofe & on s’accorde ſur les paro¬

399 3716 3404 3878 les, pour contester ſur leur ſignification. Il faut obſerver l’unité d’a¬

400 3837 3410 3996 ction, de lieu, & de jour, perſonne n'en doute; mais ce n'eſt pas une

392 3951 3411 4116 petite difficulté de ſçavoir ce que c'eſt que cette unité d’action, &

405 4071 3414 4236 jusques où peut s’étendre cette unité de jour, & de lieu. Il faut que

409 4191 3416 4354 le Poëte traite ſon Sujet ſelon le vray-ſemblable & le neceſſaire;

408 4315 3421 4470 Aristote le dit, & tous ſes interpretes repetent les meſmes mots, qui

413 4425 3427 4590 leur ſemblent ſi clairs & ſi intelligibles, qu'aucun d'eux n'a daigné

417 4547 3422 4712 nous dire, non-plus que luy, ce que c'eſt que ce vray-ſemblable, &

420 4673 3428 4830 ce neceſſaire. Beaucoup meſme ont ſi peu confideré ce dernier, qui ac¬

418 4783 3427 4948 compagne toujours l’autre cheZ ce Philoſophe, horſmis une feule fois,

421 4901 3433 5068 où il parle de la Comedie, qu'on en eſt venu jusqu’à établir une

421 5027 3426 5194 Maxime tres-fauſſe, qu'il faut que le Sujet d'une Tragedie ſoit vray¬

426 5131 3430 5308 ſemblable; appliquant ainſi aux conditions du Sujet la moitié de ce

434 5255 3431 5428 qu'il a dit de la maniere de le traiter. Ce n'eſt pas qu'on ne puiſſe

423 5375 3434 5544 faire une Tragedie d'un Sujet purement vray-ſemblable, il en donne
