4267 6626
1330 395 2502 493 COMEDIE.

3304 426 3366 514 9

1043 651 2831 829 SCENE III

883 994 2995 1125 ERASTE, TIRCIS.

504 1293 3249 1415 ERA. Aintenant ſuis-je vn foû? meritay-je du blaſme?

1116 1397 3189 1541 Que dis-tu de l'objet, que dis-tu de ma flame?

509 1536 2927 1669 TlR. Que veux-tu que j'en die ? elle a je ne ſçay quoy

691 1658 2749 1786 Qui ne peut conſentir que l'on demeure à ſoy;

683 1782 2835 1908 Mon cœur jusqu'à preſent à l'amour invincible,

683 1905 2939 2026 Ne ſe maintient qu'à force aux termes d'inſenſible,

687 2032 2742 2150 Tout autre que Tircis mourroit pour la servir.

506 2148 2818 2273 ERA. Confeſſe franchement qu'elle a ſçeu te ravir,

686 2274 2870 2400 Mais que tu ne veux pas prendre pour cette belle

686 2394 2520 2496 Avec le nom d'amant le tiltre d’infidelle.

686 2514 2788 2646 Rien que noſtre amitié ne t'en peut détourner;

686 2644 2542 2736 Mais ta Muſe du moins facile à ſuborner

686 2764 2482 2892 Avec plaiſir déja prépare quelques veilles

690 2886 2771 3012 A de puissants efforts pour de telles merveilles.

501 3010 2577 3139 TIR. En effet ayant veu tant & de tels appas,

683 3136 2607 3256 Que je ne rime point, je ne le promets pas.

505 3253 2999 3383 ERA. Tes feux n’iront-ils point plus avant que la rime?

505 3378 2801 3501 TIR. Si je bruſle jamais, je veux bruſler ſans crime.

505 3504 2711 3627 ERA. Mais ſi ſans y penſer tu te trouvois ſurpris?

505 3611 3026 3743 TIR. Quitte pour décharger mon coeur dans mes écrits.

684 3740 2874 3860 I'aime bien ces discours de plaintes, & d’alarmes,

682 3861 2996 3988 De soûpirs, de ſanglots, de tourmens, & de larmes,

690 3986 2806 4108 C’eſt dequoy fort ſouvent je baſtis ma chanſon,

686 4106 2866 4230 Mais j'en connoy, ſans plus, la cadence & le ſon.

694 4228 2844 4352 Souffre qu'en un Sonnet je m'efforce à dépeindre

686 4352 2556 4476 Cét agréable feu que tu ne peux éteindre,

686 4476 2651 4594 Tu le pourras donner comme venant de toy.

509 4594 2793 4719 ERA. Ainſi ce cœur d’acier qui me tient ſous ſa loy

687 4718 2667 4840 Verra ma paſſion pour le moins en peinture:

687 4836 2607 4960 Ie doute neanmoins qu'en cette portraiture

691 4960 2565 5080 Tu ne ſuives plûtoſt tes propres ſentimens.

509 5080 2719 5205 TIR. Me prépare le Ciel de nouveaux châtimens

695 5204 2742 5328 Si jamais un tel crime entre dans mon courage.

510 5326 2802 5453 ERA. Adieu, je ſuis content, j'ay ta parole en gage,

690 5448 2704 5572 Et ſçay trop que l’honneur t’en fera ſouvenir.

508 5564 2650 5699 TIR.a En matiere d’amour rien n’oblige à tenir,

812 5682 2934 5778 Tome I. B

3412 5582 3615 5647 a Seul.
