4267 6626
1318 358 2493 455 COMEDIE.

3239 397 3358 506 13

500 527 3110 650 PHI.a C’eſt donc ainſi qu'on quitte un amant pour un frere!

496 647 2426 771 CLO. Philandre, avoir un peu de curioſité,

674 773 2500 895 Ce n'eſt pas envers toy grande infidélité:

674 893 2766 1013 Souffre que je deſrobe un moment à ma flame

670 1013 2780 1137 Pour lire malgré luy jusqu’au fond de ſon ame,

663 1139 2548 1259 Nous en rirons aprés enſemble, ſi tu veux.

489 1255 2951 1385 PHI. Quoy, c’eſt-là tout l'état que tu fais de mes feux!

483 1381 2599 1503 CLO. Ie ne t’aime pas moins pour eſtre curieuſe,

657 1501 2861 1627 Et ta flame à mon cœur n’eſt pas moins precieuſe,

661 1631 2663 1735 Conſerve-moy le tien, & ſois ſeur de ma foy.

479 1751 2891 1877 PHI. Ah folle, qu’en t’aimant, il faut ſouffrir de toy!

3382 613 3684 677 a il retient

3387 708 3684 789 Cloris qui

3382 798 3641 880 ſuit ſon

3378 884 3543 971 frere.

2748 5591 2960 5709 B iij
