4267 6763
949 463 1097 569 78

1735 427 3163 547 CLITANDRE,

1149 603 3291 723 Son indice douteux, pour peu qu’il ait de jour,

1145 727 3097 855 N’éclaircira que trop mon forfait à la Cour.

1149 851 3423 983 Simple, j'ay peur encor que ce malheur m'avienne,

1145 979 2907 1103 Et je puis éviter ma perte par la ſienne!

1145 1097 3149 1225 Et meſmes on diroit qu’un antre tout exprès

1149 1225 3079 1357 Me garde mon épée au fond de ces foreſts.

1149 1347 3281 1473 C’eſt en ce lieu fatal qu’il me le faut conduire,

1149 1475 3463 1599 C’eft là qu’un heureux coup l’empeſche de me nuire,

1145 1599 2965 1723 Ie ne m’y puis reſoudre, un reste de pitié

1149 1723 2965 1821 Violente mon cœur à des traits d’amitié,

1145 1845 3221 1965 En vain je luy reſiste, & taſche à me défendre

1149 1969 3471 2093 D’un ſecret mouvement que je ne puis comprendre,

1159 2091 3071 2221 Son âge, ſa beauté, ſa grace, ſon maintien,

1149 2219 3189 2339 Forcent mes ſentimens à luy vouloir du bien,

1149 2343 3071 2467 Et l’air de fon viſage a quelque mignardiſe

1149 2461 2855 2587 Qui ne tire pas mal à celle de Doriſe.

1155 2589 3269 2713 Ah! que tant de malheurs m’auroient favoriſé,

1155 2713 2885 2837 Si c'étoit elle-meſme en habit déguiſé!

1149 2837 3067 2957 I’en meurs déja de joye, & mon ame ravie

1155 2959 2899 3061 Abandonne le ſoin du reste de ma vie,

1149 3083 3171 3207 Ie ne ſuis plus à moy, quand je viens à penſer

1155 3211 2987 3331 A quoy l’occaſion me pourroit dispenſer.

1149 3329 3573 3457 Quoy qu’il en ſoit, voyant tant de ſes traits enſemble,

1149 3457 3031 3581 Ie porte du respect à ce qui luy reſſemble.

1273 3581 3171 3705 Miſerable Pymante, ainſi donc tu te pers!

1149 3703 3221 3827 Encor qu’il tienne un peu de celle que tu ſers,

1149 3827 2947 3947 Etouffe ce témoin pour aſſeurer ta teſte:

1159 3951 3215 4075 S’il eſt, comme il le dit, batu d'une tempeſte,

1159 4073 3325 4203 Au lieu qu’en ta cabane il cherche quelque port,

1159 4201 3229 4321 Fay que dans cette grotte il rencontre ſa mort.

1159 4325 2881 4445 Modere toy, cruel, & plûtoſt examine

1163 4447 3149 4567 Sa parole, ſon teint, & ſa taille, & ſa mine;

1163 4571 2947 4695 Si c’eſt Doriſe, alors revoque cét arreſt,

1163 4695 2873 4819 Sinon, que la pitié cede à ton intereſt.
