4267 6540
911 352 3481 523 DV POEME DRAMATIQVE. ix

591 515 3480 689 Ie hazarderay quelque choſe ſur trente ans de travail pour la Scene,

481 626 3488 811 & en diray mes pensées tout ſimplement, ſans esprit de contestation

477 752 3489 943 qui m'engage à les ſoûtenir, & ſans pretendre que perſonne renonce en

485 895 2273 1055 ma faveur à celles qu’il en aura conceuës.

621 996 3494 1167 Ainſi ce que j'ay avancé dès l'entrée de ce Discours, que la Poëſie

483 1116 3503 1291 Dramatique a pour but le ſeul plaiſir des Spectateurs, n'eſt pas pour

487 1238 3503 1419 l'emporter opiniaſtrement ſur ceux qui penſent ennoblir l'Art, en luy

485 1354 3497 1533 donnant pour objet, de profiter auſſi-bien que de plaire. Cette dispute

489 1474 3501 1655 meſme ſeroit très-inutile, puisqu'il eſt impoſſible de plaire ſelon les Re¬

475 1596 3505 1781 gles, qu’il ne s’y rencontre beaucoup d'utilité. Il eſt vray qu'Aristote

499 1708 3505 1891 dans tout ſon Traité de la Poëtique n’a jamais employé ce mot une ſeu¬

497 1836 3513 2017 le fois; qu’il attribuë l’origine de la Poëſie au plaiſir que nous prenons

501 1958 3513 2133 à voir imiter les actions des hommes; qu’il préfere la partie du Poëme

505 2076 3503 2263 qui regarde le Sujet à celle qui regarde les Mœurs, parce que cette pre¬

507 2192 3513 2373 miere contient ce qui agrée le plus, comme les Agnitions & les Peripe¬

507 2320 3521 2497 ties; qu’il fait entrer dans la définition de la Tragedie l’agrément du

509 2438 3521 2613 discours dont elle eſt composée, & qu’il l’estime enfin plus que le Poëme

509 2558 3525 2739 Epique, en ce qu'elle a de plus la décoration exterieure & la Muſique

513 2672 3529 2863 qui délectent puiſſamment, & qu’étant plus courte & moins diffuſe, le

501 2804 3529 2979 plaiſir qu'on y prend eſt plus parfait: mais il n'eſt pas moins vray qu'Ho¬

521 2922 3535 3097 race nous apprend que nous ne ſçaurions plaire à tout le monde, ſi nous

523 3040 3533 3217 n’y meſlons l’utile, & que les gens graves & ſerieux, les vieillards, les

525 3166 3307 3341 amateurs de la vertu, s’y ennuyeront, s’ils n’y trouvent rien à profiter.

817 3302 2673 3454 Centuriæ ſeniorum agitant expertia frugis.

531 3400 3541 3578 Ainſi, quoy que l'utile n’y entre que ſous la forme du delectable, il ne

529 3514 3551 3696 laiſſe pas d'y eſtre neceſſaire, & il vaut mieux examiner de quelle façon il

505 3638 3541 3817 y peut trouver ſa place, que d'agiter, comme je l’ay déjà dit, une question

537 3758 3547 3930 inutile touchant l’utilité de cette ſorte de Poëmes. I'estime donc qu’il s’y

535 3906 1975 4054 en peut rencontrer de quatre ſortes.

659 4000 3549 4168 La premiere conſiste aux Sentences & instructions Morales qu'on y

535 4116 3549 4296 peut ſemer presque par tout : mais il en faut uſer ſobrement, les mettre

549 4238 3557 4416 rarement en discours generaux, ou ne les pouſſer guere loin, ſur tout

549 4360 3557 4536 quand on fait parler un homme paſſionné, ou qu’on luy fait répondre

547 4478 3559 4652 par un autre; car il ne doit avoir non plus de patience pour les entendre,

555 4594 3559 4774 que de quiétude d’esprit pour les concevoir, & les dire. Dans les déli¬

560 4720 3559 4890 berations d’Etat, où un homme d'importance conſulté par un Roy s'ex¬

553 4836 3559 5006 plique de ſens raſſis, ces ſortes de discours trouvent lieu de plus d'éten¬

569 4954 3561 5128 due; mais enfin il eſt toujours bon de les reduire ſouvent de la Theſe à

569 5074 3563 5248 l‘Hypotheſe, & j'aime mieux faire dire à un Acteur, l’Amour vous

573 5190 3563 5370 donne beaucoup d’inquietudes, que l’Amour donne beaucoup d’in¬

579 5337 2041 5486 quietudes aux esprits qu’il poſſede.

719 5428 3567 5602 Ce n'eſt pas que je vouluſſe entierement bannir cette derniere façon de

890 5564 3085 5693 Tome I. ẽ
