4267 6834
1757 411 3101 537 CLITANDRE,

1394 953 3427 1203 ACTE IV

986 1488 3858 1683 SCENE PREMIERE

1313 1828 3525 1956 PYMANTE, DORISE.

948 2097 3709 2226 DOR. E te le dis encor, tu perds temps à me ſuivre.

1736 2228 3596 2356 Souffre que de tes yeux ta pitié me delivre,

1726 2356 3726 2476 Tu redoubles mes maux par de tels entretiens.

1708 2478 3850 2606 PY. Prenez à voſtre tour quelque pitié des miens,

1136 2605 3028 2729 Madame, & tariſſez ce deluge de larmes,

1136 2731 3342 2856 Pour r’appeller un mort ce ſont de foibles armes,

1135 2855 3156 2986 Et quoy que vous conſeille un inutile ennuy,

1135 2983 3405 3114 Vos cris & vos ſanglots ne vont point jusqu'à luy.

953 3103 3453 3238 DOR. Si mes ſanglots ne vont où mon cœur les envoye,

1135 3237 3303 3366 Du moins par eux mon ame y trouvera la voye,

1139 3359 2947 3491 S’il luy faut un paſſage afin de s’envoler,

1135 3485 3055 3612 Ils le luy vont ouvrir en le fermant à l’air.

1143 3613 3557 3744 Sus donc, ſus, mes ſanglots, redoublez vos ſecouſſes,

1131 3737 3293 3864 Pour un tel deſespoir vous les avez trop douces,

1138 3861 3211 3988 Faites pour m’étouffer de plus puiſſans efforts.

944 3987 3462 4114 PYM. Ne songez plus, Madame, à rejoindre les morts:

1136 4113 3422 4240 Penſez plûtoſt à ceux qui n’ont point d’autre envie

1136 4235 3188 4364 Que d’employer pour vous le reste de leur vie;

1136 4365 3062 4484 Penſez plûtoſt à ceux dont le ſervice offert,

1144 4485 3130 4620 Accepté vous conſerve, & refuſé vous perd.

948 4613 3508 4746 DOR. Crois-tu donc, aſſaſſin, m’acquerir par ton crime,

1139 4737 3112 4866 Qu'innocent méprisé, coupable je t’estime?

1139 4867 3133 4994 A ce conte tes feux n’ayant pû m’émouvoir,

1143 4991 3009 5123 Ta noire perfidie obtiendroit ce pouvoir?

1135 5115 2943 5247 Ie cherirois en toy la qualité de traiſtre,

1135 5241 3015 5339 Et mon affection commencerait à naiſtre

1135 5369 3049 5486 Lors que tout l'Vnivers a droit de te haïr?

953 5485 3095 5622 PYM. Si j'oubliay l'honneur jusques à le trahir,

1140 5615 3253 5742 Si pour vous poſſeder mon esprit tout de flame

1140 5739 3408 5848 N a rien creu de honteux, n’a rien trouvé d'infame,

3604 5874 3880 5988 Voyez
