4267 6527
3226 378 3296 448 v

1186 355 2560 465 AV LECTEVR.

479 518 3300 658 nieres ſyllabes de nos mots qui ont la terminaiſon feminine, & qui

480 634 3304 776 fait ſi peu de ſon, que cette ſyllabe n’eſt iamais contée à rien à la fin

480 756 3295 892 de nos vers feminins, qui en ont touſiours vne plus que les autres.

479 874 3304 1014 L'e maſculin qui ſe prononce comme dans la langue Latine, & vn

480 994 3305 1132 troiſiéme e qui ne va iamais ſans l's qui luy donne vn ſon eſleué

479 1112 3308 1260 qui ſe prononce à bouche ouuerte, en ces mots, ſucces, acces, ex¬

472 1236 3305 1382 pres: Or comme ce ſeroit vne grande confuſion, que ces trois e,

481 1352 3303 1492 en ces trois mots, aſpres, verite, & apres, qui ont vne pronon¬

483 1472 3308 1608 ciation ſi differente, euſſent vn caractere pareil, il eſt aiſé d’y reme¬

484 1590 3309 1734 dier, par ces trois ſortes d'e que nous donne l’Imprimerie, e, é, è,

485 1712 3312 1858 qu’on peut nommer l'e ſimple, l'e aigu, & l'e graue. Le premier

484 1834 3313 1972 ſeruira pour nos terminaiſons feminines, le ſecond pour les Lati¬

485 1950 3312 2086 nes, & le troiſieme pour les eſleuées, & nous eſcrirons ainſi ces trois

484 2070 3316 2210 mots & leurs pareils, aſpres, verité, après, ce que nous eſtendrons

489 2188 3311 2336 à ſuccès, excès, procès, qu’on auoit juſqu’icy eſcrits auec l'e aigu,

489 2312 3320 2450 comme les terminaiſons Latines, quoy que le ſon en ſoit fort dif¬

488 2432 3321 2574 ferent. Il eſt vray que les Imprimeurs y auoient mis quelque diffe¬

489 2550 3320 2692 rence, en ce que cette terminaiſon n’eſtant iamais fans ſ, quand il

494 2672 3309 2812 s’en rencontroit vne aprés vn é Latin, ils la changeoient en z, &

493 2792 3322 2930 ne la faiſoient préceder que par vn e ſimple. Ils impriment veritez,

494 2910 3324 3052 Deïtez, dignitez, & non pas, verités Deïtés, dignités; & j’ay

492 3030 3325 3170 conſerué cette Ortographe: mais pour éuiter toute ſorte de confu¬

489 3150 3322 3290 ſion entre le ſon des mots qui ont l'e Latin fans ſ, comme verité,

492 3268 3329 3408 & ceux qui ont la prononciation éleuée, comme ſuccès, j’ay crû

493 3392 3328 3530 à propos de nous ſeruir de differents caracteres, puiſque nous en

498 3510 3329 3646 auons, & donner l'è graue à ceux de cette derniere eſpece. Nos

507 3624 3329 3763 deux articles pluriels, les & des, ont le meſme ſon, quoy qu’écrits

506 3748 3328 3885 auec l'e ſimple: il eſt ſi mal-aiſé de les prononcer autrement, que

506 3866 3329 4005 ie n’ay pas crû qu’il fuſt beſoin d’y rien changer. Ie dy la meſme cho¬

511 3986 3328 4123 se de l'e deuant deux ll, qui prend le ſon auſſi eſleué en ces mots,

514 4102 3333 4247 belle, fidelle, rebelle, &c. qu’en ceux-cy ſuccès, excès; mais com¬

519 4220 3336 4361 me cela arriue touſiours quand il ſe rencontre auant ces deux ll,

518 4344 3334 4481 il suffit d’en faire cette remarque ſans changement de caractere. Le

515 4458 3325 4597 meſme arriue deuant la fimple l, à la fin du mot, mortel, appel,

517 4576 3334 4715 criminel, & non pas au milieu, comme en ces mots, celer, chan¬

522 4704 2735 4837 celer, où l'e auant cette l, garde le fon de l'e feminin.

647 4820 3342 4957 Il eſt bon auſſi de remarquer qu’on ne ſe ſert d’ordinaire de l'é

530 4938 3335 5077 aigu, qu’à la fin du mot, ou quand on supprime l’ſ qui le fuit; com¬

535 5054 3337 5189 me à établir, étonner: cependant il ſe rencontre ſouuent au milieu

540 5178 3342 5313 des mots auec le meſme ſon, bien qu’on ne l’eſcriue qu’auec vn e

540 5288 3339 5431 ſimple; comme en ce mot ſeuerité, qu’il faudroit eſcrire ſéuérité,

539 5406 3338 5551 pour le faire prononcer exactement, & peut-eſtre le feray-je ob¬

2626 5537 2811 5647 ã iij
