4267 6694
941 346 3010 563 4 MELITE,

1121 529 3207 693 Mais ce flateur espoir qu’il rejette en mon ame,

1116 651 3384 822 N’eſt qu’un doux imposteur qu'authoriſe ma flame,

1114 771 3202 945 Et qui ſans m’aſſeurer ce qu’il ſemble m’offrir,

1116 893 3364 1066 Me fait plaire en ma peine, & m’obstine à ſouffrir.

935 1016 3345 1184 TIR. Que je te trouve, amy, d'une humeur admirable!

1109 1141 3123 1307 Pour paroiſtre éloquent tu te feins miſerable,

1107 1263 3085 1427 Eſt-ce à deſſein de voir avec quelles couleurs

1110 1387 3128 1554 Ie ſçaurois adoucir les traits de tes malheurs?

1106 1511 2822 1674 Ne t’imagine pas qu’ainſi ſur ta parole

1102 1633 2914 1790 D’une fauſſe douleur un amy te confole:

1097 1757 3023 1918 Ce que chacun en dit ne m’a que trop appris

1097 1877 3079 2035 Que Melite pour toy n’eut jamais de mépris.

911 2000 3015 2158 ERA. Son gracieux accueil & ma perſeverance

1092 2117 3264 2284 Font naiſtre ce faux bruit d’une vaine apparence,

1094 2241 3312 2403 Ses mépris ſont cachez, & s’en font mieux ſentir,

1092 2367 3198 2529 Et n’étant point connus, on n’y peut compâtir.

905 2484 3169 2651 TIR. En étant bien receu, du reste que t’importe?

1089 2609 3163 2770 C’eſt tout ce que tu veux des filles de ſa ſorte.

901 2729 3207 2875 ERA. Cét accez favorable, ouvert & libre à tous,

1080 2857 3232 3022 Ne me fait pas trouver mon martyre plus doux,

1074 2977 3232 3122 Elle ſouffre aiſément mes ſoins, & mon ſervice,

1076 3099 3128 3258 Mais loin de ſe reſoudre à leur rendre justice,

1075 3221 2975 3377 Parler de l’Hymenée à ce cœur de rocher,

1075 3347 3045 3508 C’eſt l’unique moyen de n’en plus approcher.

891 3465 3237 3634 TIR. Ne diſſimulons point, tu regles mieux ta flame,

1074 3587 3048 3746 Et tu n'és pas ſi foû que d’en faire ta femme.

886 3707 3184 3871 ERA. Quoy, tu ſembles douter de mes intentions?

888 3825 2862 3985 TIR. Ie croy malaiſément que tes affections

1067 3953 3267 4119 Sur l’éclat d’un beau teint qu’on voit ſi periſſable

1067 4071 2897 4236 Reglent d’une moitié le choix invariable.

1075 4197 2871 4357 Tu ſerois incivil, la voyant chaque jour,

1062 4323 3084 4483 De ne luy tenir pas quelques propos d’amour;

1062 4445 3090 4603 Mais d’un vain compliment ta paſſion bornée

1060 4565 3176 4733 Laiſſe aller tes deſſeins ailleurs pour l’Hymenée.

1061 4689 3301 4855 Tu ſçais qu’on te ſouhaite aux plus riches maiſons,

1061 4811 3447 4978 Que les meilleurs partis... ERA. Tréve de ces raiſons,

1059 4935 3315 5104 Mon amour s’en offenſe, & tiendroit pour ſupplice

1061 5059 2778 5194 De recevoir des loix d’une ſale avarice,

1054 5177 3048 5319 Il me rend inſenſible aux faux attraits de l’or,

1054 5301 3128 5464 Et trouve en ſa personne un aſſez grand trefor.

876 5413 3245 5585 TIR. Si c’eſt-là le chemin qu'en aimant tu veux ſuivre,

1061 5543 3249 5713 Tu ne ſçais guere encor ce que c’eſt que de vivre.
