4267 6587
1633 899 2916 970 PRIVILEGE DV ROY.

842 1049 3718 1211 LOVIS PAR LA GRACE DE DIEV ROY DE FRANCE ET DE NAVARRE. A nos Amez &

973 1126 3714 1225 feaux Conſeillers les gens tenants nos Cours de Parlement, Maiſtres des Requeſtes ordinaires

835 1196 3715 1293 de noſtre Hoſtel, Baillifs, Senéchaux, Preuoſts, leurs Lieutenans, & à tous autres nos Iuſticiers

836 1281 3718 1379 & Officiers qu’il appartiendra: SALVT. Noſtre cher & bien amé AVGUVSTIN COVRBE'

836 1357 3714 1448 Marchand libraire en noſtre bonne ville de Paris, Nous a fait remonſtrer, qu’il a cy-deuant

832 1430 3715 1533 fait imprimer plusieurs pieces de Theatre de la compoſition des ſieurs de Corneille freres, leſ¬

836 1511 3718 1608 quelles il deſireroit faire imprimer, s'il nous plaiſoit de luy accorder nos lettres de prolon¬

832 1588 3714 1685 gation de Priuilege ſur ce neceſſaires; attendu que la pluſpart des priuileges, en vertu deſ¬

836 1666 3710 1762 quels elles ont défia eſté miſes en lumiere, ſont expirez, & les autres preſts d'expirer A CES

832 1741 3706 1837 CAVSES Nous auons permis, & permettons par ces preſentes à l'Expoſant d'imprimer, faire im¬

836 1822 3709 1920 primer vendre & debiter en tous les lieux de noſtre obeiſſance, toutes leſdites pieces de Thea¬

832 1896 3710 1990 tre compoſées par les ſieurs de Corneille freres; & ce coniointement ou ſeparement, en vn ou plu¬

840 1975 3709 2066 ſieurs volumes, en telles marges, en tels caracteres, & autant de fois qu’il voudra, durant vingt

832 2053 3701 2146 années, à compter du iour que chaque piece, ou volume ſera acheué d’imprimer pour la

831 2127 3706 2225 premiere fois en vertu des preſentes. Et faiſons tres-expreſſes deffences à toutes perſonnes de

831 2209 3706 2298 quelle condition & qualité qu'elles ſoient, d’imprimer, vendre, ni diſtribuer aucunes deſdites

828 2284 3705 2379 pieces de Theatre, ſans le conſentement de l'Expoſant, ou de ceux qui auront ſon droit, ſous

831 2362 3705 2456 pretexte d'augmentation, correction, changement de tiltre, fauſſes marques, ou autrement

827 2439 3705 2532 en quelque maniere que ce ſoit, à peine de quinze cens liures d’amende, payables ſans de¬

828 2518 3705 2611 port par chacun des contreuenans, & applicables vn tiers à Nous, vn tiers à l'Hoſtel-Dieu de

828 2593 3705 2685 noſtre bonne ville de Paris, l’autre tiers à l'Expoſant, de confiſcation des exemplaires contre¬

823 2673 3705 2764 fais, & de tous deſpens, dommages & intereſts. A condition qu'il ſera mis deux deux exemplaires

823 2752 3705 2842 qui ſeront imprimez en vertu des preſentes, en noſtre Bibliotheque publique, & vn en celle de no¬

806 2828 3705 2918 ſtre tres-cher & feal le feur Seguier Cheualier Chancellier de France, auant que de les expoſer en

827 2906 3705 2998 vente; & qu'elles ſeront regiſtrées dans le liure de la Communauté des Libraires de noſtredite ville

828 2983 3706 3069 de Paris, ſuiuant les Arreſts de noſtre Cour de Parlement, à peine de nullité d'icelles, du conte¬

819 3057 3705 3150 nu desquelles Nous voulons & vous mandons, que vous faſſiez iouïr pleinement & paiſible¬

822 3134 3706 3226 ment l'Exposant, & ceux qui auront droit de luy, ſans ſouffrir, qu'il leur ſoit donné aucun

823 3213 3709 3303 trouble ni empeſchement. Voulons auſſi qu’en mettant au commencement ou à la fin de cha¬

819 3288 3705 3385 cun deſdits exemplaires vn extrait des preſentes, elles ſoient tenuës pour duëment ſignifiées,

819 3368 3709 3459 & que ſoy y ſoit adiouſtée & aux copies collationnées par vn de nos amez & feaux Conſeil¬

819 3444 3709 3539 lers, & Secretaires, comme à l’original. Mandons au premier noſtre Huiſſier ou Sergent ſur ce

819 3522 3701 3617 requis, de faire pour l’execution d'icelles tous exploits neceſſaires, ſans demander autre permiſ¬

819 3598 3706 3691 ſion. CAR TEL eſt noſtre plaiſir, nonobſtant clameur de Haro, Chartre Normande, & Decla¬

819 3677 3705 3771 rations, Arreſts, Reglemens, Statuts, & Confirmation diceux priuileges obtenus ou à obte¬

815 3755 3705 3850 nir, ſoit que le temps de ceux qui ont eſté obtenus ſoit expiré, ou non, oppoſitions ou appella¬

815 3832 3706 3925 tions quelconques & ſans preiudice d'icelles, pour leſquelles nous n'entendons qu'il differe, &

819 3909 3705 4002 dont nous retenons la connoiſſance à Nous, & a noſtre Conſeil, & qui ne pourront nuire

818 3986 3705 4081 audit Expoſant, en faueur duquel & des merites deſdits ouurages, nous derogeons à ce que

815 4061 3702 4154 deſſus, pour ce regard ſeulement. DONNE' à Paris le troiſieſme iour de Decembre, l'an de

816 4142 3697 4237 grace mil ſix cens cinquante ſept, & de noſtre Regne, le quinzieſme, Signé Par le Roy en

819 4226 1475 4303 ſon Confeil, Conrart.

888 4371 3701 4470 Ledit Courbé a fait part de la moitié du ſuſdit priuilege à Guillaume de Luyne, auſſi Mar¬

815 4458 1492 4521 chand Libraire à Paris.

895 4591 3705 4688 Et ledit Courbé a cedé ſon droit particulier du preſent Priuilege à Thomas Iolly & Louis

823 4668 3276 4754 Billaine, auſſi Marchands Libraires à Paris, ſuiuant l’accord fait entre eux.

891 4813 3710 4905 La preſente impreßion in folio des œuures du ſieur P. Corneille, a eſté acheuée d'imprimer le 22,

823 4896 1275 4968 Decembre 1663.

1818 5044 2801 5130 Les Exemplaires ont eſté fournis,

823 5169 3709 5266 Regiſtré ſur le liure de la Communauté des Libraires le 10. Decembre 1657. ſuiuant l'Arreſt de

1587 5252 2780 5334 la Cour de Parlement du 8 Auril 1653.
