4267 6620
806 358 1074 484 xxviij

1272 1358 3348 1589 EXAMEN

791 1709 3827 1858 DES POEMES CONTENVS

1642 1961 2970 2061 en cette Premiere Partie.

1793 2345 2789 2449 MELITE.

1639 2589 3829 2719 ETTE Piece fut mon coup d’eſſay, & elle n'a

1617 2713 3825 2845 garde d’eſtre dans les Regles; puisque je ne ſçavois

1617 2835 3825 2965 pas alors qu’il y en euſt. Ie n'avois pour guide qu'un

1616 2959 3829 3083 peu de ſens commun, avec les exemples de feu Mr

1620 3079 3824 3207 Hardy, dont la veine étoit plus feconde que polie,

1630 3199 3826 3335 & de quelques Modernes, qui commençoient à ſe

1610 3311 3812 3451 produire, & n'étoient pas plus Reguliers que luy.

764 3446 3824 3575 Le ſucceZ en fut ſurprenant. Il établit une nouvelle troupe de Come¬

759 3566 3824 3699 diens à Paris, malgré le merite de celle qui étoit en poſſeſſion de s’y voir

759 3686 3815 3817 l'unique; il égala tout ce qui s’étoit fait de plus beau jusques alors, &

759 3808 3817 3939 me fit connoiſtre a la Cour. Ce ſens commun, qui étoit toute ma Regle,

761 3930 3817 4059 m'avoit fait trouver l'unité d’action pour broüiller quatre Amans par un

739 4048 3811 4185 ſeul intrique, & m'avoit donné aſſez, d’averſion de cet horrible déregle¬

759 4154 3815 4301 ment qui mettoit Paris, Rome, & Constantinople ſur le meſme Thea¬

760 4294 2765 4415 tre, pour reduire le mien dans une ſeule Ville.

892 4416 3812 4551 La nouveauté de ce genre de Comedie, dont il n’y a point d’exemple

754 4534 3810 4667 en aucune Langue, & le ſtile naïf, qui faiſoit une peinture de la con¬

754 4658 3808 4787 verſation des honneſtes gens, furent ſans doute cauſe de ce bonheur ſur¬

750 4778 3806 4907 prenant, qui fit alors tant de bruit. On n’avoit jamais veu jusques-là

751 4892 3804 5039 que la Comedie fiſt rire ſans Perſonnages ridicules, tels que les valets

749 5006 3811 5153 boufons, les Paraſites, les Capitans, les Docteurs, &c. Celle-cy faiſoit

729 5138 3803 5273 ſon effet par l’humeur enjoüée de gens d’une condition au deſſus de ceux

751 5262 3799 5398 qu'on voit dans les Comedies de Plaute & de Terence, qui n'étoient que

751 5380 3791 5518 des Marchands. Avec tout cela, j’avouë que l’Auditeur fut bien fa¬

751 5500 3799 5624 cile à donner ſon approbation à une Piece, dont le nœud n'avoit aucune
