4267 6735
996 353 3037 501 18 MELITE,

990 529 3901 689 CLO. Tu l’as fait pour Eraste? TIR. Ouy, j'ay dépeint ſa flame.

986 661 3357 807 CLO. Comme tu la reſſens peut-eſtre dans ton ame?

987 779 3568 935 TIR. Tu ſcais mieux qui je ſuis, & que ma libre humeur

1173 909 3173 1055 N’a de part en mes vers que celle de rimeur.

990 1029 3155 1157 CLO. Pauvre frere, vois-tu, ton ſilence t'abuſe,

1179 1155 3384 1307 De la langue ou des yeux, n'importe qui t’accuſe:

1175 1277 3567 1429 Les tiens m’avoient bien dit malgré toy que ton cœur

1176 1403 3493 1554 Soûpiroit ſous les loix de quelque objet vainqueur,

1172 1525 3194 1677 Mais j'ignorois encor qui tenoit ta franchiſe,

1171 1653 2994 1793 Et le nom de Melite a cauſé ma ſurpriſe,

1176 1773 3453 1922 Si-toſt qu’au premier vers ton Sonnet m’a fait voir

1170 1899 3282 2042 Ce que depuis huit jours je bruſlois de ſçavoir.

987 2017 3886 2173 TIR. Tu crois donc que j’en tiens? CL. Fort auant. TI. Pour Melite?

986 2141 3265 2290 CLO. Pour Melite, & de plus que ta flame n’excite

1177 2267 3148 2383 Au cœur de cette belle aucun embraſement.

983 2389 3712 2541 TIR. Qui t’en a tant appris? mon Sonnet? CLO. Iustement.

988 2513 3327 2663 TIR. Et c’eſt ce qui te trompe avec tes conjectures,

1170 2637 3041 2780 Et par où ta fineſſe a mal pris ſes meſures.

1165 2763 2782 2901 Vn viſage jamais ne m'auroit arrété

1165 2883 3273 3032 S’il falloir que l’amour fuſt tout de mon coſté.

1162 3011 3033 3151 Ma rime ſeulement eſt un portrait fidelle

1161 3131 3234 3278 De ce qu'Eraste ſouffre en ſervant cette belle,

1165 3255 3161 3401 Mais quand je l’entretiens de mon affection

1166 3375 2795 3521 I'en ay toûjours aller de ſatisfaction.

979 3499 3454 3656 CLO. Montre, ſi tu dis vray, quelque peu plus de joye,

1161 3631 3260 3778 Et rens-toy moins reſveur afin que je te croye.

980 3745 3313 3899 TIR. Ie reſve, & mon esprit ne s’en peut exempter,

1160 3871 2918 4014 Car ſi-toſt que je viens à me repreſenter

1161 3989 3156 4123 Qu’une vieille amitié de mon amour s’irrite,

1166 4113 3129 4263 Qu'Eraste s’en offenſe, & s'oppoſe à Melite,

1162 4243 3010 4381 Tantoſt je ſuis amy, tantoſt je ſuis rival,

1157 4361 3054 4516 Et toûjours balancé d’un contrepoids égal,

1158 4485 3181 4635 I’ay honte de me voir inſenſible, ou perfide;

1162 4607 3104 4734 Si l’amour m’enhardit, l’amitié m’intimide,

1153 4739 3028 4888 Entre ces mouvemens mon esprit partagé

1157 4861 3313 5011 Ne ſcait duquel des deux il doit prendre congé.

972 4977 3585 5132 CLO. Voila bien des détours pour dire au bout du conte

1161 5101 3454 5260 Que c’eſt contre ton gré que l’amour te ſurmonte;

1161 5225 2835 5369 Tu préſumes par là me le perſuader,

1158 5349 3387 5504 Mais ce n'eſt pas ainſi qu’on m’en donne à garder.

1153 5467 3638 5630 A la mode du temps, quand nous ſervons quelqu’autre,

1161 5587 3273 5746 C’eſt ſeulement alors qu’il n’y a rien du noſtre,
