4267 6701
921 437 2991 569 8 MELITE,

921 615 3549 747 MEL. Et quoy! tous les miroirs ont-ils de fauſſes glaces!

917 747 3409 869 ERA. Penſeriez-vous y voir la moindre de vos graces?

1105 873 2951 991 De ſi freſles ſujets ne ſçauroient exprimer

1105 991 3517 1123 Ce qu'Amour dans les cœurs peut luy ſeul imprimer,

1099 1113 3413 1245 Et quand vous en voudrez croire leur impuiſſance,

1105 1239 2899 1371 Cette legere idée & foible connoiſſance

1105 1367 3033 1489 Que vous aurez par eux de tant de raretez

1105 1489 3257 1611 Vous mettra hors du pair de toutes les beautez.

921 1615 3331 1737 MEL. Voila trop vous tenir dans une complaiſance,

1105 1741 3447 1859 Que vous deuſſiez quitter, du moins en ma preſence,

1099 1863 3055 1983 Et ne démentir pas le rapport de vos yeux,

1099 1985 3059 2105 Afin d’avoir ſujet de m'entreprendre mieux.

917 2103 3560 2231 ERA. Le rapport de mes yeux aux dépens de mes larmes

1099 2235 3373 2357 Ne m'a que trop appris le pouvoir de vos charmes.

913 2357 3273 2483 TIR. Sur peine d’eſtre ingrate, il faut de voſtre part

1105 2479 3195 2601 Reconnoiſtre les dons que le Ciel vous départ.

913 2605 3243 2729 ERA. Voyez que d’un ſecond mon droit ſe fortifie.

917 2727 3331 2851 MEL. Voyez que ſon ſecours montre qu’il s’en défie.

913 2849 2771 2977 TIR. Ie me range toûjours avec la verité.

913 2971 3369 3077 MEL. Si vous la voulez ſuivre, elle eſt de mon cofté.

911 3103 3239 3221 TIR. Ouy ſur voſtre visage, & non en vos paroles:

1091 3225 3099 3321 Mais ceſſez de chercher ces refuites frivoles,

1091 3351 3213 3469 Et prenant deſormais des ſentimens plus doux,

1091 3473 3199 3597 Ne ſoyez plus de glace à qui bruſle pour vous.

907 3595 3129 3719 MEL. Vn ennemy d'amour me tenir ce langage!

1095 3717 3125 3841 Accordez voſtre bouche avec voſtre courage,

1091 3839 3221 3963 Pratiquez vos conſeils, ou ne m’en donnez pas.

907 3961 3169 4085 TIR. I'ay connu mon erreur auprés de vos appas,

1091 4083 3321 4207 Il vous l’avoit bien dit. ERA. Ainſi ma prophetie

1091 4211 2989 4333 Eſt, à ce que je voy, de tout point reüſſie.

907 4333 3261 4455 TIR. Si tu pouvois produire en elle un meſme effet,

1091 4459 3487 4583 Croy-moy, que ton bon-heur ſeroit bien-toſt parfait.

907 4581 3343 4705 MEL. Pour voir ſi peu de choſe auſſi-toſt vous dédire

1091 4703 3191 4831 Me donne à vos dépens de beaux ſujets de rire,

1091 4829 3161 4949 Mais je pourrois bien-toſt à m'entendre flater,

1091 4953 3387 5079 Concevoir quelque orgueil qu’il vaut mieux éviter.

1091 5079 3469 5175 Excusez ma retraite. ERA. Adieu, belle inhumaine,

1095 5197 3181 5323 De qui ſeule dépend, & ma joye, & ma peine.

907 5319 3283 5451 MEL. Plus ſage à l’avenir, quittez ces vains propos,

1095 5441 3003 5573 Et laiſſez voſtre esprit & le mien en repos.

3237 5799 3801 5909 SCENE
