4267 6593
822 336 2819 497 xxxij EXAMEN

817 505 3864 654 deux Reines dans Don Sanche. Il ne paroiſt enfin que comme Iuge,

816 623 3861 788 quand il eſt introduit ſans aucun intereſt pour ſon Etat, ny pour ſa per¬

791 745 3860 904 ſonne, ny pour ſes affections, mais ſeulement pour regler celuy des au¬

810 863 3857 1014 tres, comme dans ce Poëme, & dans le Cid, & l'on ne peut pas deſa¬

807 983 3860 1146 voüer qu'en cette derniere posture il remplit aſſez, mal la dignité d'un

782 1105 3861 1270 ſi grand Tiltre, n'ayant aucune part en l’action, que celle qu’il y veut

795 1225 3858 1390 prendre pour d’autres, & demeurant bien éloigné de l’éclat des deux au¬

804 1347 3859 1498 tres manieres. Auſſi l'on ne le donne jamais à repreſenter aux meilleurs

803 1465 3856 1620 Acteurs, mais il faut qu’il ſe contente de paſſer par la bouche de ceux

804 1591 3857 1748 du ſecond, ou du troiſiéme ordre. Il peut paroiſtre comme Roy, & com¬

799 1713 3856 1860 me homme tout à la fois, quand il a un grand intereſt d’état, & une

774 1828 3853 1986 forte paſſion tout enſemble a ſoûtenir, comme Antiochus dans Rodogu¬

797 1943 3854 2104 ne, & Nicomede dans la Tragedie qui porte ſon nom; & c'eſt à mon

794 2071 3851 2224 avis la plus digne maniere, & la plus avantageuſe de mettre ſur la

795 2195 3848 2346 Scene des gens de cette condition; parce qu’ils attirent alors toute l’action

789 2315 3848 2468 à eux, & ne manquent jamais d’eſtre repreſenteZ par les premiers

790 2437 3845 2588 Acteurs. Il ne me vient point d'exemple en la memoire où un Roy pa¬

789 2559 3842 2709 roiſſe comme homme & comme Iuge, avec un intereſt de paſſion pour luy,

790 2681 3839 2829 & un ſoin de régler ceux des autres, ſans aucun peril pour ſon Etat:

781 2799 3844 2950 mais pour voir les trois manieres enſemble, on les peut aucunement re¬

782 2921 3835 3075 marquer dans les deux Gouverneurs d'Armenie, & de Syrie, que j’ay

777 3043 3834 3191 introduits, l’un dans Polyeucte, & l’autre dans Theodore. Ie dis au¬

780 3165 3835 3317 cunement, parce que la tendreſſe que l’un a pour ſon gendre, & l’autre

765 3286 3832 3439 pour ſon fils, qui eſt ce qui les fait paroiſtre comme hommes, agit ſi foi¬

774 3407 3831 3557 blement, qu'elle ſemble étouffée ſous le ſoin qu'a l’un & l’autre de con¬

751 3526 3848 3684 ſerver ſa dignité, dont ils font tous deux leur capital, & qu’ainſi

768 3651 3831 3799 on peut dire en rigueur, qu’ils ne paroiſſent que comme Gouverneurs

769 3771 3832 3921 qui craignent de ſe perdre, & comme juges qui par cette crainte

768 3889 3833 4043 dominante condamnent, ou plutoſt s’immolent ce qu’ils voudroient

775 4014 1188 4134 conſerver.

901 4130 3819 4285 Les Monoloques ſont trop longs, & trop frequents en cette Piece:

764 4251 3817 4403 c'étoit une beauté en ce temps-là, les Comediens les ſouhaitoient, &

759 4372 3816 4529 croyoient y paroiſtre avec plus d’avantage. La Mode a ſi bien changé,

760 4496 3813 4653 que la pluspart de mes derniers Ouvrages n'en ont aucun, & vous n'en

759 4616 3806 4765 trouverez, point dans Pompée, la Suite du Menteur, Theodore, & Per¬

756 4738 3805 4895 tharite, ny dans Heraclius, Andromede, Oedipe, & la Toiſon d’Or, à

755 4854 1704 4979 la reſerve des Stances.

892 4982 3809 5145 Pour le lieu, il a encor plus d’étenduë, ou ſi vous voulez, ſouffrir

755 5098 3802 5261 ce mot, plus de libertinage icy, que dans Melite: il comprend un Chaſteau

754 5224 3801 5389 d‘un Roy avec une foreſt voiſine, comme pourrait eſtre celuy de Saint

759 5341 3796 5511 Germain, & eſt bien éloigné de l’exactitude que les ſeveres Critiques y

720 5460 1209 5554 demandent.

3109 5625 3776 5721 LA VEVFVE.
