4267 6647
3162 454 3311 561 87

1312 417 2448 544 TRAGEDIE.

443 593 2702 724 PYM. Le couroux d’une femme impetueux d’abord

619 714 2737 846 Promet tout ce qu’il oſe à ſon premier transport,

618 836 2959 973 Mais comme il n’a pour luy que ſa ſeule impuiſſance,

632 962 2498 1089 A force de groſſir il meurt en ſa naiſſance,

619 1078 2624 1209 Ou s’étouffant ſoy-meſme, à la fin ne produit

619 1202 2905 1333 Que point, ou peu d’effet, après beaucoup de bruit.

434 1327 2797 1452 DOR. Va, va, ne pretens pas que le mien s'adouciſſe,

613 1444 2550 1575 Il faut que ma fureur, ou l’Enfer te puniſſe,

615 1566 2459 1689 Le reste des Humains ne ſçauroit inventer

614 1688 2611 1823 De geſne qui te puiſſe à mon gré tourmenter.

620 1810 2900 1923 Si tu ne crains mes bras, crains de meilleures armes,

619 1934 2862 2068 Crains tout ce que le Ciel m'a departy de charmes;

614 2058 2949 2189 Tu ſçais quelle eſt leur force, & ton cœur la reſſent.

614 2178 2922 2311 Crains quelle ne m’aſſeure un vangeur plus puiſſant.

619 2300 2528 2431 Ce couroux dont tu ris en fera la conqueſte

615 2420 2511 2553 De quiconque à ma haine expoſera ta teſte,

614 2548 2871 2677 De quiconque mettra ma vangeance en mon choix.

620 2668 2720 2796 Adieu, j'en perds le temps à crier dans ces bois,

615 2790 2750 2922 Mais tu verras bien-toſt ſi je vaux quelque choſe,

618 2912 2641 3045 Et ſi ma rage en vain ſe promet ce qu’elle oſe.

442 3031 2532 3165 PYM. I’aime tant cette ardeur à me faire perir,

619 3158 2818 3288 Que je veux bien moy-meſme avec vous y courir.

441 3281 3221 3414 DOR. Traiſtre, ne me ſuy point. PYM. Prendre ſeule la fuite!

614 3400 2629 3535 Vous vous égareriez à marcher ſans conduite,

615 3522 2744 3652 Et d’ailleurs voſtre habit où je ne comprens rien

619 3644 2607 3773 Peut avoir du mystere auſſi-bien que le mien.

614 3766 2525 3865 L’azile dont tantoſt vous faiſiez la demande

614 3886 2874 4021 Montre quelque beſoin d'un bras qui vous défende,

619 4012 2526 4143 Et mon devoir vers vous ſeroit mal acquité

615 4132 2405 4234 S’il ne vous avoit miſe en lieu de ſeureté.

614 4254 2829 4390 Vous penſez m'échaper quand je vous le témoigne,

615 4380 2772 4512 Mais vous n’irez pas loin que je ne vous rejoigne,

615 4500 2887 4635 L’amour que j’ay pour vous, malgré vos dures loix,

622 4622 2845 4754 Sçait trop ce qu’il vous doit, & ce que je me dois.
