4267 6633
3226 410 3356 506 19

1291 368 2479 470 COMEDIE.

661 533 2610 640 Chacun en ſon affaire eſt ſon meilleur amy,

657 657 2583 788 Et tout autre intereſt ne touche qu'à demy.

477 774 2701 907 TIR. Que du foudre à tes yeux j’éprouve la furie,

656 901 2333 1024 Si rien que ce rival cauſe ma reſverie.

472 1016 2904 1151 CLO C’eſt donc aſſeurément ſon bien qui t’eſt ſuspect,

654 1143 2728 1273 Son bien te fait reſver, & non pas ſon respect,

647 1263 2662 1394 Et toute amitié bas, tu crains que ſa richeſſe

653 1389 2627 1512 En dépit de tes feux n’obtienne ta Maîtreſſe.

467 1512 2659 1610 TIR. Tu devines, ma ſœur, cela me fait mourir.

470 1632 2783 1765 CLO. Ce ſont vaines frayeurs dont je veux te guerir.

648 1757 2822 1883 Depuis quand ton Eraste en tient-il pour Melite?

472 1880 2848 2011 TIR. Il rend depuis deux ans hommage à ſon merite,

467 1998 2874 2125 CLO. Mais dit-il les grands mots? parle-t'il d'epouſer?

467 2118 3137 2248 TIR. Presque à chaque moment. CLO. Laiſſe-le donc jaſer,

649 2243 2963 2373 Ce malheureux amant ne vaut pas qu’on le craigne,

652 2363 2649 2494 Quelque riche qu’il ſoit, Melite le dédaigne:

648 2487 2684 2614 Puisqu’on voit ſans effet deux ans d'affection,

648 2611 2432 2734 Tu ne dois plus douter de ſon averſion;

651 2733 2964 2863 Le temps ne la rendra que plus grande & plus forte,

643 2857 2843 2979 On prend ſoudain au mot les hommes de ſa ſorte,

643 2977 2631 3110 Et ſans rien hazarder à la moindre longueur

644 3099 2809 3227 On leur donne la main dés qu’ils offrent le cœur,

466 3222 2458 3348 TIR. Sa mere peut agir de puiſſance abſoluë.

468 3344 2510 3472 CLO. Croy que déja l’affaire en ſeroit reſoluë,

647 3467 2416 3592 Et qu’il auroit déja dequoy ſe contenter

649 3587 2307 3681 Si ſa mere étoit femme à la violenter.

467 3704 2757 3829 TIR. Ma crainte diminuë, & ma douleur s’appaiſe,

648 3827 2731 3953 Mais ſi je t’abandonne, excuſe mon trop d’aiſe,

652 3947 2204 4043 Avec cette lumiere & ma dexterité

648 4071 2320 4194 I'en veux aller ſçavoir toute la verité.

657 4193 3060 4324 Adieu! CLO. Moy, je m'en vay paiſiblement attendre

653 4317 2415 4440 Le retour deſiré du pareſſeux Philandre.

653 4437 2441 4532 Vn moment de froideur le fera ſouvenir

656 4561 2671 4674 Qu'il faut une autre fois tarder moins à venir.

2741 5637 2926 5753 C ij
