4267 6647
1336 434 2465 552 TRAGEDIE,

3213 472 3360 587 85

641 597 2643 720 Briſons-là, ce discours vous faſcheroit enfin,

639 725 2780 867 Et c'étoit pour tromper la longueur du chemin,

636 843 3083 994 Qu'après pluſieurs discours, ne ſçachant que vous dire,

635 965 2902 1112 I’ay touché ſur un point dont voſtre cœur ſoûpire,

632 1087 2707 1226 Et dequoy fort ſouvent on aime mieux parler,

635 1209 2664 1348 Que de perdre ſon temps à des propos en l'air.

447 1327 2818 1473 DOR. Amy, ne porte plus la ſonde en mon courage,

622 1454 2711 1598 Ton entretien commun me charme davantage,

623 1572 2464 1714 Il me peut me laſſer, indifferent qu’il eſt;

614 1694 2581 1839 Et ce n’eſt pas auſſi ſans ſujet qu’il me plaiſt.

619 1820 2226 1932 Ta converſation eſt tellement civile,

610 1940 2755 2081 Que pour un tel esprit ta naiſſance eſt trop vile,

610 2060 2545 2205 Tu n'as de villageois que l’habit & le rang,

605 2184 2456 2326 Tes rares qualitez te font d’un autre ſang;

606 2308 2669 2448 Meſme plus je te voy, plus en toy je remarque

601 2428 2790 2573 Des traits pareils à ceux d’un Cavalier de marque,

602 2548 2607 2690 Il s’appelle Pymante, & ton air, & ton port,

593 2674 2664 2812 Ont avec tous les ſiens un merveilleux rapport.

415 2791 2728 2939 PYM. I’en ſuis tout glorieux, & de ma part je priſe

588 2918 2551 3061 Voſtre rencontre autant que celle de Doriſe,

589 3040 2464 3184 Autant que ſi le Ciel appaiſant ſa rigueur,

588 3162 2647 3302 Me faiſoit maintenant un preſent de ſon cœur.

407 3280 2976 3427 DOR. Qui nommes-tu Doriſe? PYM. Vne jeune cruelle

579 3406 3079 3552 Qui me fuit pour un autre. DOR. Et ce rival s'appelle?

402 3522 2905 3672 PTM. Le Berger Roſidor. DOR. Amy, ce nom ſi beau

575 3646 2784 3791 Chez vous donc ſe profane à garder un troupeau?

394 3768 2967 3915 PTM. Madame, il ne faut plus que mon feu vous déguiſe

571 3890 2582 4019 Que ſous ces faux habits il reconnoit Doriſe.

568 4014 2677 4154 Ie ne ſuis point ſurpris de me voir dans ces bois

566 4138 2560 4283 Ne paſſer à vos yeux que pour un villageois,

565 4258 2628 4400 Voſtre haine pour moy fut toujours aſſez forte

558 4378 2597 4521 Pour déferer ſans peine à l’habit que je porte;

563 4500 2642 4642 Cette fauſſe apparence aide, & fuit vos mépris:

554 4626 2729 4763 Mais cette erreur vers vous ne m'a jamais ſurpris,

557 4742 2508 4887 Ie ſçay trop que le Ciel n’a donné l’avantage

554 4864 2409 5006 De tant de raretez qu'à voſtre ſeul viſage,

554 4984 2673 5130 Si-toſt que je l’ay veu, j’ay creu voir en ces lieux

553 5108 2550 5257 Doriſe déguiſée, ou quelqu'un de nos Dieux;

550 5232 2867 5376 Et ſi j’ay quelque temps feint de vous méconnoiſtre,

545 5354 2884 5496 En vous prenant pour tel que vous vouliez paroiſtre,

550 5476 2327 5583 Admirez mon amour dont la discrétion

545 5596 2236 5710 Rendoit à vos deſirs cette ſubmiſſion,

2541 5725 2744 5851 L iij
