4267 6626
3218 474 3307 572 5

1245 420 2437 545 COMEDIE

609 582 2332 722 Ces viſages d'éclat ſont bons à cajoler,

604 704 2711 845 C’eſt-là qu’un apprentif doit s'instruire à parler,

603 826 2932 971 I’aime à remplir de feux ma bouche en leur preſence,

596 946 2521 1087 La mode nous oblige à cette complaiſance,

605 1070 2685 1187 Tous ces discours de Livre alors ſont de ſaiſon,

591 1192 2496 1333 Il faut feindre du mal, demander gueriſon,

592 1310 2715 1451 Donner ſur le Phœbus, promettre des miracles,

587 1434 2534 1573 Iurer qu’on briſera toutes ſortes d'obstacles,

586 1554 2509 1665 Mais du vent & cela doivent eſtre tout un.

411 1674 2836 1820 ERA. Paſſe pour des beautez qui ſont dans le commun.

586 1798 2419 1942 C’eſt ainſi qu’autrefois j’amuſay Criſolite,

583 1920 2704 2057 Mais c'eſt d’autre façon qu’on doit ſervir Melite.

578 2036 2401 2176 Malgré tes ſentimens il me faut accorder

583 2158 2518 2297 Que le souverain bien n’eſt qu’à la poſſeder.

578 2280 2915 2425 Le jour qu'elle naſquit, Venus, quoy qu’immortelle,

578 2402 2548 2544 Penſa mourir de bonte en la voyant ſi belle,

577 2522 2474 2663 Les Graces à l’envy deſcendirent des Cieux

578 2646 2815 2794 Pour ſe donner l’honneur d’accompagner ſes yeux,

577 2770 2694 2919 Et l’Amour qui ne pût entrer dans ſon courage,

578 2884 2401 3036 Voulut obstinément loger ſur ſon viſage.

401 3008 2806 3156 TIR. Tu le prens d’un haut ton, & je croy qu’au besoin

582 3134 2543 3272 Ce discours emphatique iroit encor bien loin.

587 3258 2854 3400 Pauvre amant, je te plains, qui ne ſçais pas encore

586 3376 2609 3518 Que bien qu’une beauté merite qu'on l’adore,

581 3498 2622 3636 Pour en perdre le gouſt, on n’a qu’à l'épouſer.

582 3618 2497 3751 Vn bien qui nous eſt dû ſe fait ſi peu priſer,

583 3736 2510 3865 Qu'une femme fuſt-elle entre toutes choiſie,

581 3856 2396 3990 On en voit en ſix mois paſſer la fantaiſie.

586 3976 2747 4118 Tel au bout de ce temps n’en voit plus la beauté

587 4100 2415 4240 Qu'avec un esprit ſombre, inquiet, agité;

590 4222 2689 4361 Au premier qui luy parle, ou jette l’œil fur elle,

587 4342 2660 4481 Mille ſottes frayeurs luy broüillent la cervelle;

590 4462 2637 4605 Ce n’eſt plus lors qu’une aide à faire un favory,

591 4584 2790 4730 Vn charme pour tout autre & non pour un mary.

418 4703 2665 4839 ERA. Ces caprices honteux, & ces chimeres vaines

591 4826 2712 4963 Ne ſçauroient ébranler des cervelles bien ſaines,

600 4948 2741 5088 Et quiconque a ſceu prendre une fille d’honneur,

601 5066 2526 5204 N’a point à redouter l’appas d’un ſuborneur.

424 5185 2655 5327 TIR. Peut-eſtre dis-tu vray, mais ce choix difficile

608 5310 2529 5446 Aſſez & trop ſouvent trompe le plus habile,

607 5426 2776 5570 Et l’Hymen de ſoy-meſme eſt un ſi lourd fardeau,

616 5547 2569 5690 Qu'il faut l’apprehender à l'égal du tombeau.

2657 5675 2902 5787 A iij
