4267 6647
1186 414 2518 522 TRAGEDIE.

938 706 2658 886 SCENE III

1162 1026 2522 1138 CLITANDRE.a

585 1311 2343 1537 IE ne ſçay ſi je veille, ou ſi ma reſverie

697 1433 2633 1555 A mes ſens endormis fait quelque tromperie,

581 1549 2411 1645 Peu s'en faut dans l’excès de ma confuſion

581 1679 2347 1793 Que je ne prenne tout pour une illuſion.

581 1797 2581 1919 Clitandre priſonnier! je n'en fais pas croyable,

581 1917 2529 2039 Ny l'air ſale & puant d’un cachot effroyable,

581 2043 2277 2161 Ny de ce foible jour l'incertaine clarté,

577 2165 2385 2281 Ny le poids de ces fers dont je ſuis arreté;

577 2285 2663 2403 Ie les ſens, je les voy, mais mon ame innocente

577 2407 2757 2529 Dément tous les objets que mon œil luy preſente,

581 2527 2213 2623 Et le deſavoüant, défend à ma raiſon

581 2653 2239 2771 De me perſuader que je ſois en priſon,

577 2775 2447 2871 Iamais aucun forfait, aucun deſſein infame

571 2895 2809 3017 N’a pû fouiller ma main, ny gliſſer dans mon ame,

577 3021 2309 3131 Et je ſuis retenu dans ces funestes lieux!

577 3143 2853 3259 Non, cela ne ſe peut, vous vous trompez, mes yeux,

577 3263 2737 3385 I’aime mieux rejetter vos plus clairs témoignages,

577 3381 2815 3503 I’aime mieux démentir ce qu’on me fait d’outrages,

577 3505 2303 3627 Que de m’imaginer ſous un ſi juste Roy

581 3627 2745 3745 Qu’on peuple les priſons d’innocens comme moy.

659 3743 2789 3865 Cependant je m’y trouve, & bien que ma penſée

571 3869 2473 3991 Recherche à la rigueur ma conduite paſſée,

571 3995 2265 4087 Mon exacte cenſure a beau l’examiner,

567 4115 2369 4233 Le crime qui me perd ne ſe peut deviner,

571 4237 2623 4359 Et quelque grand effort que faſſe ma memoire,

571 4359 2433 4481 Elle ne me fournit que des ſujets de gloire.

571 4479 2701 4597 Ah Prince, c’eſt quelqu’un de vos faveurs jaloux

571 4601 2545 4723 Qui m’impute à forfait d’eſtre chery de vous,

571 4721 2793 4843 Le temps qu’on m’en ſepare, on le donne à l’Envie,

571 4843 2403 4939 Comme une liberté d’attenter ſur ma vie,

567 4969 2629 5081 Le cœur vous le diſoit, & je ne ſçay comment

577 5085 2545 5207 Mon destin me pouſſa dans cét aveuglement,

571 5207 2325 5325 De rejetter l’avis de mon Dieu tutelaire;

577 5327 2515 5427 C’eſt là ma ſeule faute, & c’en eſt le ſalaire.

577 5453 2251 5571 C’en eſt le châtiment que je reçois icy,

577 5575 2757 5697 On vous vange, mon Prince , en me traitant ainſi;

3297 1177 3563 1269 a il parle

3293 1272 3566 1354 en priſon

2625 5691 2821 5808 L ij
