4267 6527
3142 289 3268 419 iij

678 580 3003 869 AV LECTEVR

1017 945 3275 1083 ES deux Volumes contiennent autant de Pièces de

1020 1067 3284 1231 Theatre que les trois que vous auez veus cy-deuant

1018 1185 3285 1353 imprimez in Octauo. Ils ſont réglez à douze

1019 1303 3287 1469 chacun, & les autres à huit. Sertorius & Sophonisbe

1017 1421 3292 1595 ne s'y joindront point, qu’il n’y en aye aſſez pour faire

458 1545 3292 1725 vn troiſiéme de cette Impreſſion, ou vn quatriéme de l’autre. Ce¬

461 1665 3293 1851 pendant comme il ne peut entrer en celle-cy que deux des trois Diſ¬

463 1785 3295 1967 cours qui ont ſeruy de Prefaces à la précedente, & que dans ces

464 1907 3300 2087 trois Diſcours, j’ay taſché d’expliquer ma penſée touchant les plus

467 2027 3302 2205 curieuſes & les plus importantes queſtions de l’Art Poëtique, cet

471 2145 3305 2327 Ouurage de mes reflexions demeureroit imparfait, ſi j’en retran¬

476 2267 3310 2445 chois le troiſiéme. Et c’est ce qui me fait vous le donner en fuite

474 2385 3308 2563 du ſecond Volume, attendant qu’on le puiſſe reporter au deuant

479 2518 2807 2689 de celuy qui le ſuiura, ſi-toſt qu’il pourra eſtre complet.

599 2627 3317 2807 Vous trouuerez quelque chose d'étrange aux innouations en

482 2747 3318 2931 l’Ortographe que j’ay hazardées icy, & ie veux bien vous en ren¬

482 2865 3322 3049 dre raifon. L’vſage de noſtre Langue eſt à présent ſi épandu par

489 2987 3325 3167 toute l’Europe, principalement vers le Nord, qu’on y voit peu

488 3107 3330 3289 d'Eſtats où elle ne ſoie connuë; c’eſt ce qui m’a fait croire qu'il ne

492 3215 3330 3407 ſeroit pas mal à propos d’en faciliter la prononciation aux Eſtran¬

493 3344 3335 3531 gers, qui s’y trouuent forment embarraſſez par les diuers ſons qu'el¬

499 3466 3339 3647 le donne quelquefois aux meſmes lettres. Les Hollandois m’ont

504 3582 3340 3765 frayé le chemin, & donné ouuerture à y mettre diſtinction par de

508 3700 3340 3887 differents Caracteres, que juſqu’icy nos Imprimeurs ont employé

511 3822 3343 4001 indifferemment. Ils ont feparé les i & les u conſones d’auec les

517 3940 3347 4127 i & les u voyelles, en ſe ſeruant touſiours de l'j & de l'v pour

518 4062 3352 4243 les premieres, & laissant l'i & l'u pour les autres, qui juſqu'à

522 4180 3346 4361 ces derniers temps auoient eſté confondus. Ainfi la prononcia¬

527 4300 3347 4477 tion de ces deux lettres ne peut eſtre douteuſe, dans les impreſ¬

528 4422 3356 4605 ſions où l’on garde le meſme ordre, comme en celle-cy. Leur

534 4540 3356 4720 exemple m’a enhardy à paſſer plus auant. I’ay veu quatre pronon¬

543 4654 3361 4838 ciations differentes dans nos ſ, & trois dans nos e, & j’ay cherché

543 4776 3363 4958 les moyens d’en oſter toutes ambiguitez, ou par des caracteres dif¬

548 4900 3368 5078 ferens, ou par des régles generales, avec quelques exceptions. Ie ne

550 5018 3368 5196 ſçay ſi j’y auray reüſſi mais ſi cette ébauche ne déplaiſt pas, elle

557 5136 3369 5314 pourra donner iour à faire vn trauail plus acheué ſur cette matiere,

563 5254 3377 5436 & peut-eſtre que ce ne ſera pas rendre vn petit ſeruice à noſtre

568 5414 1512 5552 Langue & au Public.

2729 5498 2902 5616 ã ij
