4267 6735
1027 365 3102 519 16 MELITE,

1207 541 2796 669 Laiſſez en liberté mes inclinations,

1209 673 3129 805 Qui vous a fait cenſeur de mes affections;

1202 797 3487 953 Eſt-ce à voſtre chagrin que j’en dois rendre conte?

1016 919 3852 1078 ERA. Non, mais j’ay malgré moy pour vous un peu de honte,

1197 1047 3238 1196 De ce qu’on dit par tout du trop de privauté

1201 1167 2881 1312 Que déja vous ſouffrez à ſa temerité.

1014 1289 3467 1445 MEL. Ne ſoyez en ſoucy que de ce qui vous touche.

1008 1413 3400 1570 ERA. Le moyen ſans regret de vous voir ſi farouche

1197 1539 3352 1696 Aux legitimes vœux de tant de gens d’honneur,

1194 1663 3177 1784 Et d'ailleurs ſi facile à ceux d’un ſuborneur?

1010 1787 3577 1940 MEL. Ce n’eſt pas contre luy qu’il faut en ma preſence

1184 1911 3204 2056 Laſcher les traits jaloux de voſtre médiſance:

1193 2037 3194 2184 Adieu, ſouvenez-vous que ces mots inſenſez

1185 2157 3401 2314 L’avanceront chez moy plus que vous ne penſez.

1558 2413 3420 2616 SCENE III.

1897 2759 2974 2884 ERASTE.

1179 3015 3546 3276 C’Eſt-là donc ce qu'enfin me gardoit ton caprice?

1415 3146 3567 3302 C'eſt ce que j’ay gagné par deux ans de ſervice!

1174 3267 3133 3419 C’eſt ainſi que mon feu s’étant trop abaiſſé,

1170 3393 3152 3543 D’un outrageux mépris ſe voit recompenſé!

1171 3519 3068 3664 Tu m’oſes préferer un traiſtre qui te flate,

1167 3641 3230 3790 Mais dans ta laſcheté ne croy pas que j’éclate,

1166 3765 3151 3911 Et que par la grandeur de mes reſſentimens

1164 3889 3169 4030 Ie laiſſe aller au jour celle de mes tourmens.

1165 4011 2998 4158 Vn aveu ſi public qu’en feroit ma colere

1161 4135 3076 4289 Enfleroit trop l’orgueil de ton ame legere,

1162 4265 3037 4406 Et me convaincroit trop de ce deſir abjet

1170 4381 3213 4540 Qui m’a fait ſoûpirer pour un indigne objet.

1160 4511 3168 4660 Ie ſçauray me vanger, mais avec l’apparence

1157 4633 3336 4784 De n’avoir pour tous deux que de l’indifference,

1157 4757 2919 4901 Il fut toûjours permis de tirer ſa raiſon

1154 4881 2643 5023 D’une infidelité par une trahiſon.

1156 5007 3056 5158 Tien, déloyal amy, tien ton ame aſſeurée

1157 5131 3164 5280 Que ton heur ſurprenant aura peu de durée,

1151 5255 3055 5430 Et que par une adreſſe égale à tes forfaits,

1148 5379 3239 5529 Ie mettray le deſordre ou tu crois voir la paix.

1148 5493 3204 5640 L’esprit fourbe & venal d’un voiſin de Melite

1149 5623 3076 5775 Donnera prompte iſſuë à ce que je médite,

3544 5780 3871 5878 A ſervir
