<?xml version="1.0" encoding="UTF-8"?>
<PcGts xmlns="http://schema.primaresearch.org/PAGE/gts/pagecontent/2013-07-15" xmlns:xsi="http://www.w3.org/2001/XMLSchema-instance" xmlns:xs="http://www.w3.org/2001/XMLSchema" xmlns:pr="http://schema.primaresearch.org/PAGE/gts/pagecontent/2013-07-15" xsi:schemaLocation="http://schema.primaresearch.org/PAGE/gts/pagecontent/2013-07-15 http://schema.primaresearch.org/PAGE/gts/pagecontent/2013-07-15/pagecontent.xsd">
  <Metadata>
        <Creator/>
        <Created>2019-02-01T09:58:35.169+01:00</Created>
        <LastChange>2019-02-01T11:44:23.114+01:00</LastChange>
        <Comments>
                Measurement unit: pixel
                PrimaryLanguage: English
                Language: FrenchStandard
                Producer: ABBYY FineReader Engine 11</Comments>
        <TranskribusMetadata docId="188655" pageId="7481091" pageNr="35" tsid="13156542" status="DONE" userId="10612" imgUrl="https://files.transkribus.eu/Get?id=QDZZKCGXJRDZGGBDLXTXKWWC&amp;fileType=view" xmlUrl="https://files.transkribus.eu/Get?id=LCKYBQUUUIQSIVUTDDVRUSYY" imageId="2612690"/>
    </Metadata>
  <Page imageFilename="Moliere1669_Dandin_cb30958651f_cropped_corrected_0035.png" imageWidth="4078" imageHeight="7369">
    <PrintSpace>
            <Coords points="0,74 3431,74 3431,6615 0,6615"/>
        </PrintSpace>
    <ReadingOrder>
            <OrderedGroup id="ro_1604226796122" caption="Regions reading order">
                <RegionRefIndexed index="0" regionRef="r_1_1"/>
                <RegionRefIndexed index="1" regionRef="r_1_2"/>
                <RegionRefIndexed index="2" regionRef="r_1_3"/>
                <RegionRefIndexed index="3" regionRef="r_1_4"/>
                <RegionRefIndexed index="4" regionRef="r_1_5"/>
                <RegionRefIndexed index="5" regionRef="r_1_6"/>
                <RegionRefIndexed index="6" regionRef="r_1_7"/>
            </OrderedGroup>
        </ReadingOrder>
    <TextRegion type="paragraph" id="r_1_1" custom="readingOrder {index:0;}">
      <Coords points="1152,146 3309,146 3309,425 1152,425"/>
      <TextLine id="tl_1" primaryLanguage="English" custom="structure {type:default;} readingOrder {index:0;}">
        <Coords points="1153,147 3308,147 3308,424 1153,424"/>
        <Baseline points="1153,390 1332,390 1832,372 3307,424"/>
        <Word id="w_w2aab1b1b2b1b1ab1">
          <Coords points="1153,147 3308,147 3308,424 1153,424"/>
          <TextEquiv>
            <Unicode>Comedie. 23</Unicode>
          </TextEquiv>
        </Word>
      </TextLine>
    </TextRegion>
    <TextRegion type="paragraph" id="r_1_2" custom="readingOrder {index:1;}">
      <Coords points="656,500 2632,500 2632,724 656,724"/>
      <TextLine id="tl_2" primaryLanguage="English" custom="structure {type:default;} readingOrder {index:0;}">
        <Coords points="657,501 2631,501 2631,723 657,723"/>
        <Baseline points="657,699 1511,692 2630,683"/>
        <Word id="w_w2aab1b1b2b3b1ab1">
          <Coords points="657,501 2631,501 2631,723 657,723"/>
          <TextEquiv>
            <Unicode>GEORGE DANDIN.</Unicode>
          </TextEquiv>
          <TextStyle fontFamily="Times New Roman" fontSize="8.5"/>
        </Word>
      </TextLine>
    </TextRegion>
    <TextRegion type="paragraph" id="r_1_3" custom="readingOrder {index:2;}">
      <Coords points="0,718 3325,718 3325,4822 0,4822"/>
      <TextLine id="tl_3" primaryLanguage="English" custom="structure {type:default;} readingOrder {index:0;}">
        <Coords points="176,719 3312,719 3312,1108 176,1108"/>
        <Baseline points="177,992 407,986 999,981 2202,1017 3310,1040"/>
        <Word id="w_w2aab1b1b2b5b1ab1">
          <Coords points="176,719 3312,719 3312,1108 176,1108"/>
          <TextEquiv>
            <Unicode>Et quels auantages, Madame,</Unicode>
          </TextEquiv>
          <TextStyle fontFamily="Times New Roman" fontSize="11.0"/>
        </Word>
      </TextLine>
      <TextLine id="tl_4" primaryLanguage="English" custom="structure {type:default;} readingOrder {index:1;}">
        <Coords points="16,1060 3312,1060 3312,1436 16,1436"/>
        <Baseline points="16,1394 827,1287 1847,1285 2055,1371 2239,1278 2360,1280 3175,1298 3310,1244"/>
        <Word id="w_w2aab1b1b2b5b3ab1">
          <Coords points="16,1060 3312,1060 3312,1436 16,1436"/>
          <TextEquiv>
            <Unicode>puiſque Madame y a? L’auan¬</Unicode>
          </TextEquiv>
          <TextStyle fontFamily="Times New Roman" fontSize="11.0"/>
        </Word>
      </TextLine>
      <TextLine id="tl_5" primaryLanguage="English" custom="structure {type:default;} readingOrder {index:2;}">
        <Coords points="28,1361 3324,1361 3324,1732 28,1732"/>
        <Baseline points="29,1605 431,1606 791,1607 1167,1604 1612,1602 2711,1604 3323,1620"/>
        <Word id="w_w2aab1b1b2b5b5ab1">
          <Coords points="28,1361 3324,1361 3324,1732 28,1732"/>
          <TextEquiv>
            <Unicode>ture n’a pas eſté mauuaiſe pour</Unicode>
          </TextEquiv>
          <TextStyle fontFamily="Times New Roman" fontSize="11.0"/>
        </Word>
      </TextLine>
      <TextLine id="tl_6" primaryLanguage="English" custom="structure {type:default;} readingOrder {index:3;}">
        <Coords points="16,1665 3316,1665 3316,2020 16,2020"/>
        <Baseline points="17,1926 891,1916 1383,1923 1947,2002 2391,1924 3313,1996"/>
        <Word id="w_w2aab1b1b2b5b7ab1">
          <Coords points="16,1665 3316,1665 3316,2020 16,2020"/>
          <TextEquiv>
            <Unicode>vous, car ſans moy vos affaires,</Unicode>
          </TextEquiv>
          <TextStyle fontFamily="Times New Roman" fontSize="11.0"/>
        </Word>
      </TextLine>
      <TextLine id="tl_7" primaryLanguage="English" custom="structure {type:default;} readingOrder {index:4;}">
        <Coords points="24,1989 3312,1989 3312,2356 24,2356"/>
        <Baseline points="25,2222 478,2227 1198,2228 3310,2264"/>
        <Word id="w_w2aab1b1b2b5b9ab1">
          <Coords points="24,1989 3312,1989 3312,2356 24,2356"/>
          <TextEquiv>
            <Unicode>auec voſtre permiſſiõ, eſtoient</Unicode>
          </TextEquiv>
          <TextStyle fontFamily="Times New Roman" fontSize="11.0"/>
        </Word>
      </TextLine>
      <TextLine id="tl_8" primaryLanguage="English" custom="structure {type:default;} readingOrder {index:5;}">
        <Coords points="19,2313 3311,2313 3311,2668 19,2668"/>
        <Baseline points="21,2534 434,2542 1601,2602 1903,2562 2510,2566 3310,2580"/>
        <Word id="w_w2aab1b1b2b5c11ab1">
          <Coords points="19,2313 3311,2313 3311,2668 19,2668"/>
          <TextEquiv>
            <Unicode>fort délabrées, &amp; mon argent</Unicode>
          </TextEquiv>
          <TextStyle fontFamily="Times New Roman" fontSize="11.0"/>
        </Word>
      </TextLine>
      <TextLine id="tl_9" primaryLanguage="English" custom="structure {type:default;} readingOrder {index:6;}">
        <Coords points="15,2609 3311,2609 3311,2976 15,2976"/>
        <Baseline points="17,2842 118,2842 670,2853 814,2943 1103,2863 2390,2884 3310,2896"/>
        <Word id="w_w2aab1b1b2b5c13ab1">
          <Coords points="15,2609 3311,2609 3311,2976 15,2976"/>
          <TextEquiv>
            <Unicode>a ſeruy à reboucher d’aſſez</Unicode>
          </TextEquiv>
          <TextStyle fontFamily="Times New Roman" fontSize="11.0"/>
        </Word>
      </TextLine>
      <TextLine id="tl_10" primaryLanguage="English" custom="structure {type:default;} readingOrder {index:7;}">
        <Coords points="15,2933 3307,2933 3307,3304 15,3304"/>
        <Baseline points="16,3154 518,3167 1198,3204 1806,3188 2378,3280 3306,3292"/>
        <Word id="w_w2aab1b1b2b5c15ab1">
          <Coords points="15,2933 3307,2933 3307,3304 15,3304"/>
          <TextEquiv>
            <Unicode>bons trous; mais moy dequoy</Unicode>
          </TextEquiv>
          <TextStyle fontFamily="Times New Roman" fontSize="11.0"/>
        </Word>
      </TextLine>
      <TextLine id="tl_11" primaryLanguage="English" custom="structure {type:default;} readingOrder {index:8;}">
        <Coords points="19,3257 3311,3257 3311,3624 19,3624"/>
        <Baseline points="19,3546 130,3546 402,3554 642,3477 1706,3503 2265,3514 2828,3582 3309,3524"/>
        <Word id="w_w2aab1b1b2b5c17ab1">
          <Coords points="19,3257 3311,3257 3311,3624 19,3624"/>
          <TextEquiv>
            <Unicode>y ay ie profité, ie vous prie, que</Unicode>
          </TextEquiv>
          <TextStyle fontFamily="Times New Roman" fontSize="11.0"/>
        </Word>
      </TextLine>
      <TextLine id="tl_12" primaryLanguage="English" custom="structure {type:default;} readingOrder {index:9;}">
        <Coords points="23,3533 3311,3533 3311,3940 23,3940"/>
        <Baseline points="24,3770 466,3787 1889,3826 2253,3858 3008,3896 3309,3856"/>
        <Word id="w_w2aab1b1b2b5c19ab1">
          <Coords points="23,3533 3311,3533 3311,3940 23,3940"/>
          <TextEquiv>
            <Unicode>d’vn alongement de nom, &amp;</Unicode>
          </TextEquiv>
          <TextStyle fontFamily="Times New Roman" fontSize="11.0"/>
        </Word>
      </TextLine>
      <TextLine id="tl_13" primaryLanguage="English" custom="structure {type:default;} readingOrder {index:10;}">
        <Coords points="0,3876 3302,3876 3302,4260 0,4260"/>
        <Baseline points="0,4177 254,4092 785,4119 1153,4124 2129,4145 3300,4212"/>
        <Word id="w_w2aab1b1b2b5c21ab1">
          <Coords points="0,3876 3302,3876 3302,4260 0,4260"/>
          <TextEquiv>
            <Unicode>au lieu de George Dandin,</Unicode>
          </TextEquiv>
          <TextStyle fontFamily="Times New Roman" fontSize="11.0"/>
        </Word>
      </TextLine>
      <TextLine id="tl_14" primaryLanguage="English" custom="structure {type:default;} readingOrder {index:11;}">
        <Coords points="22,4193 3314,4193 3314,4564 22,4564"/>
        <Baseline points="24,4394 733,4422 1425,4451 1841,4449 2469,4465 2757,4465 3313,4484"/>
        <Word id="w_w2aab1b1b2b5c23ab1">
          <Coords points="22,4193 3314,4193 3314,4564 22,4564"/>
          <TextEquiv>
            <Unicode>d'auoir receu par vous le titre</Unicode>
          </TextEquiv>
          <TextStyle fontFamily="Times New Roman" fontSize="11.0"/>
        </Word>
      </TextLine>
      <TextLine id="tl_15" primaryLanguage="English" custom="structure {type:default;} readingOrder {index:12;}">
        <Coords points="27,4489 3318,4489 3318,4821 27,4821"/>
        <Baseline points="28,4714 253,4732 1337,4762 1877,4773 3317,4805"/>
        <Word id="w_w2aab1b1b2b5c25ab1">
          <Coords points="27,4489 3318,4489 3318,4821 27,4821"/>
          <TextEquiv>
            <Unicode>de Monſieur de la Dandiniere?</Unicode>
          </TextEquiv>
          <TextStyle fontFamily="Times New Roman" fontSize="11.0"/>
        </Word>
      </TextLine>
    </TextRegion>
    <TextRegion type="paragraph" id="r_1_4" custom="readingOrder {index:3;}">
      <Coords points="539,4831 2747,4831 2747,5058 539,5058"/>
      <TextLine id="tl_16" primaryLanguage="English" custom="structure {type:default;} readingOrder {index:0;}">
        <Coords points="540,4832 2746,4832 2746,5057 540,5057"/>
        <Baseline points="540,4982 785,4991 1054,4999 2744,5049"/>
        <Word id="w_w2aab1b1b2b7b1ab1">
          <Coords points="540,4832 2746,4832 2746,5057 540,5057"/>
          <TextEquiv>
            <Unicode>Mr DE SOTENVILLE.</Unicode>
          </TextEquiv>
        </Word>
      </TextLine>
    </TextRegion>
    <TextRegion type="paragraph" id="r_1_5" custom="readingOrder {index:4;}">
      <Coords points="0,5055 3320,5055 3320,5976 0,5976"/>
      <TextLine id="tl_17" primaryLanguage="English" custom="structure {type:default;} readingOrder {index:0;}">
        <Coords points="235,5056 3319,5056 3319,5397 235,5397"/>
        <Baseline points="236,5258 546,5264 2029,5319 2700,5388 3317,5349"/>
        <Word id="w_w2aab1b1b2b9b1ab1">
          <Coords points="235,5056 3319,5056 3319,5397 235,5397"/>
          <TextEquiv>
            <Unicode>Ne contez-vous rien, mon</Unicode>
          </TextEquiv>
          <TextStyle fontFamily="Times New Roman" fontSize="11.0"/>
        </Word>
      </TextLine>
      <TextLine id="tl_18" primaryLanguage="English" custom="structure {type:default;} readingOrder {index:1;}">
        <Coords points="42,5353 3307,5353 3307,5756 42,5756"/>
        <Baseline points="43,5647 820,5635 1989,5643 2761,5649 3306,5660"/>
        <Word id="w_w2aab1b1b2b9b3ab1">
          <Coords points="42,5353 3307,5353 3307,5756 42,5756"/>
          <TextEquiv>
            <Unicode>gendre, l’auantage d’eſtre allié</Unicode>
          </TextEquiv>
          <TextStyle fontFamily="Times New Roman" fontSize="11.0"/>
        </Word>
      </TextLine>
      <TextLine id="tl_19" primaryLanguage="English" custom="structure {type:default;} readingOrder {index:2;}">
        <Coords points="0,5649 2871,5649 2871,5975 0,5975"/>
        <Baseline points="2,5761 154,5867 378,5874 1173,5932 1513,5949 2518,5958 2869,5975"/>
        <Word id="w_w2aab1b1b2b9b5ab1">
          <Coords points="0,5649 2871,5649 2871,5975 0,5975"/>
          <TextEquiv>
            <Unicode>à la maiſon de Sotenuille?</Unicode>
          </TextEquiv>
        </Word>
      </TextLine>
    </TextRegion>
    <TextRegion type="paragraph" id="r_1_6" custom="readingOrder {index:5;}">
      <Coords points="514,5943 2668,5932 2668,6237 514,6248"/>
      <TextLine id="tl_20" primaryLanguage="English" custom="structure {type:default;} readingOrder {index:0;}">
        <Coords points="519,5939 2667,5933 2667,6236 519,6242"/>
        <Baseline points="535,6130 766,6127 1118,6183 2664,6220"/>
        <Word id="w_w2aab1b1b2c11b1b1b3">
          <Coords points="519,5939 2667,5933 2667,6236 519,6242"/>
          <TextEquiv>
            <Unicode>Me DE SOTENVILLE.</Unicode>
          </TextEquiv>
        </Word>
      </TextLine>
    </TextRegion>
    <TextRegion type="paragraph" id="r_1_7" custom="readingOrder {index:6;}">
      <Coords points="308,6185 3316,6186 3316,6586 308,6585"/>
      <TextLine id="tl_21" primaryLanguage="English" custom="structure {type:default;} readingOrder {index:0;}">
        <Coords points="305,6187 3315,6186 3315,6585 305,6586"/>
        <Baseline points="325,6410 653,6443 756,6443 1302,6482 1910,6506 3313,6585"/>
        <Word id="w_w2aab1b1b2c13b1ab1">
          <Coords points="305,6187 3315,6186 3315,6585 305,6586"/>
          <TextEquiv>
            <Unicode>Et à celle de la Prudoterie,</Unicode>
          </TextEquiv>
          <TextStyle fontFamily="Times New Roman" fontSize="11.0"/>
        </Word>
      </TextLine>
    </TextRegion>
  </Page>
</PcGts>
