4042 7342
1325 179 3461 441 Comedie. 3

119 461 3451 813 ie ſuis, de m’allier en bonne &

109 774 3445 1160 franche payſanerie, que de

122 1109 3457 1486 prẽdre vne femme qui ſe tient

108 1399 3463 1753 au deſſus de moy, s’offence de

115 1721 3442 2110 porter mon nom, & penſe

121 2053 3450 2414 qu’auec tout mon bien ie n’ay

108 2360 3447 2731 pas aſſez acheté la qualité de sõ

111 2685 3459 3037 mary. George Dandin, George

108 2984 3449 3310 Dandin, vous auez fait vne ſo¬

116 3306 3456 3670 tiſe la plus grande du monde.

110 3611 3446 3951 Ma maiſon m’eſt effroyable

106 3969 3437 4276 maintenant, & ie n’y rentre

92 4254 3456 4605 point ſans y trouuer quelque

98 4569 1003 4916 chagrin.
