4042 7369
1071 47 3374 312 Comedie. 27

36 341 3391 692 nous ne ſommes point gens à

37 669 3380 1028 la ſupporter dans de mauuai¬

38 961 3385 1296 ſes actions, & nous ſerons les

35 1281 3390 1660 premiers, ſa mere & moy, à

37 1609 2479 1876 vous en faire la iuſtice.

531 1958 2836 2139 Me DE SOTENVILLE.

167 2199 3386 2540 Nous n’entendons point rail¬

37 2501 3399 2776 lerie ſur les matieres de l'hon¬

34 2825 3372 3108 neur, & nous l’auons éleuée

34 3129 3357 3488 dans toute la ſeuerité poſſible.

665 3491 2670 3677 GEORGE DANDIN.

161 3711 3380 4056 Tout ce que ie vous puis dire,

35 4013 3381 4360 c’eſt qu’il y a icy vn certain

36 4333 3378 4684 Courtiſan que vous auez veu,

37 4641 3380 4972 qui eſt amoureux d’elle à ma

30 4933 3381 5312 barbe, & qui luy a fait faire

31 5253 3374 5648 des proteſtations d’amour, qu’¬

41 5562 3355 5880 elle a tres-humainement eſ¬

46 5874 888 6121 coutées.

2355 6283 2805 6491 C ii
