4042 7200
625 791 3277 1049 Extrait du Priuilege du Roy.

270 1255 3656 1702 PAr grace & priuilege du Roy, donné

592 1481 3659 1710 à Paris le dernier iour de Septembre

259 1703 3671 1966 1668. ſigné par le Roy en ſon Conſeil GVI¬

259 1939 3648 2174 TONNEAV. Il eſt permis au Sieur de MO¬

256 2155 3680 2394 LIERE de faire imprimer, vendre & debiter

260 2383 3668 2630 vne Comedie par luy composée intitulée Geor¬

212 2607 3661 2850 ge Dandin, ou le mary confondu, pendant

249 2823 3657 3054 ſept années, & defenſes ſont faites à tous

253 3055 3650 3290 autres de l’imprimer, ny d’autre édition

254 3279 3658 3514 que celle de l’Expoſant, ou de ceux qui

254 3503 3643 3730 auront droit de luy, à peine de trois mille

259 3711 3643 3918 liures d’amende, confiſcation des exem¬

255 3951 3636 4190 plaires contrefaits, & de tous dépens,

256 4171 3640 4426 dommages, & intereſts, comme il eſt plus

252 4400 3213 4642 amplement porté par leſdites lettres.

421 4839 3641 5029 Ledit Sieur de MOLIERE a cedé ſon droit

266 5047 3638 5314 de Priuilege à IEAN RIBOV Marchand

266 5275 3614 5494 Libraire à Paris, ſuiuant l’accord fait en¬

258 5528 847 5678 tre eux.

443 5955 3452 6181 Regiſtré ſur le liure de la Communauté.

544 6171 3312 6417 Signé, A. SOVBERON, Syndic.
