4042 7603
565 177 3280 527 30 George Dandin,

514 485 3957 873 le s’oubliaſt de la ſorte, apres

523 829 3938 1197 le ſage exemple que vous ſça¬

504 1153 3947 1537 uez vous-meſme que ie luy ay

498 1477 1328 1716 donné.

1042 1878 3388 2076 Mr DE SOTENVILLE.

631 2174 3937 2457 Nous allons éclaircir l’affai¬

455 2512 3910 2865 re. Suiuez moy, mon gendre,

452 2868 3919 3193 & ne vous mettez pas en pei¬

433 3164 3884 3513 ne, vous verrez de quel bois

426 3488 3897 3849 nous nous chauffons lors qu'õ

407 3816 3886 4181 s’attaque à ceux qui nous peu¬

408 4168 2306 4498 uent appartenir.

851 4704 3477 4945 GEORGE DANDIN.

534 5217 3856 5568 Le voicy qui vient vers nous.
