4042 7342
1270 106 3430 382 Comedie. 15

122 410 3450 750 ſiez vous vanger, & la Gentil¬

122 722 3470 986 hommerie vous tient les bras

134 1050 3466 1382 liez. L’égalité de condition

126 1358 3466 1614 laiſſe du moins à l’honneur

134 1682 3466 1994 d’vn mary liberté de reſſenti¬

142 2002 3482 2286 ment, & ſi c’eſtoit vne Païſan¬

126 2338 3474 2598 ne, vous auriez maintenant

138 2626 3482 2866 toutes vos coudées franches à

134 2942 3470 3182 vous en faire la iuſtice à bons

138 3266 3482 3578 coups de baſton. Mais vous

134 3574 3482 3810 auez voulu taſter de la Nobleſ¬

146 3894 3470 4206 ſe, & il vous ennuyoit d’eſtre

138 4206 3466 4538 maiſtre chez vous. Ah! i'enrage

134 4510 3466 4798 de tout mon coeur, & ie me

134 4826 3470 5082 donnerois volontiers des ſouf¬

142 5130 3466 5490 flets. Quoy écouter impudem¬

138 5482 3454 5718 ment l’amour d’vn Damoi¬

146 5746 3462 6106 ſeau, & y promettre en meſme

142 6106 3446 6434 temps de la correspondance!

2206 6462 2634 6746 B ij
