4042 7405
608 117 3230 450 12 George Dandin,

614 429 3900 794 dra qu’à elle que nous ne ſoyõs

628 745 2661 1006 mariez enſemble.

1110 1067 3607 1295 GEORGE DANDIN.

943 1313 3909 1660 Mais quelle réponſe a fait la

625 1637 3915 1918 Maiſtreſſe à ce Monsieur le

632 1986 1921 2222 Courtiſan?

1806 2288 2863 2486 LVBIN.

871 2536 3913 2865 Elle m’a dit de luy dire... at¬

633 2848 3914 3188 tendez, ie ne ſçay ſi ie me ſou¬

635 3177 3921 3430 viendrez bien de tout cela.

653 3485 3915 3822 Qu’elle luy eſt tout à fait obli¬

643 3809 3925 4158 gée de l’affection qu’il a pour

645 4133 3927 4466 elle, & qu’à cauſe de ſon ma¬

647 4453 3969 4798 ry qui eſt fantaſque, il garde

653 4769 3935 5122 d’en rien faire paroiſtre, &

639 5077 3977 5442 qu’il faudra ſonger à chercher

657 5401 3935 5754 quelque invention pour ſe

668 5733 3945 6062 pouuoir entretenir tous deux.

2884 6361 3951 6627 GEORGE
