4089 7536
1252 250 3469 640 Comedie. 37

61 525 3486 938 choſe! I'amene icy ma fille

56 847 3487 1318 pour éclaircir l’affaire en pre¬

61 1174 2740 1517 ſence de tout le monde.

915 1554 2288 1780 CLITANDRE.

268 1791 3482 2165 Eſt ce donc vous, Madame,

58 2112 3480 2542 qui auez dit à voſtre mary que

58 2441 2957 2761 ie ſuis amoureux de vous?

821 2825 2488 3107 ANGELIQVE.

266 3095 3473 3506 Moy, & comment luy au¬

66 3412 3483 3839 rois-ie dit? Eſt-ce que cela eſt?

63 3739 3480 4165 Ie voudrois bien le voir vray¬

57 4051 3484 4467 ment que vous fuſſiez amou¬

49 4370 3485 4808 reux de moy. Ioüez vous-y, ie

46 4721 3474 5120 vous en prie, vous trouuerez à

46 5020 3487 5468 qui parler. C'eſt vne choſe que

47 5332 3472 5788 ie vous conſeille de faire. Ayés

48 5683 3464 6092 recours pour voir à tous les dé¬

52 5983 3458 6442 tours des Amans. Eſſayez vn

41 6318 3446 6766 peu par plaiſir à m'enuoyer des

2471 6769 2694 6980 D
