4042 7415
1409 171 3062 496 George Dandin,

525 224 775 401 16

536 473 3853 829 Morbleu ie ne veux point

527 801 3864 1129 laiſſer paſſer vne occaſion de

527 1113 3867 1453 la ſorte. Il me faut de ce pas al¬

530 1433 3871 1770 ler faire mes plaintes au pere &

537 1761 3882 2034 à la mere, & les rendre témoins

540 2065 3881 2402 à telle fin que de raiſon, des ſu¬

519 2393 3896 2734 jets de chagrin & de reſſenti¬

531 2709 3875 3030 ment que leur fille me donne.

530 3025 3887 3366 Mais les voicy l'vn & l’autre

529 3353 2150 3693 fort à propos.

920 4492 3697 4827 SCENE IV.

538 4985 3898 5138 MONSIEVR ET MADAME DE

757 5170 3733 5353 SOTENVILLE, GEORGE DANDIN.

848 5434 3669 5645 Mr DE SOTENVILLE.

603 5876 3926 6537 V'eſt ce, mon gendre?

1340 6203 3911 6538 vous me paroiſſez tout

549 6533 1495 6771 troublé.
