4042 7603
489 266 3196 608 38 George Dandin,

482 585 3869 902 ambaſſades, à m’écrire ſecret¬

494 907 3882 1280 temẽt de petits billets doux, à

498 1259 3885 1620 épier les momens que mon

483 1556 3890 1934 mary n’y ſera pas, ou le temps

488 1891 3891 2265 que ie ſortiray pour me parler

480 2231 3895 2501 de voſtre amour. Vous n’auez

484 2562 3895 2925 qu'à y venir, ie vous promets

489 2876 3900 3233 que vous ſerez receu comme il

493 3225 1032 3462 faut.

1550 3534 2949 3726 CLITANDRE.

734 3831 3917 4142 Hé là là, Madame, tout dou¬

494 4163 3921 4508 cement. Il n’eſt pas neceſſaire

494 4487 3922 4828 de me faire tant de leçons, &

503 4811 3919 5136 de vous tant ſcandaliſer. Qui

504 5137 3919 5503 vous dit que ie ſonge à vous

513 5508 1251 5731 aimer?

1621 5840 3011 6054 ANGELIQVE.

648 6099 3928 6450 Que ſçay-ie moy ce qu'on

494 6436 2833 6768 me vient conter icy?
