4042 7369
1373 196 3427 550 Comedie. 25

588 543 2884 790 Mr DE SOTENVILLE.

361 776 3431 1163 Tout beau. Prenez garde à

76 1100 3430 1512 ce que vous dites. Ma fille eſt

71 1424 3437 1821 d’vne race trop pleine de vertu

65 1732 3443 2145 pour ſe porter iamais à faire

75 2053 3436 2369 aucune choſe dont l’honneſte¬

86 2369 3439 2721 té ſoit bleſſée, & de la maiſon

84 2696 3446 3081 de la Prudoterie, il y a plus de

91 3033 3433 3413 trois cens ans qu'on n'a point

85 3321 3439 3721 remarqué qu’il y ait eu de fem¬

104 3640 3458 4040 me, Dieu mercy, qui ait fait

82 3998 1392 4341 parler d’elle.

597 4320 2912 4543 Mr DE SOTENVILLE.

398 4561 3455 4907 Corbleu, dans la maiſon de

101 4877 3449 5213 Sotenuille on n’a iamais veu de

111 5201 3457 5581 coquette, & la brauoure n’y

125 5501 3451 5900 eſt pas plus hereditaire aux

120 5825 3442 6221 maſles, que la chaſteté aux fe¬

134 6178 855 6440 melles.

2513 6520 2705 6724 C
