4042 7593
703 120 3414 510 46 George Dandin,

695 440 4018 833 regles pour l’auoir à tort accu¬

701 756 995 999 ſé.

946 1171 3875 1478 GEORGE DANDIN.

1011 1508 4015 1906 C’eſt vne choſe moy dont

671 1828 4018 2234 ie ne demeure pas d’accord de

646 2139 4010 2578 l’auoir à tort accuſé, & ie ſçay

654 2468 3342 2864 bien ce que i’en penſe.

1119 2900 3451 3132 Mr DE SOTENVILLE.

964 3188 4003 3598 Il n’importe. Quelque pen¬

624 3491 4015 3914 ſée qui vous puiſſe reſter, il a

615 3819 3999 4238 nié, c’eſt ſatisfaire les perſon¬

616 4155 3998 4522 nes, & l'on n'a nul droit de ſe

607 4467 3998 4882 plaindre de tout homme qui

613 4799 1618 5061 ſe dédit.

972 5165 3573 5439 GEORGE DANDIN.

732 5491 3992 5910 Si bien donc que ſi ie le trou¬

582 5811 3988 6166 uois couché auec ma femme, il

559 6142 3975 6574 en ſeroit quitte pour ſe dédire.
