<?xml version="1.0" encoding="UTF-8"?>
<PcGts xmlns="http://schema.primaresearch.org/PAGE/gts/pagecontent/2013-07-15" xmlns:xsi="http://www.w3.org/2001/XMLSchema-instance" xmlns:xs="http://www.w3.org/2001/XMLSchema" xmlns:pr="http://schema.primaresearch.org/PAGE/gts/pagecontent/2013-07-15" xsi:schemaLocation="http://schema.primaresearch.org/PAGE/gts/pagecontent/2013-07-15 http://schema.primaresearch.org/PAGE/gts/pagecontent/2013-07-15/pagecontent.xsd">
  <Metadata>
        <Creator/>
        <Created>2019-02-01T09:58:38.006+01:00</Created>
        <LastChange>2019-07-27T12:40:36.836+02:00</LastChange>
        <Comments>
                Measurement unit: pixel
                PrimaryLanguage: English
                Language: FrenchStandard
                Producer: ABBYY FineReader Engine 11</Comments>
        <TranskribusMetadata docId="188655" pageId="7481096" pageNr="40" tsid="13156548" status="DONE" userId="10612" imgUrl="https://files.transkribus.eu/Get?id=CPNTJWDEFIIMZBJABAMSFSTC&amp;fileType=view" xmlUrl="https://files.transkribus.eu/Get?id=KDWFCVZZKDQRUVSXVVXMMVYD" imageId="2612695"/>
    </Metadata>
  <Page imageFilename="Moliere1669_Dandin_cb30958651f_cropped_corrected_0040.png" imageWidth="4042" imageHeight="7603">
    <PrintSpace>
            <Coords points="461,0 4042,0 4042,6955 461,6955"/>
        </PrintSpace>
    <ReadingOrder>
            <OrderedGroup id="ro_1604226798260" caption="Regions reading order">
                <RegionRefIndexed index="0" regionRef="r_1_1"/>
                <RegionRefIndexed index="1" regionRef="r_1_2"/>
                <RegionRefIndexed index="2" regionRef="r_1_3"/>
                <RegionRefIndexed index="3" regionRef="r_1_4"/>
                <RegionRefIndexed index="4" regionRef="r_1_5"/>
                <RegionRefIndexed index="5" regionRef="r_1_6"/>
                <RegionRefIndexed index="6" regionRef="r_1_7"/>
                <RegionRefIndexed index="7" regionRef="r_1_8"/>
            </OrderedGroup>
        </ReadingOrder>
    <TextRegion type="paragraph" id="r_1_1" custom="readingOrder {index:0;}">
      <Coords points="582,49 3232,49 3232,413 582,413"/>
      <TextLine id="tl_1" primaryLanguage="English" custom="structure {type:default;} readingOrder {index:0;}">
        <Coords points="583,50 3231,50 3231,412 583,412"/>
        <Baseline points="585,312 686,312 1751,402 1842,292 2155,382 2246,276 3230,335"/>
        <Word id="w_w2aab1b1b2b1b1ab1">
          <Coords points="583,50 3231,50 3231,412 583,412"/>
          <TextEquiv>
            <Unicode>28 George Dandin,</Unicode>
          </TextEquiv>
        </Word>
      </TextLine>
    </TextRegion>
    <TextRegion type="paragraph" id="r_1_2" custom="readingOrder {index:1;}">
      <Coords points="1114,371 3449,371 3449,576 1114,576"/>
      <TextLine id="tl_2" primaryLanguage="English" custom="structure {type:default;} readingOrder {index:0;}">
        <Coords points="1115,372 3448,372 3448,575 1115,575"/>
        <Baseline points="1115,571 1380,557 1804,557 3448,548"/>
        <Word id="w_w2aab1b1b2b3b1ab1">
          <Coords points="1115,372 3448,372 3448,575 1115,575"/>
          <TextEquiv>
            <Unicode>Me DE SOTENVILLE.</Unicode>
          </TextEquiv>
          <TextStyle fontFamily="Times New Roman" fontSize="10.0"/>
        </Word>
      </TextLine>
    </TextRegion>
    <TextRegion type="paragraph" id="r_1_3" custom="readingOrder {index:2;}">
      <Coords points="562,598 3963,598 3963,1853 562,1853"/>
      <TextLine id="tl_3" primaryLanguage="English" custom="structure {type:default;} readingOrder {index:0;}">
        <Coords points="717,599 3952,599 3952,979 717,979"/>
        <Baseline points="717,863 1239,862 1591,851 2428,894 2743,832 3951,852"/>
        <Word id="w_w2aab1b1b2b5b1ab1">
          <Coords points="717,599 3952,599 3952,979 717,979"/>
          <TextEquiv>
            <Unicode>Iour de Dieu, ie l'étrangle¬</Unicode>
          </TextEquiv>
          <TextStyle fontFamily="Times New Roman" fontSize="12.0"/>
        </Word>
      </TextLine>
      <TextLine id="tl_4" primaryLanguage="English" custom="structure {type:default;} readingOrder {index:1;}">
        <Coords points="568,947 3951,947 3951,1284 568,1284"/>
        <Baseline points="569,1192 995,1193 1323,1190 1814,1181 2758,1163 3635,1226 3951,1199"/>
        <Word id="w_w2aab1b1b2b5b3ab1">
          <Coords points="568,947 3951,947 3951,1284 568,1284"/>
          <TextEquiv>
            <Unicode>rois de mes propres mains, s’il</Unicode>
          </TextEquiv>
          <TextStyle fontFamily="Times New Roman" fontSize="12.0"/>
        </Word>
      </TextLine>
      <TextLine id="tl_5" primaryLanguage="English" custom="structure {type:default;} readingOrder {index:2;}">
        <Coords points="563,1239 3962,1239 3962,1608 563,1608"/>
        <Baseline points="564,1524 1290,1514 2258,1489 3606,1496 3962,1519"/>
        <Word id="w_w2aab1b1b2b5b5ab1">
          <Coords points="563,1239 3962,1239 3962,1608 563,1608"/>
          <TextEquiv>
            <Unicode>falloit qu’elle forlignaſt de</Unicode>
          </TextEquiv>
          <TextStyle fontFamily="Times New Roman" fontSize="12.0"/>
        </Word>
      </TextLine>
      <TextLine id="tl_6" primaryLanguage="English" custom="structure {type:default;} readingOrder {index:3;}">
        <Coords points="563,1577 3293,1577 3293,1852 563,1852"/>
        <Baseline points="563,1840 1993,1823 2321,1816 2605,1809 3293,1794"/>
        <Word id="w_w2aab1b1b2b5b7ab1">
          <Coords points="563,1577 3293,1577 3293,1852 563,1852"/>
          <TextEquiv>
            <Unicode>l’honneſteté de ſa mere.</Unicode>
          </TextEquiv>
          <TextStyle fontFamily="Times New Roman" fontSize="12.0"/>
        </Word>
      </TextLine>
    </TextRegion>
    <TextRegion type="paragraph" id="r_1_4" custom="readingOrder {index:3;}">
      <Coords points="562,1903 3971,1903 3971,3153 562,3153"/>
      <TextLine id="tl_7" primaryLanguage="English" custom="structure {type:default;} readingOrder {index:0;}">
        <Coords points="1086,1904 3455,1904 3455,2103 1086,2103"/>
        <Baseline points="1086,2099 1364,2101 1783,2089 3455,2068"/>
        <Word id="w_w2aab1b1b2b7b1ab1">
          <Coords points="1086,1904 3455,1904 3455,2103 1086,2103"/>
          <TextEquiv>
            <Unicode>Mr DE SOTENVILLE.</Unicode>
          </TextEquiv>
          <TextStyle fontFamily="Times New Roman" fontSize="10.0"/>
        </Word>
      </TextLine>
      <TextLine id="tl_8" primaryLanguage="English" custom="structure {type:default;} readingOrder {index:1;}">
        <Coords points="712,2111 3963,2111 3963,2487 712,2487"/>
        <Baseline points="713,2411 2403,2459 3963,2384"/>
        <Word id="w_w2aab1b1b2b7b3ab1">
          <Coords points="712,2111 3963,2111 3963,2487 712,2487"/>
          <TextEquiv>
            <Unicode>Corbleu, ie luy paſſerois mon</Unicode>
          </TextEquiv>
          <TextStyle fontFamily="Times New Roman" fontSize="12.0"/>
        </Word>
      </TextLine>
      <TextLine id="tl_9" primaryLanguage="English" custom="structure {type:default;} readingOrder {index:2;}">
        <Coords points="563,2443 3959,2443 3959,2820 563,2820"/>
        <Baseline points="563,2728 1082,2720 1406,2725 2274,2704 2630,2701 3430,2737 3597,2687 3958,2707"/>
        <Word id="w_w2aab1b1b2b7b5ab1">
          <Coords points="563,2443 3959,2443 3959,2820 563,2820"/>
          <TextEquiv>
            <Unicode>épée au trauers du corps, à elle</Unicode>
          </TextEquiv>
          <TextStyle fontFamily="Times New Roman" fontSize="12.0"/>
        </Word>
      </TextLine>
      <TextLine id="tl_10" primaryLanguage="English" custom="structure {type:default;} readingOrder {index:3;}">
        <Coords points="574,2763 3970,2763 3970,3152 574,3152"/>
        <Baseline points="575,3052 781,3052 1093,3052 2137,3034 2617,3021 3269,3018 3969,3031"/>
        <Word id="w_w2aab1b1b2b7b7ab1">
          <Coords points="574,2763 3970,2763 3970,3152 574,3152"/>
          <TextEquiv>
            <Unicode>&amp; au galant, ſi elle auoit forfait</Unicode>
          </TextEquiv>
          <TextStyle fontFamily="Times New Roman" fontSize="12.0"/>
        </Word>
      </TextLine>
    </TextRegion>
    <TextRegion type="paragraph" id="r_1_5" custom="readingOrder {index:4;}">
      <Coords points="573,3130 2317,3130 2317,3389 573,3389"/>
      <TextLine id="tl_11" primaryLanguage="English" custom="structure {type:default;} readingOrder {index:0;}">
        <Coords points="574,3131 2316,3131 2316,3388 574,3388"/>
        <Baseline points="575,3380 692,3380 1164,3380 2316,3363"/>
        <Word id="w_w2aab1b1b2b9b1ab1">
          <Coords points="574,3131 2316,3131 2316,3388 574,3388"/>
          <TextEquiv>
            <Unicode>à ſon honneur.</Unicode>
          </TextEquiv>
          <TextStyle fontFamily="Times New Roman" fontSize="12.0"/>
        </Word>
      </TextLine>
    </TextRegion>
    <TextRegion type="paragraph" id="r_1_6" custom="readingOrder {index:5;}">
      <Coords points="549,3443 3975,3443 3975,4925 549,4925"/>
      <TextLine id="tl_12" primaryLanguage="English" custom="structure {type:default;} readingOrder {index:0;}">
        <Coords points="1249,3444 3407,3444 3407,3650 1249,3650"/>
        <Baseline points="1249,3650 2171,3638 2571,3622 3407,3613"/>
        <Word id="w_w2aab1b1b2c11b1ab1">
          <Coords points="1249,3444 3407,3444 3407,3650 1249,3650"/>
          <TextEquiv>
            <Unicode>GEORGE DANDIN.</Unicode>
          </TextEquiv>
          <TextStyle fontFamily="Times New Roman" fontSize="10.0"/>
        </Word>
      </TextLine>
      <TextLine id="tl_13" primaryLanguage="English" custom="structure {type:default;} readingOrder {index:1;}">
        <Coords points="723,3671 3963,3671 3963,4031 723,4031"/>
        <Baseline points="724,3935 938,3930 1578,3931 1943,4012 2370,3919 2678,3909 3113,3896 3426,3905 3961,3895"/>
        <Word id="w_w2aab1b1b2c11b3ab1">
          <Coords points="723,3671 3963,3671 3963,4031 723,4031"/>
          <TextEquiv>
            <Unicode>Ie vous ay dit ce qui ſe paſſe</Unicode>
          </TextEquiv>
          <TextStyle fontFamily="Times New Roman" fontSize="12.0"/>
        </Word>
      </TextLine>
      <TextLine id="tl_14" primaryLanguage="English" custom="structure {type:default;} readingOrder {index:2;}">
        <Coords points="555,3995 3974,3995 3974,4365 555,4365"/>
        <Baseline points="556,4365 1121,4260 1725,4258 2321,4240 2829,4243 3973,4228"/>
        <Word id="w_w2aab1b1b2c11b5ab1">
          <Coords points="555,3995 3974,3995 3974,4365 555,4365"/>
          <TextEquiv>
            <Unicode>pour vous faire mes plaintes, &amp;</Unicode>
          </TextEquiv>
          <TextStyle fontFamily="Times New Roman" fontSize="12.0"/>
        </Word>
      </TextLine>
      <TextLine id="tl_15" primaryLanguage="English" custom="structure {type:default;} readingOrder {index:3;}">
        <Coords points="550,4323 3972,4323 3972,4609 550,4609"/>
        <Baseline points="550,4585 752,4588 1332,4590 2460,4575 2808,4567 3252,4559 3556,4560 3971,4499"/>
        <Word id="w_w2aab1b1b2c11b7ab1">
          <Coords points="550,4323 3972,4323 3972,4609 550,4609"/>
          <TextEquiv>
            <Unicode>ie vous demande raiſon de cet¬</Unicode>
          </TextEquiv>
          <TextStyle fontFamily="Times New Roman" fontSize="12.0"/>
        </Word>
      </TextLine>
      <TextLine id="tl_16" primaryLanguage="English" custom="structure {type:default;} readingOrder {index:4;}">
        <Coords points="561,4666 2055,4666 2055,4924 561,4924"/>
        <Baseline points="562,4916 771,4915 1608,4915 2055,4906"/>
        <Word id="w_w2aab1b1b2c11b9ab1">
          <Coords points="561,4666 2055,4666 2055,4924 561,4924"/>
          <TextEquiv>
            <Unicode>te affaire là.</Unicode>
          </TextEquiv>
          <TextStyle fontFamily="Times New Roman" fontSize="12.0"/>
        </Word>
      </TextLine>
    </TextRegion>
    <TextRegion type="paragraph" id="r_1_7" custom="readingOrder {index:6;}">
      <Coords points="1128,4990 3555,4990 3555,5192 1128,5192"/>
      <TextLine id="tl_17" primaryLanguage="English" custom="structure {type:default;} readingOrder {index:0;}">
        <Coords points="1129,4991 3554,4991 3554,5191 1129,5191"/>
        <Baseline points="1129,5187 1410,5181 1874,5173 3554,5151"/>
        <Word id="w_w2aab1b1b2c13b1ab1">
          <Coords points="1129,4991 3554,4991 3554,5191 1129,5191"/>
          <TextEquiv>
            <Unicode>Mr DE SOTENVILLE.</Unicode>
          </TextEquiv>
          <TextStyle fontFamily="Times New Roman" fontSize="10.0"/>
        </Word>
      </TextLine>
    </TextRegion>
    <TextRegion type="paragraph" id="r_1_8" custom="readingOrder {index:7;}">
      <Coords points="549,5213 4043,5213 4043,6922 549,6922"/>
      <TextLine id="tl_18" primaryLanguage="English" custom="structure {type:default;} readingOrder {index:0;}">
        <Coords points="703,5214 4042,5214 4042,5607 703,5607"/>
        <Baseline points="703,5499 1061,5493 1661,5502 3085,5481 4042,5574"/>
        <Word id="w_w2aab1b1b2c15b1ab1">
          <Coords points="703,5214 4042,5214 4042,5607 703,5607"/>
          <TextEquiv>
            <Unicode>Ne vous tourmentez point, ie</Unicode>
          </TextEquiv>
          <TextStyle fontFamily="Times New Roman" fontSize="12.0"/>
        </Word>
      </TextLine>
      <TextLine id="tl_19" primaryLanguage="English" custom="structure {type:default;} readingOrder {index:1;}">
        <Coords points="550,5567 3977,5567 3977,5921 550,5921"/>
        <Baseline points="551,5833 1092,5816 1357,5822 2021,5907 2393,5819 2992,5813 3713,5854 3976,5792"/>
        <Word id="w_w2aab1b1b2c15b3ab1">
          <Coords points="550,5567 3977,5567 3977,5921 550,5921"/>
          <TextEquiv>
            <Unicode>vous la feray de tous deux, &amp;</Unicode>
          </TextEquiv>
          <TextStyle fontFamily="Times New Roman" fontSize="12.0"/>
        </Word>
      </TextLine>
      <TextLine id="tl_20" primaryLanguage="English" custom="structure {type:default;} readingOrder {index:2;}">
        <Coords points="553,5879 3977,5879 3977,6261 553,6261"/>
        <Baseline points="554,6145 748,6148 1240,6151 2340,6144 3052,6133 3760,6118 3975,6107"/>
        <Word id="w_w2aab1b1b2c15b5ab1">
          <Coords points="553,5879 3977,5879 3977,6261 553,6261"/>
          <TextEquiv>
            <Unicode>ie ſuis homme pour ſerrer le</Unicode>
          </TextEquiv>
          <TextStyle fontFamily="Times New Roman" fontSize="12.0"/>
        </Word>
      </TextLine>
      <TextLine id="tl_21" primaryLanguage="English" custom="structure {type:default;} readingOrder {index:3;}">
        <Coords points="561,6207 3976,6207 3976,6585 561,6585"/>
        <Baseline points="561,6481 1439,6477 1735,6478 2295,6464 2863,6467 3271,6455 3975,6439"/>
        <Word id="w_w2aab1b1b2c15b7ab1">
          <Coords points="561,6207 3976,6207 3976,6585 561,6585"/>
          <TextEquiv>
            <Unicode>bouton à qui que ce puiſſe</Unicode>
          </TextEquiv>
          <TextStyle fontFamily="Times New Roman" fontSize="12.0"/>
        </Word>
      </TextLine>
      <TextLine id="tl_22" primaryLanguage="English" custom="structure {type:default;} readingOrder {index:4;}">
        <Coords points="564,6543 3979,6543 3979,6921 564,6921"/>
        <Baseline points="565,6809 1166,6807 1802,6809 2450,6766 3058,6801 3470,6792 3978,6788"/>
        <Word id="w_w2aab1b1b2c15b9ab1">
          <Coords points="564,6543 3979,6543 3979,6921 564,6921"/>
          <TextEquiv>
            <Unicode>eſtre. Mais eſtes-vous pas bien</Unicode>
          </TextEquiv>
          <TextStyle fontFamily="Times New Roman" fontSize="12.0"/>
        </Word>
      </TextLine>
    </TextRegion>
    <SeparatorRegion id="r_2" custom="readingOrder {index:8;}">
            <Coords points="4018,2152 4039,2152 4039,2624 4018,2624"/>
        </SeparatorRegion>
    <SeparatorRegion id="r_3" custom="readingOrder {index:9;}">
            <Coords points="4018,1360 4042,1360 4042,1864 4018,1864"/>
        </SeparatorRegion>
    <SeparatorRegion id="r_4" custom="readingOrder {index:10;}">
            <Coords points="4013,0 4042,0 4042,696 4013,696"/>
        </SeparatorRegion>
  </Page>
</PcGts>
