4042 7565
666 126 3358 482 22 George Dandin,

681 474 3978 810 ainſi, & c'eſt tout ce que vous

661 790 3977 1130 pourriez faire, ſi vous auiez eſ¬

664 1130 3689 1458 pouſé vne de vos pareilles.

976 1466 3700 1698 GEORGE DANDIN.

836 1766 3984 2102 Ah! George Dandin, où t’es-

671 2086 3984 2422 tu fourré? Et de grace, mettez

663 2374 4015 2782 pour vn moment voſtre Gen¬

666 2734 4015 3006 tilhommerie à coſté, & ſouf¬

654 3058 3998 3406 frez que ie vous parle mainte¬

654 3406 3998 3714 nant comme ie pourray. Au

661 3698 3994 4034 diantre ſoit la tyrannie de tou¬

661 4030 3993 4354 tes ces hiſtoires-là. Ie vous dy

656 4362 3997 4698 donc que ie ſuis mal ſatisfait

660 4686 2624 5020 de mon mariage.

1414 5035 3812 5264 Mr DE SOTENVILLE.

903 5342 3792 5666 Et la raiſon, mon gendre.

907 5679 3883 5908 Me DE SOTENVILLE.

846 5974 4003 6322 Quoy parler ainſi d'vne cho¬

666 6282 4010 6554 ſe dont vous auez tiré de ſi

662 6650 2758 6984 grands auantages?
