4042 7405
540 124 3137 484 2 George Dandin,

533 418 3871 820 lante à tous les Payſans qui

527 730 3880 1056 veulent s’éleuer au deſſus de

529 1050 3874 1380 leur condition, & s’allier cõme

531 1362 3868 1740 i’ay fait à la maisõ d’vn Gentil¬

529 1674 3886 2052 homme. La nobleſſe de foy eſt

535 1986 3886 2292 bõne: c’eſt vne choſe conſide¬

541 2310 3889 2644 rable aſſurement, mais elle eſt

538 2618 3884 3004 acõpagnée de tant de mauuai¬

544 2942 3893 3316 ſes circonſtances, qu’il eſt tres-

550 3250 3903 3636 bon de ne s'y point froter. Ie

556 3558 3901 3948 ſuis deuenu là-deſſus ſçauant à

550 3882 3903 4264 mes dépens, & connois le ſty¬

556 4198 3913 4584 le des Nobles lors qu’ils nous

558 4522 3901 4820 font nous autres entrer dans

563 4830 3913 5220 leur famille. L’alliance qu’ils

573 5158 3911 5544 font eſt petite auec nos per¬

587 5462 3919 5772 ſonnes. C’eſt noſtre bien ſeul

601 5798 3931 6192 qu’ils épouſent, & i’aurois

587 6114 3936 6492 bien mieux fait, tout riche que
