4042 7593
563 70 3249 451 44 George Dandin,

569 394 3939 780 i'eſtois en ſa place ie n’y mar¬

559 710 3941 1104 chanderois pas. Oüy, Mon¬

549 1026 3951 1436 ſieur, vous deuez pour le pu¬

540 1362 3917 1708 nir, faire l’amour à ma Mai¬

529 1682 3943 2080 ſtreſſe. Pouſſez, c’eſt moy qui

512 2006 3925 2388 vous le dy, ce ſera fort bien

506 2326 3935 2716 employé, & ie m’offre à vous

487 2653 3929 3056 y ſeruir, puiſqu’il m’en a deſia

499 2978 1172 3222 taxée.

1070 3316 3489 3532 Mr DE SOTENVILLE.

803 3571 3912 3952 Vous meritez, mon gendre,

469 3889 3918 4276 qu’on vous diſe ces choſes là,

463 4209 3909 4604 & voſtre procedé met tout le

459 4549 2883 4817 monde contre vous.

964 4954 3455 5176 Me DE SOTENVILLE.

785 5187 3891 5572 Allez, ſongez à mieux trai¬

433 5489 3893 5836 ter vne Demoiſelle bien née,

425 5829 3887 6220 & prenez garde deſormais à

407 6148 3893 6548 ne plus faire de pareilles be¬

403 6556 1138 6726 ueuës.
