4042 7415
553 184 3174 498 18 George Dandin,

833 516 3625 749 GEORGE DANDIN.

708 855 1981 1056 Comment?

776 1150 3708 1393 Me DE SOTENVILLE.

839 1418 3891 1776 Ne vous déferez-vous ia¬

550 1768 3882 2078 mais auec moy de la familiari¬

534 2087 3890 2402 té de ce mot de ma belle mere,

549 2417 3894 2723 & ne ſçauriez-vous vous ac¬

540 2730 3880 2974 couſtumer à me dire Madame.

896 3067 3628 3293 GEORGE DANDIN.

755 3364 3891 3697 Parbleu, ſi vous m'appellez

534 3695 3891 4021 voſtre gendre, il me ſemble

526 4016 3894 4344 que ie puis vous appeller ma

521 4331 1837 4567 belle-mere.

760 4664 3717 4901 Me DE SOTENVILLE.

796 4972 3888 5292 Il y a fort à dire, & les cho¬

511 5294 3891 5625 ſes ne ſont pas égales. Appre¬

515 5613 3887 5938 nez, s'il vous plaiſt, que ce n’eſt

510 5939 3898 6251 pas à vous à vous ſeruir de ce

513 6253 3886 6587 mot là auec vne perſonne de
