4267 6763
1220 388 2674 352 mes, qu’il a fallu donner des

1208 636 2687 353 batailles pour en chaſſer les

1199 964 2702 344 Anglois, & en eſloigner les

1199 1248 2687 356 Eſpagnols, on pourroit s’e¬

1191 1528 2687 356 ſtonner de la peine que vous

1181 1812 2689 288 auez à vous en tirer. Mais il

1175 2104 2695 348 eſt certain que tout le mon¬

1171 2348 2684 379 de y treuue ſa maiſon, & ſes

1159 2663 2683 356 affaires; & pour vous mon

1155 2963 2690 348 Seigneur, puis qu'en ce pais

1149 3239 2689 284 là les Rois naiſſent & deuiẽ¬

1151 3527 2694 349 nent vieux & que c’eſt le ſie¬

1131 3807 2696 363 ge de leur Empire, perſon¬

1131 4099 2694 348 ne ne vous ſçauroit blaſmer

1122 4367 2688 368 d’y demeurer trop long-tẽps

1115 4659 2690 332 ſans vo9 accuſer d'aymer vo¬

1103 4947 2702 332 ſtre Maiſtre, & de vouloir eſtre

1102 5235 2683 347 pres de ſa perſonne. A Rome

1200 155 248 183 28

1555 135 2170 304 LETTRES DV SIEVR
