4267 6784
1139 526 2678 396 du vulgaire il y a de l’hon¬

1123 818 2677 376 neur d'eſtre le premier en v¬

1102 1101 2681 380 ne ceremonie, & deporter

1084 1377 2683 404 vn chappeau de meſme prix

1080 1669 2673 384 que les coronnes, & les dia¬

1054 1952 2683 324 demes: Toutesfois vous me

1038 2240 2694 388 pardonnerez bien ſi ie vous

1025 2527 2678 388 dis, que c’eſt vne choſe qui

1016 2815 2674 388 n'obligera iamais vn hom¬

995 3094 2686 397 me ſage à vous porter de l'ẽ¬

979 3382 2677 392 uie; ſi vous n'auiez que ce

950 3665 2693 385 point la au deſſus de moy, ie

946 3953 2692 373 ſerois encore mon maiſtre,

924 4232 2694 401 & ie n'euſse pas pour l’a¬

910 4516 2687 324 mour de vous renoncé à la

883 4795 2693 397 liberté qui m'eſtoit auſſi

862 5094 2697 381 chere qu’a la Republique de

852 5370 2690 333 Venize. En effect de n’auoir

1539 277 2139 310 LETTRES DV SIEVR

1114 271 210 249 14
