4058 6850
3445 444 95 122 7

1240 344 1398 204 COMEDIE.

270 515 2772 266 Ie veux que vous puiſſiez vn peu l'examiner.

270 674 3081 258 Et voir, ſi de mon choix on me doit condamner.

1239 872 1318 173 CHRISALDE.

260 1041 754 183 I'y conſens.

1273 1203 1246 172 ARNOLPHE.

936 1342 2359 255 Vous pourrez, dans cette conference,

264 1514 2671 253 Iuger de ſa perſonne, & de ſon innocence.

1251 1697 1294 170 CHRISALDE.

257 1818 2803 260 Pour cette article là, ce que vous m’auez dit,

259 2029 674 175 Ne peut....

1281 2197 1216 165 ARNOLPHE.

1031 2339 1999 235 La verité paſſe encor mon recit.

259 2489 2853 256 Dans ſes ſimplicitez à tous coups ie l’admire,

256 2655 2676 251 Et par fois elle en dit, dont ie pâme de rire.

262 2818 2698 253 L’autre jour (pourroit-on ſe le perſuader)

246 2974 2938 263 Elle eſtoit fort en peine, & me vint demander,

257 3143 2661 234 Auec vne innocence à nulle autre pareille,

250 3294 3083 285 Si les enfans qu'on fait, ſe faiſoient par l'oreille.

1240 3580 1298 178 CHRISALDE.

250 3799 2611 251 Ie me réjoüis fort, Seigneur Arnolphe....

1257 4001 1230 164 ARNOLPHE.

2835 4199 314 133 Bon;

251 4296 2892 244 Me voulez-vous toûjours appeller de ce nom?

1230 4490 1313 166 CHRISALDE.

253 4616 3061 264 Ah! malgré que i’en aye, il me vient à la bouche,

250 4779 2956 253 Et iamais ie ne ſonge à Monſieur de la Souche.

251 4951 2459 208 Que diable vous a fait auſſi vous auiſer,

259 5111 2757 238 A quarante & deux ans, de vous débaptiſer?

246 5282 2928 243 Et d'vn vieux tronc pourry de voſtre Metairie,

245 5442 3102 241 Vous faire dans le Monde vn nom de Seigneurie?

1263 5639 1204 156 ARNOLPHE.

247 5769 2799 242 Outre que la Maiſon par ce nom ſe connaiſt,

255 5924 3224 267 La Souche, plus qu’Arnolphe, à mes oreilles plaiſt.

2642 6161 470 203 A iiij
