4058 7031
1660 189 1545 216 PREFACE.

813 389 3230 294 monde, & qui me fait l’hõneur de m’aymer,

798 575 3233 316 trouva le projet aſſez à ſon gré, non ſeule¬

807 794 3245 311 ment pour me ſolliciter d’y mettre la main,

804 992 3236 292 mais encore pour l’y mettre luy-meſme, &

799 1209 3250 270 ie fus eſtonné que deux iours aprés il me

797 1401 3252 261 monſtra toute l’affaire executée, d’vne ma¬

794 1606 3249 280 niere, à la vérité, beaucoup plus Galante, &

790 1806 3249 312 plus Spirituelle, que ie ne puis faire, mais

800 2024 3236 268 où ie trouuay des choſes trop aduantageuſes

787 2218 3266 308 pour moy, & i’eus peur, que ſi ie produiſois

784 2439 3241 284 cét Ouurage ſur noſtre Theatre, on ne m’ac¬

777 2629 3265 273 cuſaſt d’abord d’avoir mendié les loüanges,

774 2838 3256 296 qu’on m'y donnoit. Cependant cela m'em¬

779 3048 3264 302 peſcha, par quelque conſideration, d’ache¬

783 3252 3254 320 uer ce que i'auois commencé; mais tant de

792 3457 3234 324 gens me preſſent tous les jours de le faire,

777 3679 3248 303 que ie ne ſçay ce qui en ſera, & cette incer¬

773 3883 3257 279 titude eſt cauſe, que ie ne mets point dans

775 4083 3240 284 cette Preface, ce qu’on verra dãs la Critique,

775 4283 3237 314 en cas que ie me reſolue à la faire paroiſtre.

767 4493 3249 302 S’il faut que cela ſoit, ie le dis encore, ce ſe¬

765 4693 3260 298 ra ſeulement pour vanger le public du cha¬

761 4931 3261 283 grin delicat de certaines gens; car pour moy

758 5094 3253 288 ie m’en tiens aſſez vangé par la Reuſſite de

760 5300 3239 279 ma Comedie, & ie ſouhaite que toutes cel¬

758 5505 3263 319 les, que ie pourray faire, ſoient traittées

756 5708 3285 310 par eux, comme celle-cy, pourueu que le

758 5950 1636 206 reſte ſuiue de meſme.
