4058 6866
1213 291 1030 223 COMEDIE.

92 474 3410 270 Mais il me ſemble, Agnés, ſi ma memoire eſt bonne,

3325 331 183 235 27

91 655 3071 223 Que i'auois defendu que vous viſſiez perſonne.

1385 861 747 136 AGNES.

95 994 3416 245 Oüy: mais quand ie l'ay veu, vous ignorez pourquoy,

80 1155 3269 241 Et vous en auriez fait, ſans doute, autant que moy.

1176 1345 1189 156 ARNOLPHE.

96 1483 3311 247 Peut-eſtre: mais enfin, contez-moy cette Hiſtoire.

1385 1687 761 142 AGNES.

86 1814 2768 202 Elle eſt fort eſtonnante & difficile à croire.

92 1983 2740 199 I’eſtois ſur le Balcon à trauailler au frais:

81 2143 2908 246 Lors que ie vis paſſer ſous les arbres d'auprés

89 2325 3412 246 Vn ieune homme bien fait, qui rẽcontrant ma veuë,

83 2486 2883 201 D’vne humble reuerence auſſi-toſt me ſaluë,

90 2649 2754 245 Moy, pour ne point manquera la ciuilité,

87 2811 2467 201 Ie fis la reuerence auſſi de mon coſté.

91 2988 2796 219 Soudain, il me refait vne autre reuerence.

88 3157 3271 243 Moy, i'en refais de meſme vne autre en diligence;

84 3314 2807 234 Et luy d’vne troiſieſme auſſi-toſt repartant,

89 3484 2858 253 D’vne troiſieſme auſſi i’y repars à l’inſtant.

85 3651 3019 240 Il paſſe, vient, repaſſe, & touſiours de plus belle

93 3812 2787 246 Me fait à chaque fois reuerence nouuelle.

85 3983 3093 244 Et moy, qui tous ces tours fixement regardois.

89 4156 2542 229 Nouuelle reuerence auſſi ie luy rendois.

82 4320 2903 235 Tant, que ſi ſur ce point la nuit ne fut venuë,

80 4488 2787 217 Toûjours comme cela ie me ſerois tenuë.

84 4654 2897 225 Ne voulant point ceder & receuoir l’ennuy,

86 4818 2861 232 Qu'il me puſt eſtimer moins ciuile que luy.

1132 5023 1222 149 ARNOLPHE.

81 5141 617 144 Fort bien.

1428 5355 749 143 AGNES.

820 5495 2436 201 Le lendemain eſtant ſur noſtre porte,

93 5638 2893 244 Vne vieille m’aborde en parlant de la ſorte.

95 5802 3079 249 Mon enfant, le bon-Dieu puiſſe-t'il vous benir,

93 5953 3390 284 Et dans tous vos attraits long-tẽps vous maintenir.

2529 6211 314 161 B ij
