4058 7006
560 344 152 193 6

1033 221 2400 269 L'ESCOLE DES FEMMES,

1536 535 1377 169 CHRISALDE,

561 747 1536 204 Ie ne vous dis plus mot.

1648 959 1263 160 ARNOLPHE.

1977 1132 1484 158 Chacun a ſa methode.

567 1285 3345 249 En Femme, comme en tout, ie veux ſuiure ma mode;

561 1460 3168 252 Ie me voy riche aſſez, pour pouvoir, que ie croy,

573 1632 2909 237 Choiſir vne moitié, qui tienne tout de moy.

569 1800 2821 236 Et de qui la ſoûmise, & pleine dépendance,

575 1960 3043 242 N'ait à me reprocher aucun bien, ny naiſſance.

573 2126 2963 244 Vn air doux, & poſé, parmy d’autres enfans,

579 2292 3057 244 M'inſpira de l’amour pour elle, dés quatre ans:

585 2462 2637 233 Sa Mere ſe trouuant de pauureté preſſée,

599 2628 2647 235 De la luy demander il me vint la penſée.

591 2788 2877 245 Et la bonne Payſanne, apprenant mon deſir,

591 2960 2963 239 A s'oſter cette charge eut beaucoup de plaiſir.

593 3127 3033 240 Dans vn petit Couuent, loin de toute pratique,

601 3313 2270 222 Ie la fis éleuer, ſelon ma politique,

615 3450 3220 253 C'eſt à dire ordonnant quels ſoins on employroit,

615 3624 2974 247 Pour la rendre idiote autant qu’il ſe pourroit.

619 3800 2786 235 Dieu mercy, le ſuccés a ſuiuy mon attente,

613 3963 3010 244 Et grande, ie l'ay veuë à tel poinct innocente,

621 4133 3006 234 Que i'ay beny le Ciel d'auoir trouué mon fait,

637 4292 3256 247 Pour me faire vne Femme au gré de mon ſouhait.

632 4477 2843 226 Ie l'ay donc retirée; & comme ma demeure

640 4632 3189 235 A cent ſortes de monde eſt ouuerte à toute heure,

644 4802 3201 241 le I'ay miſe à l’écart, comme il faut tout préuoir.

642 4967 3251 234 Dans cette autre Maiſon, où nul ne me vient voir;

652 5151 2747 226 Et pour ne point gaſter ſa bonté naturelle,

656 5304 3169 253 Ie n’y tiens que des gens tout auſſi ſimples qu'elle.

662 5488 2677 228 Vous me direz pourquoy cette narration?

678 5642 3167 250 C'eſt pour vous rendre inſtruit de ma précaution.

674 5820 2673 234 Le reſultat de tout, eſt qu’en Amy fidelle,

684 5982 2654 256 Ce ſoir, ie vous inuite à ſouper auec elle:
