4058 7091
567 295 207 201 16

1023 177 2390 283 L'ESCOLE DES FEMMES,

579 423 3120 263 Il faut, pour des Amis, des Lettres moins ciuiles,

570 589 2855 253 Et tous ces complims ſont choſes inutiles;

574 766 2798 260 Sans qu'il priſt le ſoucy de m’en écrire rien,

581 923 2934 267 Vous pouuez librement diſpoſer de mon bien.

1755 1201 987 147 HORACE.

582 1422 3196 256 Ie ſuis Homme à ſaiſir les gens par leurs parole,

583 1599 2834 259 Et i'ay preſentement beſoin de cent piſtoles.

1629 1859 1303 163 ARNOLPHE.

582 2094 2824 254 Ma foy, c’eſt m'obliger, que d’en vſer ainſi,

593 2289 2100 229 Et ie me réjoüis de les auoir icy.

605 2470 1468 176 Gardez auſſi la bourſe.

1784 2631 987 151 HORACE.

2026 2799 598 148 Il faut....

1633 2968 1275 162 ARNOLPHE.

2585 3112 1045 158 Laiſſons ce ſtile.

606 3269 3405 255 Hé bien, comment encor trouuez-vous cette Ville?

1779 3486 987 152 HORACE.

606 3613 3103 261 Nombreuſe en Citoyens, ſuperbe en baſtimens,

603 3799 2816 213 Et i’en croy merueilleux les diuertiſſemens.

1677 3990 1249 161 ARNOLPHE.

624 4134 2885 250 Chacun a ſes plaiſirs, qu’il ſe fait à ſa guiſe:

614 4285 3253 273 Mais pour ceux que du nom de Galans on baptiſe,

613 4482 2545 240 Ils ont en ce Païs dequoy ſe contenter,

621 4656 2691 219 Car les Femmes y ſont faites à coquetter.

620 4803 3367 245 On trouue d’humeur douce & la brune, & la blonde,

608 4983 2861 243 Et les Maris auſſi les plus benins du monde:

627 5121 3261 287 C’eft vn plaiſir de Prince, & des tours que ie voy,

621 5335 2679 219 Ie me donne ſouuent la Comedie à moy.

628 5494 3053 254 Peut-eſtre en auez-vous déja féru quelqu’vne:

627 5672 2727 219 Vous eſt-il point encor arriué de fortune?

629 5818 3273 272 Les gens faits comme vous, font plus que les écus,

638 6012 2611 218 Et vous eſtes de taille à faire des Cocus.
