4058 7195
468 395 210 216 22

990 239 2413 324 L’ESCOLE DES FEMMES,

468 467 3043 330 Quiconque remûra, par la mort, ie l'aſſomme.

486 629 3385 312 Cõme eſt-ce que chez moy s’eſt introduit cet Hõme?

488 820 3228 316 Eh? parlez, dépeſchez, viſte, promptement, toſt,

487 1055 1748 216 Sans reſver, veut-on dire?

1002 1342 2442 239 ALAIN & GEORGETTE.

2026 1714 518 175 Ah, ah.

1490 2050 1490 191 GEORGETTE.

2463 2192 1149 181 Le cœur me faut,

1894 2406 759 158 ALAIN.

562 2641 620 151 Ie meurs.

1627 2740 1303 186 ARNOLPHE.

1259 3049 2619 267 Ie ſuis en eau, prenons vn peu d'haleine,

582 3233 3116 291 Il faut que ie m'éuente, & que ie me promeine.

586 3418 2692 240 Aurois-je deuiné, quand ie l'ay veu petit,

573 3558 3409 327 Qu'il croiſtroit pour cela? Ciel! que mõ cœur pâtit!

593 3741 3230 291 Ie penſe qu'il vaut mieux que de ſa propre bouche

586 3921 2876 279 Ie tire auec douceur l'affaire qui me touche:

601 4098 2676 235 Tâchons à modérer noſtre reſſentiment.

612 4266 2990 257 Patience, mon cœur, doucement, doucement,

612 4424 3301 240 Leuez-vous, & rentrant, faites qu’Agnés deſcende.

617 4589 3389 298 Arreſtez. Sa ſurpriſe en deuiendroit moins grande.

617 4765 3166 293 Du chagrin qui me trouble, ils iroient l'auertir;

626 4957 2729 262 Et moy-méme ie veux l'aller faire ſortir.

634 5165 1559 240 Que l'on m'attende icy.
