4058 7006
531 332 117 234 8

963 286 2388 251 L'ESCOLE DES FEMMES,

1540 545 1338 124 CHRISALDE.

516 704 3022 178 Quel abus, de quitter le vray nom de ſes Peres,

522 867 3337 173 Pour en vouloir prendre vn baſty ſur des chimeres?

527 1034 2934 184 De la pluſpart des gens c’eſt la démangeaiſon;

521 1198 2878 174 Et ſans vous embraſſer dans la comparaiſon,

531 1368 3046 184 Ie ſçais vn Païſan, qu’on appelloit gros Pierre,

531 1529 3323 181 Qui n’ayãt, pour tout biẽ, qu'vn ſeul quartier de terre;

546 1698 2834 146 Y fit tout à l’entour faire vn foſſé bourbeux,

540 1868 3144 166 Et de Monſieur de l'Iſle en prit le nom pompeux.

1590 2041 1260 120 ARNOLPHE.

546 2187 3183 187 Vous pourriez vous paſſer d'exemples de la ſorte:

544 2366 3097 168 Mais enfin de la Souche eſt le nom que ie porte;

555 2534 2708 166 I’y vois de la raiſon, i'y trouue des appas,

555 2700 2980 174 Et m'appeller de l’autre, eſt ne m’obliger pas.

1569 2871 1318 120 CHRISALDE.

573 3022 3131 180 Cependant la pluſpart ont peine à s'y ſoûmettre,

560 3200 3052 162 Et ie voy meſme encor des adreſſes de Lettre...

1626 3375 1252 124 ARNOLPHE.

560 3526 2960 182 Ie le ſouffre aiſément de qui n’eſt pas inſtruit;

574 3699 856 137 Mais vous....

1603 3875 1342 126 CHRISALDE.

1047 4031 2882 178 Soit. Là-deſſus nous n'aurons point de bruit,

585 4196 3148 170 Et ie prendray le ſoin d'accouſtumer ma bouche

593 4359 3336 183 A ne plus vous nommer que Monſieur de la Souche.

1645 4547 1267 124 ARNOLPHE.

604 4694 2944 180 Adieu: Ie frape icy, pour donner le bon jour,

604 4864 2534 180 Et dire ſeulement, que ie ſuis de retour.

1226 5015 2090 186 CHRISALDE s'en allant.

612 5206 2909 164 Ma foy ie le tiens fou de toutes les manieres.

1665 5387 1258 118 ARNOLPHE.

627 5534 2656 174 Il eſt vn peu bleſſé ſur certaines matieres.

637 5706 2878 178 Choſe étrange de voir, comme auec paſſion,

633 5875 2462 173 Vn chacun eſt chauſſé de ſon opinion!

647 6047 383 135 Hola.
