4058 7048
623 694 2179 349 Extrait du Priuilege du Roy.

558 980 2764 323 AR Grace & Priuilege du Roy, donné à

552 1198 2788 293 Paris, le 4. Feurier 1663, Signé par le Roy

88 1110 411 599 P

552 1350 2788 329 en ſon Conſeil, GVITONNEAV. Il eſt

54 1490 3296 372 permis à GVILLAVME DE LVYNE Mar¬

82 1662 3270 352 chand Libraire de Noſtre bonne Ville de Paris, de

88 1844 3264 335 faire imprimer vne Piece de Theatre, de la Compo¬

94 2014 3270 347 ſition du Sieur MOLIERE Intitulée: L'Eſcole

120 2184 3269 417 des Femmes, pendant le temps de ſix années; Et

120 2346 3264 378 deffences ſont faites à toutes perſonnes de quelque

129 2521 3293 362 qualité & condition qu’ils ſoient, d’imprimer, ven¬

135 2678 3270 358 dre ny debiter ladite Comedie de L'Eſcole des Fem¬

147 2848 3252 341 mes, à peine de mil liures d’amande, & de tous deſ¬

156 3001 3255 399 pens, dommages & intereſts: Comme il eſt plus

158 3247 2323 341 amplement porté par leſdites Lettres.

380 3620 3054 363 Acheué d'imprimer pour la premiere fois, le 17.

183 3948 710 203 Mars 1663.

683 4218 2260 322 Les Exemplaires ont eſté fournis.

452 4551 3035 423 Regiſtré ſur le Liure de la Communauté des Mar¬

235 4786 3058 394 chands Libraires & Imprimeurs, le 16. Mars 1663.

1533 4938 1963 302 Signé, DVBRAY. Syndic.

425 5377 3124 378 Et ledit DE LVYNE a fait part du Priuilege

265 5596 3262 325 cy-deſſus, aux Sieurs SERCY, IOLY, BILLAINE,

274 5711 3292 377 LOYSON, GVIGNARD, BARBIN, &

298 5925 3255 345 QVINET, pour en joüir le temps porté par

295 6206 428 214 iceluy.
