4058 7014
539 380 3311 245 Voulez-vous qu’en Amy ie vous ouure mon cœur?

541 532 3317 257 Voſtre deſſein, pour vous, me fait trembler de peur;

540 710 3076 259 Et de quelque façon que vous tourniez l’affaire,

546 872 3327 235 Prendre Femme, eſt à vous vn coup bien temeraire.

1588 1139 1246 158 ARNOLPHE.

555 1352 3214 269 Il eſt vray, noſtre Amy. Peut-eſtre que chez vous

555 1524 3327 241 Vous trouuez des ſujets de craindre pour chez nous;

555 1699 2999 238 Et voſtre front, ie croy, veut que du Mariage,

564 1858 3112 245 Les Cornes ſoient par tout l'infaillible apanage.

1554 2052 1345 156 CHRISALDE.

578 2198 3319 246 Ce ſont coups du Hazard, dõt on n’eſt point garand;

562 2362 3335 249 Et bien ſot, ce me ſemble, eſt le ſoin qu'on en prend.

578 2535 3333 245 Mais quand ie crains pour vous, c’eſt cette raillerie

588 2705 2981 241 Dont cent pauures Maris ont ſouffert la furie:

593 2863 3327 249 Car enfin vous ſçauez, qu’il n'eſt grands, ny petits,

583 3051 2835 228 Que de voſtre critique on ait veus garantis;

597 3197 3323 255 Car vos plus grãds plaiſirs sõt, par tout où vous eſtes,

593 3381 2903 235 De faire cent éclats des intrigues ſecrettes....

1640 3564 1271 153 ARNOLPHE.

596 3706 3189 218 Fort bien: Eſt-il au Monde vne autre Ville auſſi,

612 3886 2589 232 Où l’on ait des Maris ſi patients qu’icy?

608 4049 3053 237 Eſt-ce qu’on n’en voit pas de toutes les eſpeces.

608 4213 3141 243 Qui ſont accommodez chez eux de toutes pieces?

631 4382 2930 242 L’vn amaſſe du bien, dont ſa Femme fait part

621 4551 2961 233 A ceux qui prennent ſoin de le faire Cornard.

631 4709 3329 253 L’autre vn peu plus heureux, mais non pas moins in¬

627 4877 3339 261 Voit faire tous les jours des presẽs à ſa Fẽme, [fame,

631 5057 2879 237 Et d’aucun ſoin jaloux n'a l’eſprit combattu,

626 5226 2836 236 Parce qu’elle luy dit que c'eſt pour ſa vertu.

644 5381 3325 259 L’vn fait beaucoup de bruit, qui ne luy ſert de gueres;

646 5557 3145 231 L'autre, en toute douceur, laiſſe aller les affaires,

640 5730 2677 234 Et voyant arriuer chez luy le Damoiſeau,

655 5881 3330 269 Prend fort honneſtement ſes gands, & ſon manteau.

953 122 2415 292 L'ESCOLE DES FEMMES,

532 292 117 152 2
