4073 7160
528 474 179 109 20

1005 296 2427 269 L’ESCOLE DES FEMMES,

1251 2083 2144 382 ACTE II.

608 2763 3341 345 SCENE PREMIERE.

1574 3320 1470 211 ARNOLPHE.

1484 3712 2528 256 L m’eſt, lors que i’y penſe, auantageux

1703 3944 730 161 ſans doute,

1506 4068 2510 239 D’auoir perdu mes pas, & pû manquer

1733 4295 557 134 ſa route:

910 3872 242 758 I

1538 4402 2487 222 Car enfin, de mon cœur le trouble im¬

998 4671 526 173 perieux,

666 4752 2957 268 N’euſt pu ſe renfermer tout entier à ſes yeux,

674 4934 2700 215 Il euſt fait éclater l’ennuy qui me deuore,

678 5089 3140 272 Et ie ne voudrois pas qu'il ſceût ce qu'il ignore.

689 5259 3137 262 Mais ie ne ſuis pas Homme à gober le morceau,

692 5428 3298 263 Et laiſſer vn champ libre aux vœux du Damoiſeau,

704 5584 3357 239 I'en veux rompre le cours, & ſans tarder, apprendre

708 5775 3038 260 Iuſqu'où l'intelligence entr'eux a pû s’étendre:

710 5936 3221 265 I'y prens, pour mon honneur, vn notable intereſt,

717 6109 3291 274 Ie la regarde en femme, aux termes quelle en eſt,
