4058 6899
269 446 2589 190 I'admire de le voir au poinct où le voila,

256 612 2817 199 Apres que ie l’ay veu pas plus grand que cela.

1412 793 956 132 HORACE.

268 970 765 158 Vous voyez.

1264 1124 1230 133 ARNOLPHE.

1016 1290 2277 176 Mais, de grâce, Oronte voſtre Pere,

237 1445 2921 180 Mon bon & cher Amy, que i’eſtime & reuere,

236 1613 3007 185 Que fait-il? que dit-il? eſt-il toûjours gaillard?

235 1773 3013 191 A tout ce qui le touche, il ſçait que ie prens part.

230 1941 3261 182 Nous ne nous sõmes veus depuis quatre ans ensẽble,

1361 2124 979 118 HORACE.

226 2267 3009 193 Ny, qui plus eſt, écrit l'vn à l'autre, me ſemble.

221 2415 3251 212 Il eſt, Seigneur Arnolphe, encor plus gay que nous,

222 2597 2641 187 Et i'auois de ſa part vne Lettre pour vous;

217 2763 3093 191 Mais depuis par vne autre il m’apprend ſa venuë,

212 2925 2623 186 Et la raiſon encor ne m’en eſt pas connuë.

207 3095 3043 191 Sçauez-vous qui peut-eſtre vn de vos Citoyens,

208 3251 3089 193 Qui retourne en ces lieux auec beaucoup de biens,

203 3415 3271 202 Qu'il s'eſt en quatorze ans acquis dans l'Amerique?

1226 3608 1219 127 ARNOLPHE.

193 3741 3051 205 Non: Vous a-t'on point dit cõme on le nomme?

1344 3938 963 132 HORACE.

2901 4110 553 163 Enrique.

1178 4273 1235 130 ARNOLPHE.

189 4409 325 132 Non.

1298 4604 977 130 HORACE.

631 4760 2599 188 Mon Pere m'en parle, & qu’il eſt reuenu,

184 4907 2923 174 Comme s'il deuoit m'eſtre entierement connu,

173 5069 3267 198 Et m’écrit qu’en chemin enſemble ils ſe võt mettre,

174 5231 3075 211 Pour vn fait important que ne dit point ſa Lettre,

1187 5433 1245 130 ARNOLPHE.

170 5551 2719 211 I’auray certainement grande joye à le voir,

169 5713 2539 220 Et pour le regaler, ie feray mon pouuoir.

640 5930 1597 168 Apres auoir leu la Lettre.

3350 281 172 224 15

1214 218 1358 218 COMEDIE.
