4058 6899
1139 258 1399 247 COMEDIE.

3338 275 173 340 17

1401 503 961 161 HORACE,

230 646 2446 217 A ne vous rien cacher de la verité pure,

224 810 2946 209 I’ay d’amour en ces lieux eu certaine auanture,

219 943 2557 250 Et l'amitié m'oblige à vous en faire part.

1216 1166 1248 143 ARNOLPHE.

212 1264 2936 265 Bon, voicy de nouueau quelque conte gaillard,

212 1460 2671 224 Et ce ſera dequoy mettre ſur mes tablettes.

1353 1663 994 133 HORACE.

219 1784 3264 239 Mais, degrace, qu’au moins ces choſes ſoiẽt ſecrettes.

1201 1984 1265 149 ARNOLPHE.

229 2114 250 136 Oh.

1351 2322 981 149 HORACE.

561 2465 2457 216 Vous n’ignorez pas qu'en ces occaſions

215 2604 2503 232 Vn ſecret éuenté rompt nos pretentions.

217 2780 2806 228 Ie vous auoüeray donc auec pleine franchiſe,

207 2942 2684 224 Qu'icy d’vne Beauté mon ame s’eſt épriſe:

207 3110 2900 211 Mes petits ſoins d’abord ont eu tant de ſuccés,

201 3270 2925 199 Que ie me ſuis chez elle ouvert vn doux accés;

204 3434 2976 231 Et ſans trop me vanter, ny luy faire vne injure,

205 3591 2569 234 Mes affaires y ſont en fort bonne poſture.

1035 3796 1640 167 ARNOLPHE riant.

204 3918 516 131 Et c’eſt?

524 4099 2609 227 HORACE luy montrant le logis d'Agnés.

714 4279 2251 211 Vn jeune objet qui loge en ce logis,

202 4412 3025 240 Dont vous voyez d’icy que les murs ſont rougis,

206 4579 2706 230 Simple à la vérité, par l’erreur ſans ſeconde

201 4743 3247 233 D’vn Homme qui la cache au commerce du monde,

203 4897 3029 245 Mais qui dans l’ignorance où l’on veut l’aſſeruir,

197 5064 2549 234 Fait briller des attraits capables de rauir,

195 5234 3079 242 Vn air tout engageant, ie ne ſçay quoy de tendre,

189 5388 3133 252 Dont il n’eſt point de cœur qui ſe puiſſe defendre:

187 5548 3290 239 Mais, peut-eſtre, il n’eſt pas que vous n’ayez bien veu

200 5715 3173 261 Ce jeune Aſtre d'amour de tant d'attraits pourueu:

198 5855 1769 258 C'eſt Agnés qu'on l'appelle.
