4144 7057
576 399 224 194 24

1065 235 2419 311 L’ESCOLE DES FEMMES,

3385 6130 748 225 SCENE

603 486 2435 279 Afin de conceuoir la choſe dauantage.

600 617 3296 294 Dis-moy, n'eſt-il pas vray, quãd tu tiens ton potage,

623 799 2944 277 Que ſi quelque affamé venoit pour en manger,

620 970 2771 300 Tu ſerois en colere, & voudrois le charger?

1592 1160 1405 187 GEORGETTE.

638 1362 1490 237 Oüy, ie comprens cela.

1945 1507 748 154 ALAIN.

1947 1627 1850 240 C’eſt juſtement tout comme.

617 1793 3024 304 La Femme eſt en effet le potage de l'Homme;

656 1976 3315 295 Et quand vn Homme voit d'autres Hõmes par fois,

649 2116 3355 339 Qui veulent dans ſa ſoupe aller tremper leurs doigts,

673 2307 2819 295 Il en montre auſſi-toſt vne colere extréme.

1646 2501 1418 185 GEORGETTE.

686 2621 3357 317 Oüy: mais pourquoy chacun n'ẽ fait-il pas de méme?

696 2806 2910 298 Et que nous en voyons qui paroiſſent joyeux,

702 2956 3309 316 Lors que leurs Femmes ſont auec les biaux Monſieux?

1983 3185 741 157 ALAIN.

714 3304 2941 306 C’eſt que chacun n’a pas cette amitié gouluë,

720 3508 1807 268 Qui n'en veut que pour ſoy.

1670 3668 1469 196 GEORGETTE.

2412 3818 1257 223 Si ie n’ay la berluë,

744 4041 1408 247 Ie le voy qui reuient.

2057 4197 731 162 ALAIN.

1883 4316 1943 258 Tes yeux ſont bons, c’eſt luy.

1722 4524 1420 191 GEORGETTE.

782 4681 1713 288 Voy comme il eſt chagrin.

2084 4873 764 176 ALAIN.

2275 4992 1526 240 C’eſt qu’il a de l’ennuy.
