4058 6850
1211 222 1395 228 COMEDIE.

3429 251 97 314 5

245 463 2910 187 Et s’il faut qu’auec elle on jouë au Corbillon,

244 631 3267 182 Et qu’on vienne à luy dire, à ſon tour, qu’y met-on?

253 799 2851 172 Ie veux qu'elle réponde, vne tarte à la creme;

249 963 3106 173 En vn mot, qu’elle ſoit d'vne ignorance extréme;

244 1125 2821 172 Et c'eſt aſſez pour elle, à vous en bien parler,

244 1287 3102 183 De ſçauoir prier Dieu, m'aimer, coudre, & filer.

1253 1541 1308 126 CHRISALDE.

244 1777 2864 176 Vne Femme ſtupide eſt donc voſtre Marotte?

1275 1947 1215 122 ARNOLPHE.

249 2101 3034 181 Tant, que i'aimerois mieux vne laide, bien ſotte,

242 2261 3137 183 Qn'vne Femme fort belle, auec beaucoup d’eſprit.

1246 2441 1300 130 CHRISALDE.

253 2587 1419 171 L’eſprit, & la beauté...

1264 2775 1207 120 ARNOLPHE.

1808 2929 1234 142 L'honneſteté ſuffit.

1225 3087 1285 136 CHRISALDE.

238 3253 3255 180 Mais comment voulez-vous, apres tout, qu’vne beſte

242 3413 3245 184 Puiſſe iamais ſçauoir ce que c'eſt qu’eſtre honneſte?

239 3587 2687 172 Outre qu'il eſt aſſez ennuyeux, que ie croy,

229 3751 2444 161 D'auoir toute ſa vie vne beſte auec ſoy,

234 3905 3253 186 Penſez-vous le bien prendre, & que ſur voſtre idée

240 4071 2858 176 La ſeureté d’vn front puiſſe eſtre bien fondée?

233 4239 2693 176 Vne Femme d’eſprit peut trahir ſon deuoir;

240 4393 3115 185 Mais il faut, pour le moins, qu’elle oſe le vouloir;

240 4553 2892 189 Et la ſtupide au ſien peut manquer d'ordinaire,

235 4715 2757 188 Sans en auoir l’enuie, & ſans penſer le faire.

1251 4903 1216 124 ARNOLPHE.

234 5043 2577 185 A ce bel argument, à ce diſcours profond,

239 5211 2337 183 Ce que Pantagruel à Panurge répond.

229 5367 3232 192 Preſſez-moy de me joindre à Fẽme autre que ſotte;

224 5525 2687 192 Preſchez, patrocinez juſqu’à la Pentecoſte,

226 5695 2778 182 Vous ſerez ébahy, quand vous ſerez au bout,

224 5839 2664 204 Que vous ne m’aurez rien perſuadé du tout.

2640 6056 445 185 A iij
