4058 6834
1668 154 1497 274 EPISTRE.

802 420 3181 423 pour qui ie ſuis, & dont ie ſens fort

818 709 3154 414 bien que ie ne me pourray taire

799 993 3165 418 quelque iour. Mais encore vne fois,

788 1276 3173 407 MADAME, ie ne ſçay point le biais

776 1564 3161 410 de faire entrer icy des veritez ſi

761 1844 3169 402 éclatantes, & ce ſont choſes, à mon

738 2139 3164 398 aduis, & d’vne trop vaſte eſtendüe,

738 2415 3169 419 & d’vn merite trop releué, pour les

715 2695 3169 422 vouloir renfermer dans vne Epiſtre,

719 2987 3161 414 & les meſler auec des bagatelles.

680 3270 3181 407 Tout bien conſideré, MADAME,

676 3566 3181 411 Ie ne voy rien à faire icy pour moy,

669 3838 3185 419 que de vous Dédier ſimplement ma

665 4142 3181 407 Comedie, & de vous aſſeurer auec

641 4421 3186 419 tout le reſpect, qu'il m'eſt poßible, que

629 4713 3182 347 ie ſuis de VOSTRE ALTESSE

616 5009 1169 274 ROYALE,

602 5432 1102 220 MADAME,

873 5751 2897 300 Le tres-humble, tres-obeiſſant, & tres-

1175 5968 2571 312 obligé ſeruiteur I.B. MOLIERE.
