4058 6907
1156 253 1382 270 COMEDIE.

3345 414 156 144 23

750 1085 2119 359 SCENE III.

578 1570 2515 322 ALAIN, GEORGETTE.

1112 1932 1370 205 GEORGETTE.

175 2396 3261 298 Ses regards m'ont fait peur, mais vne peur horrible,

1329 2127 369 330 M

1709 2279 1721 236 On Dieu, qu’il eſt terrible!

164 2534 2822 329 Et iamais ie ne vis vn plus hideux Chreſtien.

1431 2783 716 160 ALAIN.

170 2863 2635 298 Ce Monſieur l’a fâché, ie te le diſois bien.

1092 3080 1404 221 GEORGETTE.

153 3179 3171 283 Mais que diantre eſt-ce là, qu’auec tant de rudeſſe

155 3372 2884 294 Il nous fait au logis garder noſtre Maiſtreſſe?

155 3516 3235 351 D'où vient qu’à tout le monde il veut tant la cacher,

152 3679 3013 362 Et qu'il ne ſçauroit voir perſonne en approcher?

150 4028 2527 315 C’eſt que cette action le met en jalouſie.

1416 3946 723 159 ALAIN.

126 4348 2927 345 Mais d'où vient qu’il eſt pris de cette fantaiſie?

1068 4253 1385 209 GEORGETTE.

130 4683 2956 336 Cela vient.... Cela vient, de ce qu'il eſt jaloux.

1392 4609 719 155 ALAIN.

124 5012 3236 355 Oüy: mais pourquoy l’eſt-il? & pourquoy ce couroux?

1053 4918 1351 189 GEORGETTE.

119 5338 3136 304 C’eſt que la jalouſie.... Entens-tu bien, Georgette,

1373 5262 698 160 ALAIN.

107 5498 3018 343 Eſt vne choſe.... la.... qui fait qu’on s’inquiete....

104 5660 2759 329 Et qui chaſſe les gens d’autour d'vne maiſon.

104 5818 2515 378 Ie m'en vais te bailler vne comparaiſon,
