4058 7091
1366 522 1729 199 ARNOLPHE à part,

1815 695 829 145 Ah! ie creue.

1659 838 2238 201 HORACE, Pour l'Homme,

570 1004 3350 244 C’eſt, ie croy, de la Zouſſe, ou Souche, qu'on le nõme,

566 1187 2577 229 Ie ne me ſuis pas fort arreſté ſur le nom;

575 1336 3354 252 Riche, à ce qu’on m'a dit, mais des plus ſenſez, non,

571 1524 2732 222 Et l'on m'en a parlé comme d'vn Ridicule.

580 1717 1709 197 Le connoiſſez-vous point?

1351 1864 1753 204 ARNOLPHE à part.

2332 2021 1216 197 La fâcheuſe pilule!

1790 2217 991 146 HORACE.

590 2403 1507 169 Eh! vous ne dites mot.

1639 2555 1249 155 ARNOLPHE.

2166 2704 1378 197 Eh oüy, ie le connoy.

1776 2899 1009 147 HORACE.

644 3072 1601 197 C’eſt vn fou, n’eſt-ce pas?

1657 3232 1294 158 ARNOLPHE.

1932 3409 361 135 Eh....

1780 3573 990 155 HORACE.

2139 3715 1615 201 Qu'en dites-vous? quoy?

621 3892 2629 221 Eh? c’eſt à dire oüy. Ialoux? à faire rire.

622 4054 3044 237 Sot? ie voy qu'il en eſt ce que l'on m'a pû dire.

624 4230 2739 225 Enfin l'aimable Agnés a ſceu m’aſſujettir,

639 4394 3088 231 C'eſt vn joly bijou, pour ne vous point mentir,

623 4572 2619 223 Et ce ſeroit peché, qu’vne Beauté ſi rare

634 4731 2956 226 Fut laiſſée au pouuoir de cet Homme bizarre.

637 4889 3386 244 Pour moy, tous mes efforts, to9 mes vœux les pl9 doux,

639 5069 3061 236 Vont à m'en rendre maiſtre, en dépit du jaloux;

646 5223 3250 256 Et l'argent que de vous i'emprunte auec franchiſe,

650 5391 3270 248 N'eſt que pour mettre à bout cette juſte entrepriſe.

659 5560 3388 259 Vo9 ſçauez mieux que moi quelsque ſoiẽt nos efforts,

665 5727 3267 258 Que l'argent eſt la clef de tous les grands reſſorts,

672 5909 2909 244 Et que ce doux metal qui frape tant de teſtes,

674 6066 3363 255 En amour, comme en guerre, auance les conqueſtes.

532 307 189 348 18

952 254 2467 271 L’ESCOLE DES FEMMES,
