<?xml version="1.0" encoding="UTF-8"?>
<alto xmlns:xsi="http://www.w3.org/2001/XMLSchema-instance"
      xmlns="http://www.loc.gov/standards/alto/ns-v4#"
      xsi:schemaLocation="http://www.loc.gov/standards/alto/ns-v4# https://gitlab.inria.fr/scripta/escriptorium/-/raw/develop/app/escriptorium/static/alto-4-1-baselines.xsd">
  <Description>
    <MeasurementUnit>pixel</MeasurementUnit>
    <sourceImageInformation>
      <fileName>Moliere1663_EcoleFemmes_cb30958541v_corrected_0033.png</fileName>
    </sourceImageInformation>
  </Description>
  
  <Tags>
    <OtherTag ID="BT1" LABEL="Title" DESCRIPTION="block type Title"/><OtherTag ID="BT2" LABEL="Main" DESCRIPTION="block type Main"/><OtherTag ID="BT307" LABEL="Damage" DESCRIPTION="block type Damage"/><OtherTag ID="BT308" LABEL="Decoration" DESCRIPTION="block type Decoration"/><OtherTag ID="BT309" LABEL="DropCapital" DESCRIPTION="block type DropCapital"/><OtherTag ID="BT310" LABEL="Figure" DESCRIPTION="block type Figure"/><OtherTag ID="BT311" LABEL="Margin" DESCRIPTION="block type Margin"/><OtherTag ID="BT312" LABEL="MusicNotation" DESCRIPTION="block type MusicNotation"/><OtherTag ID="BT313" LABEL="Numbering" DESCRIPTION="block type Numbering"/><OtherTag ID="BT314" LABEL="RunningTitle" DESCRIPTION="block type RunningTitle"/><OtherTag ID="BT315" LABEL="Seal" DESCRIPTION="block type Seal"/><OtherTag ID="BT316" LABEL="Signatures" DESCRIPTION="block type Signatures"/><OtherTag ID="BT317" LABEL="Stamp" DESCRIPTION="block type Stamp"/><OtherTag ID="BT318" LABEL="Table" DESCRIPTION="block type Table"/>
    <OtherTag ID="LT114" LABEL="Default" DESCRIPTION="line type Default"/><OtherTag ID="LT115" LABEL="DropCapitalLine" DESCRIPTION="line type DropCapitalLine"/><OtherTag ID="LT116" LABEL="Interlinear" DESCRIPTION="line type Interlinear"/><OtherTag ID="LT117" LABEL="MusicLine" DESCRIPTION="line type MusicLine"/><OtherTag ID="LT118" LABEL="Rubric" DESCRIPTION="line type Rubric"/>
  </Tags>
  
  <Layout>
    <Page WIDTH="4058"
          HEIGHT="6899"
          PHYSICAL_IMG_NR="21"
          ID="eSc_dummypage_">
      <PrintSpace HPOS="0"
                  VPOS="0"
                  WIDTH="4058"
                  HEIGHT="6899">
        
        <TextBlock HPOS="1128"
                   VPOS="228"
                   WIDTH="1414"
                   HEIGHT="285"
                   ID="eSc_textblock_e452c595"
                   TAGREFS="BT314">
          <Shape><Polygon POINTS="1128 228 1128 513 2542 513 2542 228"/></Shape>
          
          
          <TextLine ID="eSc_line_52b120cf"
                    TAGREFS="LT114"
                    BASELINE="1148 441 1501 443 1939 444 2151 445 2287 454 2520 467 2565 470" 
                    HPOS="1145"
                    VPOS="206"
                    WIDTH="1404"
                    HEIGHT="276">
            <Shape><Polygon POINTS="1145 436 1156 247 1277 206 1346 247 1439 229 1473 252 1646 252 1675 229 1755 252 1801 212 1841 258 1916 218 1980 247 2043 218 2083 258 2336 258 2406 224 2549 224 2544 482 2342 482 2302 454 2204 471 2187 448 1853 465 1807 442 1151 465"/></Shape>
	    <String CONTENT="COMEDIE."
                    HPOS="1145"
                    VPOS="206"
                    WIDTH="1404"
                    HEIGHT="276"></String>
          </TextLine>

          
        </TextBlock>
        
        <TextBlock HPOS="3363"
                   VPOS="331"
                   WIDTH="239"
                   HEIGHT="228"
                   ID="eSc_textblock_becd8356"
                   TAGREFS="BT313">
          <Shape><Polygon POINTS="3363 331 3363 559 3602 559 3602 331"/></Shape>
          
        </TextBlock>
        
        <TextBlock HPOS="182"
                   VPOS="479"
                   WIDTH="3420"
                   HEIGHT="4514"
                   ID="eSc_textblock_6ec5ded8"
                   TAGREFS="BT2">
          <Shape><Polygon POINTS="251 479 182 4959 3602 4993 3602 479"/></Shape>
          
          
          <TextLine ID="eSc_line_52862db9"
                    TAGREFS="LT114"
                    BASELINE="1530 616 1628 616 1795 615 1958 621 2104 626 2255 629" 
                    HPOS="1525"
                    VPOS="459"
                    WIDTH="725"
                    HEIGHT="167">
            <Shape><Polygon POINTS="1525 615 1531 494 1565 471 1680 500 1818 459 1974 488 2060 465 2118 505 2239 505 2250 626 1531 620"/></Shape>
	    <String CONTENT="AGNES."
                    HPOS="1525"
                    VPOS="459"
                    WIDTH="725"
                    HEIGHT="167"></String>
          </TextLine>

          
          
          <TextLine ID="eSc_line_74eaff04"
                    TAGREFS="LT114"
                    BASELINE="3363 519 3561 531" 
                    HPOS="3361"
                    VPOS="287"
                    WIDTH="190"
                    HEIGHT="316">
            <Shape><Polygon POINTS="3361 517 3378 310 3459 287 3551 316 3539 603 3367 574"/></Shape>
	    <String CONTENT="13"
                    HPOS="3361"
                    VPOS="287"
                    WIDTH="190"
                    HEIGHT="316"></String>
          </TextLine>

          
          
          <TextLine ID="eSc_line_6ec4900e"
                    TAGREFS="LT114"
                    BASELINE="1415 782 1745 800 2427 819 3263 830" 
                    HPOS="1410"
                    VPOS="586"
                    WIDTH="1847"
                    HEIGHT="259">
            <Shape><Polygon POINTS="1410 781 1421 586 1559 643 1698 620 2031 655 2083 626 2198 661 2273 661 2342 603 2411 603 2486 643 2526 620 2572 638 2607 609 2711 609 2734 638 2757 615 2952 615 3044 626 3102 678 3246 678 3257 827 2993 845 1415 793"/></Shape>
	    <String CONTENT="Oüy, Monſieur, Dieu mercy."
                    HPOS="1410"
                    VPOS="586"
                    WIDTH="1847"
                    HEIGHT="259"></String>
          </TextLine>

          
          
          <TextLine ID="eSc_line_9a1fef60"
                    TAGREFS="LT114"
                    BASELINE="1279 939 2497 966" 
                    HPOS="1277"
                    VPOS="793"
                    WIDTH="1215"
                    HEIGHT="190">
            <Shape><Polygon POINTS="1277 937 1289 816 1456 793 1519 822 2452 822 2480 833 2492 965 2359 983 1911 954 1772 971 1755 948 1283 960"/></Shape>
	    <String CONTENT="ARNOLPHE."
                    HPOS="1277"
                    VPOS="793"
                    WIDTH="1215"
                    HEIGHT="190"></String>
          </TextLine>

          
          
          <TextLine ID="eSc_line_8d171489"
                    TAGREFS="LT114"
                    BASELINE="270 1091 414 1090 719 1139 903 1095 1694 1133 1851 1109 2117 1122 2419 1133 3037 1142" 
                    HPOS="264"
                    VPOS="914"
                    WIDTH="2769"
                    HEIGHT="258">
            <Shape><Polygon POINTS="264 1086 276 931 322 914 379 948 518 954 650 954 731 919 805 948 892 925 1041 942 1076 971 1214 948 1254 977 1358 983 1536 965 1611 988 1738 948 1859 1000 1934 965 2164 965 2193 988 2336 965 2417 1006 2486 1006 2521 971 2762 1000 2791 977 3021 983 3033 1138 2993 1161 2780 1149 2711 1172 2676 1144 2440 1138 2394 1172 2193 1126 2095 1126 2072 1149 1985 1121 1899 1144 1818 1115 1709 1149 1335 1115 1220 1132 1122 1103 1064 1126 909 1098 874 1121 270 1098"/></Shape>
	    <String CONTENT="Et moy de vous reuoir, ie ſuis bien aiſe auſſi:"
                    HPOS="264"
                    VPOS="914"
                    WIDTH="2769"
                    HEIGHT="258"></String>
          </TextLine>

          
          
          <TextLine ID="eSc_line_49d7f691"
                    TAGREFS="LT114"
                    BASELINE="262 1261 586 1258 914 1261 1224 1265 2222 1285 3003 1309 3506 1324" 
                    HPOS="259"
                    VPOS="1115"
                    WIDTH="3246"
                    HEIGHT="236">
            <Shape><Polygon POINTS="259 1259 270 1115 506 1155 759 1132 782 1161 846 1126 926 1161 1047 1126 1179 1167 1249 1138 1295 1167 1352 1138 1519 1138 1600 1178 1807 1144 1876 1184 1916 1149 2031 1149 2060 1172 2129 1149 2198 1190 2377 1155 2423 1195 2567 1195 2590 1172 2676 1195 2751 1167 2785 1201 2975 1207 3119 1207 3148 1184 3280 1207 3309 1178 3396 1178 3424 1207 3482 1178 3505 1322 3476 1351 3234 1351 3154 1328 2981 1345 2958 1316 2688 1339 2584 1305 2417 1333 2354 1299 2267 1328 2135 1293 1928 1293 1870 1322 1767 1287 1439 1310 1369 1287 1231 1305 1203 1276 990 1299 955 1270 863 1270 840 1293 771 1264 661 1293 621 1264 512 1293 454 1264 264 1282"/></Shape>
	    <String CONTENT="Vous vous eſtes toûjours, cõme on voit, bien portée?"
                    HPOS="259"
                    VPOS="1115"
                    WIDTH="3246"
                    HEIGHT="236"></String>
          </TextLine>

          
          
          <TextLine ID="eSc_line_e0fb419c"
                    TAGREFS="LT114"
                    BASELINE="1517 1436 1619 1436 2259 1451" 
                    HPOS="1513"
                    VPOS="1293"
                    WIDTH="743"
                    HEIGHT="178">
            <Shape><Polygon POINTS="1513 1431 1548 1299 1605 1345 1709 1293 1761 1293 1801 1328 1836 1305 1864 1328 1899 1305 1974 1328 2037 1299 2106 1356 2244 1356 2256 1448 2239 1471 2043 1471 1991 1448 1519 1443"/></Shape>
	    <String CONTENT="AGNES."
                    HPOS="1513"
                    VPOS="1293"
                    WIDTH="743"
                    HEIGHT="178"></String>
          </TextLine>

          
          
          <TextLine ID="eSc_line_c80979e2"
                    TAGREFS="LT114"
                    BASELINE="265 1592 591 1584 791 1584 1198 1619 1444 1594 1851 1609 2005 1614 2297 1618 2949 1642" 
                    HPOS="264"
                    VPOS="1431"
                    WIDTH="2683"
                    HEIGHT="242">
            <Shape><Polygon POINTS="264 1586 282 1431 374 1431 408 1466 541 1471 610 1437 719 1443 823 1483 915 1460 932 1483 1030 1466 1041 1489 1145 1466 1214 1489 1283 1460 1375 1483 1444 1460 1508 1494 1675 1466 1807 1506 1887 1477 2100 1477 2135 1500 2354 1489 2382 1523 2699 1512 2739 1535 2820 1500 2849 1535 2935 1535 2947 1638 2912 1661 2693 1638 2526 1673 2440 1632 2342 1650 2308 1627 2083 1621 2037 1644 2014 1621 1980 1638 1778 1615 1732 1650 1657 1609 1531 1627 1456 1604 1323 1638 1208 1615 1082 1632 990 1598 886 1627 782 1621 736 1592 650 1621 575 1592 483 1615 454 1586 270 1609"/></Shape>
	    <String CONTENT="Hors les puces, qui m&#39;ont la nuit inquietée."
                    HPOS="264"
                    VPOS="1431"
                    WIDTH="2683"
                    HEIGHT="242"></String>
          </TextLine>

          
          
          <TextLine ID="eSc_line_27379358"
                    TAGREFS="LT114"
                    BASELINE="1264 1762 2498 1788" 
                    HPOS="1260"
                    VPOS="1627"
                    WIDTH="1232"
                    HEIGHT="178">
            <Shape><Polygon POINTS="1260 1759 1272 1644 1335 1632 1675 1627 1859 1655 1916 1627 1985 1655 2244 1632 2480 1667 2492 1787 2250 1805 2164 1782 1755 1793 1738 1770 1266 1782"/></Shape>
	    <String CONTENT="ARNOLPHE."
                    HPOS="1260"
                    VPOS="1627"
                    WIDTH="1232"
                    HEIGHT="178"></String>
          </TextLine>

          
          
          <TextLine ID="eSc_line_7338bef1"
                    TAGREFS="LT114"
                    BASELINE="269 1914 507 1912 834 1917 1204 1923 1532 1928 1790 1932 2470 1956 2796 1965 2998 1969 3512 1980" 
                    HPOS="264"
                    VPOS="1759"
                    WIDTH="3247"
                    HEIGHT="264">
            <Shape><Polygon POINTS="264 1908 276 1787 305 1770 414 1759 471 1793 707 1799 754 1764 811 1799 990 1805 1064 1782 1116 1810 1249 1810 1289 1770 1427 1816 1519 1776 1600 1822 1830 1828 2026 1787 2112 1833 2175 1793 2221 1816 2296 1793 2359 1839 2572 1845 2665 1845 2688 1822 2757 1845 2866 1810 2947 1810 2993 1845 3039 1810 3131 1833 3499 1822 3511 1977 3482 2012 3424 1989 3361 2023 3246 1983 3131 1983 3085 2012 3010 1977 2797 2000 2659 1971 2544 2006 2290 1960 2193 1960 2158 1994 2106 1994 2003 1954 1847 1989 1772 1948 1571 1983 1508 1948 1479 1966 1369 1943 1335 1971 1289 1937 1145 1966 1122 1943 1024 1960 955 1931 897 1966 834 1925 782 1960 351 1954 270 1931"/></Shape>
	    <String CONTENT="Ah! vous aurez dans peu quelqu&#39;vn pour les chaſſer."
                    HPOS="264"
                    VPOS="1759"
                    WIDTH="3247"
                    HEIGHT="264"></String>
          </TextLine>

          
          
          <TextLine ID="eSc_line_9165a7b7"
                    TAGREFS="LT114"
                    BASELINE="1517 2098 2260 2114" 
                    HPOS="1513"
                    VPOS="1954"
                    WIDTH="743"
                    HEIGHT="178">
            <Shape><Polygon POINTS="1513 2092 1525 1966 1623 2006 1675 1954 1772 1983 1824 1966 1853 1994 2008 1960 2214 1977 2244 2023 2256 2109 2054 2132 1962 2109 1519 2109"/></Shape>
	    <String CONTENT="AGNES."
                    HPOS="1513"
                    VPOS="1954"
                    WIDTH="743"
                    HEIGHT="178"></String>
          </TextLine>

          
          
          <TextLine ID="eSc_line_354ae08d"
                    TAGREFS="LT114"
                    BASELINE="253 2251 577 2240 799 2245 1147 2252 1622 2260" 
                    HPOS="247"
                    VPOS="2098"
                    WIDTH="1370"
                    HEIGHT="195">
            <Shape><Polygon POINTS="247 2247 259 2098 322 2098 448 2138 748 2138 794 2104 961 2104 1036 2144 1519 2109 1605 2144 1617 2259 1571 2288 1519 2265 1387 2293 1358 2270 1335 2293 1128 2293 1007 2253 759 2253 707 2282 684 2259 598 2259 495 2288 379 2247 253 2270"/></Shape>
	    <String CONTENT="Vous me ferez plaiſir."
                    HPOS="247"
                    VPOS="2098"
                    WIDTH="1370"
                    HEIGHT="195"></String>
          </TextLine>

          
          
          <TextLine ID="eSc_line_84c29456"
                    TAGREFS="LT114"
                    BASELINE="1230 2424 1664 2433 1842 2437 2112 2442 2468 2450" 
                    HPOS="1226"
                    VPOS="2270"
                    WIDTH="1237"
                    HEIGHT="202">
            <Shape><Polygon POINTS="1226 2420 1237 2288 1490 2293 1513 2270 1577 2293 1663 2270 1726 2299 1847 2276 1962 2305 2008 2276 2089 2282 2118 2311 2239 2288 2285 2316 2446 2288 2463 2449 2313 2472 2008 2443 1565 2454 1525 2431 1231 2431"/></Shape>
	    <String CONTENT="ARNOLPHE."
                    HPOS="1226"
                    VPOS="2270"
                    WIDTH="1237"
                    HEIGHT="202"></String>
          </TextLine>

          
          
          <TextLine ID="eSc_line_f93a0905"
                    TAGREFS="LT114"
                    BASELINE="1751 2590 1874 2598 2022 2609 2326 2613 2632 2617 3094 2631" 
                    HPOS="1749"
                    VPOS="2449"
                    WIDTH="1341"
                    HEIGHT="218">
            <Shape><Polygon POINTS="1749 2587 1761 2460 1859 2495 1957 2449 2003 2500 2187 2500 2227 2472 2308 2495 2365 2460 2457 2472 2498 2512 2595 2512 2647 2483 2722 2518 2797 2483 3027 2477 3079 2523 3090 2627 3073 2650 2791 2633 2751 2667 2647 2667 2555 2633 2446 2661 2400 2621 2233 2621 2164 2650 2031 2650 1968 2615 1755 2621"/></Shape>
	    <String CONTENT="Ie le puis bien penſer."
                    HPOS="1749"
                    VPOS="2449"
                    WIDTH="1341"
                    HEIGHT="218"></String>
          </TextLine>

          
          
          <TextLine ID="eSc_line_6c855a05"
                    TAGREFS="LT114"
                    BASELINE="253 2760 515 2727 1267 2755 1609 2760 1831 2761" 
                    HPOS="247"
                    VPOS="2581"
                    WIDTH="1583"
                    HEIGHT="224">
            <Shape><Polygon POINTS="247 2759 270 2581 385 2581 483 2621 569 2587 771 2587 886 2650 1064 2644 1105 2621 1128 2644 1174 2627 1214 2656 1289 2650 1352 2604 1542 2656 1588 2610 1623 2633 1663 2615 1766 2604 1818 2661 1830 2759 1795 2794 1721 2771 1617 2805 1554 2776 1479 2799 1450 2771 1335 2794 1260 2776 1226 2799 1185 2759 1133 2788 1024 2759 874 2759 828 2782 788 2753 627 2771 541 2748 506 2782 253 2782"/></Shape>
	    <String CONTENT="Que faites-vous donc là ?"
                    HPOS="247"
                    VPOS="2581"
                    WIDTH="1583"
                    HEIGHT="224"></String>
          </TextLine>

          
          
          <TextLine ID="eSc_line_7e3db8e5"
                    TAGREFS="LT114"
                    BASELINE="1498 2922 2236 2939" 
                    HPOS="1496"
                    VPOS="2771"
                    WIDTH="737"
                    HEIGHT="184">
            <Shape><Polygon POINTS="1496 2920 1508 2794 1531 2776 1669 2794 1726 2771 1755 2799 1830 2776 1882 2799 1916 2771 1951 2799 2031 2776 2118 2805 2152 2776 2221 2776 2233 2937 2210 2955 2014 2955 1968 2932 1744 2949 1646 2926 1502 2943"/></Shape>
	    <String CONTENT="AGNES."
                    HPOS="1496"
                    VPOS="2771"
                    WIDTH="737"
                    HEIGHT="184"></String>
          </TextLine>

          
          
          <TextLine ID="eSc_line_07b214f3"
                    TAGREFS="LT114"
                    BASELINE="1630 3089 1751 3093 1979 3098 2245 3107 2483 3106 3202 3146" 
                    HPOS="1628"
                    VPOS="2943"
                    WIDTH="1572"
                    HEIGHT="224">
            <Shape><Polygon POINTS="1628 3087 1651 2943 2003 2978 2089 2949 2129 2983 2158 2960 2193 2983 2371 2960 2498 3001 2613 2972 2665 3006 2912 2989 2947 3018 3183 3018 3200 3144 3148 3167 3125 3144 2785 3121 2716 3144 2682 3116 2532 3139 2423 3110 2388 3133 1634 3098"/></Shape>
	    <String CONTENT="Ie me fais des Cornettes,"
                    HPOS="1628"
                    VPOS="2943"
                    WIDTH="1572"
                    HEIGHT="224"></String>
          </TextLine>

          
          
          <TextLine ID="eSc_line_1c40beec"
                    TAGREFS="LT114"
                    BASELINE="245 3228 490 3230 1132 3250 1314 3254 1651 3277 1829 3255 2088 3270 2602 3277 2898 3283 3307 3288" 
                    HPOS="241"
                    VPOS="3081"
                    WIDTH="3062"
                    HEIGHT="242">
            <Shape><Polygon POINTS="241 3225 253 3087 333 3081 397 3121 673 3087 713 3127 1030 3093 1105 3139 1174 3139 1220 3098 1341 3144 1467 3110 1536 3110 1588 3150 1692 3150 1738 3116 1836 3156 1951 3156 1985 3133 2083 3162 2141 3162 2193 3121 2526 3127 2584 3167 2705 3133 2757 3173 2831 3179 2901 3179 2958 3139 3125 3144 3171 3185 3292 3162 3303 3282 3280 3311 3056 3323 3016 3294 2808 3317 2647 3288 2348 3300 2302 3277 2106 3300 1962 3294 1939 3271 1795 3288 1755 3265 1594 3288 1462 3259 1369 3282 1318 3254 1099 3277 1064 3254 823 3271 523 3236 247 3242"/></Shape>
	    <String CONTENT="Vos Chemiſes de nuit, &amp; vos Coiffes ſont faites."
                    HPOS="241"
                    VPOS="3081"
                    WIDTH="3062"
                    HEIGHT="242"></String>
          </TextLine>

          
          
          <TextLine ID="eSc_line_f63cd80b"
                    TAGREFS="LT114"
                    BASELINE="1231 3418 1325 3418 1491 3426 1651 3423 1835 3427 1979 3428 2121 3431 2305 3437 2479 3434" 
                    HPOS="1226"
                    VPOS="3271"
                    WIDTH="1249"
                    HEIGHT="189">
            <Shape><Polygon POINTS="1226 3415 1249 3271 1352 3300 1646 3271 1675 3300 1772 3277 1818 3305 1911 3277 1980 3305 2089 3282 2146 3305 2382 3288 2457 3311 2475 3432 2394 3460 2354 3438 2187 3460 1847 3432 1749 3455 1715 3426 1657 3449 1231 3426"/></Shape>
	    <String CONTENT="ARNOLPHE."
                    HPOS="1226"
                    VPOS="3271"
                    WIDTH="1249"
                    HEIGHT="189"></String>
          </TextLine>

          
          
          <TextLine ID="eSc_line_a4624933"
                    TAGREFS="LT114"
                    BASELINE="240 3556 448 3554 516 3559 891 3573 1124 3578 1323 3578 1633 3587 1703 3610 2136 3615 2657 3610 3236 3644" 
                    HPOS="235"
                    VPOS="3403"
                    WIDTH="2999"
                    HEIGHT="253">
            <Shape><Polygon POINTS="235 3552 247 3403 679 3455 777 3415 915 3460 1036 3460 1076 3426 1145 3466 1508 3438 1611 3478 1675 3449 1749 3478 1813 3449 1928 3449 1980 3483 2031 3455 2106 3483 2146 3449 2181 3483 2308 3495 2348 3472 2463 3495 2515 3455 2653 3478 2774 3460 2831 3483 3004 3466 3108 3512 3194 3478 3223 3501 3234 3639 3096 3656 3027 3627 2854 3621 2826 3650 2774 3650 2716 3616 2244 3610 2106 3633 2008 3610 1628 3621 1548 3593 1387 3616 1335 3581 1156 3610 1116 3581 909 3604 800 3575 742 3598 713 3570 633 3593 581 3564 529 3593 466 3570 241 3570"/></Shape>
	    <String CONTENT="Ha ! voila qui va bien ; allez, montez là-haut,"
                    HPOS="235"
                    VPOS="3403"
                    WIDTH="2999"
                    HEIGHT="253"></String>
          </TextLine>

          
          
          <TextLine ID="eSc_line_f69b0e4d"
                    TAGREFS="LT114"
                    BASELINE="238 3722 438 3721 772 3731 1324 3748 1733 3781 1889 3760 2625 3816 3172 3805" 
                    HPOS="235"
                    VPOS="3570"
                    WIDTH="2936"
                    HEIGHT="253">
            <Shape><Polygon POINTS="235 3719 247 3570 339 3570 385 3610 990 3633 1122 3610 1174 3639 1214 3610 1237 3633 1295 3616 1404 3644 1525 3610 1554 3639 1657 3621 1744 3656 1801 3621 1870 3644 2003 3627 2083 3673 2129 3633 2239 3667 2296 3639 2388 3639 2636 3679 2670 3650 2716 3685 2762 3667 2797 3690 2860 3656 2924 3685 3102 3667 3160 3696 3171 3800 2549 3823 2377 3794 2239 3811 2187 3782 2112 3800 2072 3777 1916 3794 1882 3771 1479 3782 1421 3754 1398 3777 1179 3771 1122 3742 995 3765 604 3748 546 3725 512 3748 466 3725 241 3736"/></Shape>
	    <String CONTENT="Ne vous ennuyez point, ie reuiendray tantoſt,"
                    HPOS="235"
                    VPOS="3570"
                    WIDTH="2936"
                    HEIGHT="253"></String>
          </TextLine>

          
          
          <TextLine ID="eSc_line_3dc29c96"
                    TAGREFS="LT114"
                    BASELINE="231 3883 538 3888 862 3900 1422 3958 2050 3930 2901 3937" 
                    HPOS="230"
                    VPOS="3759"
                    WIDTH="2665"
                    HEIGHT="219">
            <Shape><Polygon POINTS="230 3880 235 3759 489 3765 552 3794 610 3771 707 3800 817 3800 880 3771 1018 3811 1133 3777 1410 3817 1456 3817 1490 3782 1571 3782 1605 3817 1663 3782 1767 3782 1795 3805 1847 3788 1882 3823 2054 3823 2106 3788 2146 3828 2325 3828 2354 3800 2388 3828 2860 3823 2883 3834 2895 3932 2854 3961 2371 3943 2331 3978 2239 3978 2204 3943 2106 3972 2066 3938 1951 3938 1916 3966 1818 3938 1778 3972 1755 3943 1197 3961 1105 3926 1001 3955 644 3955 541 3926 368 3949 333 3915 235 3909"/></Shape>
	    <String CONTENT="Et ie vous parleray d&#39;affaires importantes."
                    HPOS="230"
                    VPOS="3759"
                    WIDTH="2665"
                    HEIGHT="219"></String>
          </TextLine>

          
          
          <TextLine ID="eSc_line_5cdf6a02"
                    TAGREFS="LT114"
                    BASELINE="1097 4075 1377 4079 1776 4096 2300 4101" 
                    HPOS="1093"
                    VPOS="3949"
                    WIDTH="1203"
                    HEIGHT="173">
            <Shape><Polygon POINTS="1093 4070 1105 3949 1323 3989 1462 3989 1525 3955 1790 4001 2037 3972 2164 4001 2204 3984 2285 4007 2296 4099 2221 4122 2181 4099 1876 4116 1767 4093 1099 4093"/></Shape>
	    <String CONTENT="Tous eſtans rentrez."
                    HPOS="1093"
                    VPOS="3949"
                    WIDTH="1203"
                    HEIGHT="173"></String>
          </TextLine>

          
          
          <TextLine ID="eSc_line_3fc8538c"
                    TAGREFS="LT114"
                    BASELINE="230 4216 819 4230 1009 4230 1460 4271 2169 4262 2375 4262 3098 4296" 
                    HPOS="224"
                    VPOS="4064"
                    WIDTH="2872"
                    HEIGHT="247">
            <Shape><Polygon POINTS="224 4214 235 4076 305 4064 408 4104 610 4076 846 4116 880 4081 938 4081 972 4116 1444 4133 1519 4099 1571 4122 1617 4099 1680 4110 1703 4133 1744 4104 1830 4104 1870 4145 2003 4116 2112 4145 2141 4116 2210 4116 2296 4156 2365 4122 2463 4122 2503 4150 2768 4133 2814 4168 2895 4150 2924 4173 2998 4139 3062 4162 3085 4145 3096 4294 3044 4311 2636 4277 2492 4306 2463 4271 2434 4294 2371 4271 2319 4300 2187 4265 2083 4294 2026 4265 1899 4288 1703 4265 1226 4271 1174 4248 1059 4265 1024 4237 863 4260 828 4231 615 4254 512 4219 414 4248 379 4219 230 4237"/></Shape>
	    <String CONTENT="Heroïnes du temps, Meſdames les Sçauantes,"
                    HPOS="224"
                    VPOS="4064"
                    WIDTH="2872"
                    HEIGHT="247"></String>
          </TextLine>

          
          
          <TextLine ID="eSc_line_58fe8213"
                    TAGREFS="LT114"
                    BASELINE="227 4373 866 4397 1052 4397 1642 4415 1804 4420 1989 4424 2398 4427 3117 4458" 
                    HPOS="224"
                    VPOS="4231"
                    WIDTH="2890"
                    HEIGHT="259">
            <Shape><Polygon POINTS="224 4369 235 4231 322 4271 581 4242 650 4283 765 4248 834 4288 978 4254 1013 4294 1179 4300 1300 4300 1346 4265 1381 4306 1531 4271 1594 4277 1628 4311 1732 4283 1824 4317 1882 4283 1945 4317 2049 4288 2083 4329 2135 4306 2181 4329 2239 4300 2331 4300 2394 4334 2503 4306 2618 4346 2682 4311 2929 4317 2993 4346 3056 4323 3102 4346 3114 4455 3073 4490 3039 4461 2935 4455 2440 4461 2354 4438 2279 4467 2204 4432 2112 4461 1853 4426 1715 4449 1174 4432 1076 4398 938 4421 869 4392 707 4415 587 4386 448 4403 230 4380"/></Shape>
	    <String CONTENT="Pouſſeuſes de tendreſſe &amp; de beaux ſentimens,"
                    HPOS="224"
                    VPOS="4231"
                    WIDTH="2890"
                    HEIGHT="259"></String>
          </TextLine>

          
          
          <TextLine ID="eSc_line_1ccfc758"
                    TAGREFS="LT114"
                    BASELINE="223 4534 357 4534 680 4549 781 4553 938 4558 1198 4572 1494 4582 1756 4585 2117 4609 2374 4593 3001 4620" 
                    HPOS="218"
                    VPOS="4398"
                    WIDTH="2780"
                    HEIGHT="247">
            <Shape><Polygon POINTS="218 4530 230 4403 368 4426 489 4398 529 4426 598 4403 627 4432 702 4409 794 4438 828 4415 863 4444 943 4444 984 4415 1076 4449 1116 4421 1145 4455 2072 4455 2106 4490 2313 4467 2348 4490 2503 4472 2532 4501 2613 4501 2676 4478 2734 4513 2924 4490 2987 4507 2998 4616 2901 4645 2843 4622 2676 4633 2532 4610 1628 4610 1600 4582 1548 4605 1295 4599 1093 4564 869 4582 794 4553 719 4576 690 4547 558 4570 397 4564 368 4541 224 4559"/></Shape>
	    <String CONTENT="Ie défie à la fois tous vos Vers, vos Romans,"
                    HPOS="218"
                    VPOS="4398"
                    WIDTH="2780"
                    HEIGHT="247"></String>
          </TextLine>

          
          
          <TextLine ID="eSc_line_087ffce3"
                    TAGREFS="LT114"
                    BASELINE="222 4705 467 4704 990 4743 1461 4743 1860 4772 2242 4758 2665 4763 3222 4780" 
                    HPOS="218"
                    VPOS="4564"
                    WIDTH="2999"
                    HEIGHT="242">
            <Shape><Polygon POINTS="218 4702 230 4564 322 4564 420 4593 535 4570 581 4610 782 4593 961 4622 1024 4587 1162 4587 1272 4599 1300 4628 1502 4633 1559 4605 1611 4633 1726 4616 1790 4645 3154 4645 3206 4668 3217 4777 3194 4806 3114 4783 3033 4806 3004 4777 2854 4777 2831 4800 2797 4771 2561 4794 2521 4771 2348 4783 2273 4760 2210 4783 2158 4760 1997 4783 1519 4766 1456 4743 1387 4766 742 4748 713 4720 633 4714 552 4737 477 4714 437 4737 414 4714 391 4731 224 4702"/></Shape>
	    <String CONTENT="Vos Lettres, Billets doux, toute voſtre Science,"
                    HPOS="218"
                    VPOS="4564"
                    WIDTH="2999"
                    HEIGHT="242"></String>
          </TextLine>

          
          
          <TextLine ID="eSc_line_e95fd29a"
                    TAGREFS="LT114"
                    BASELINE="218 4874 410 4871 824 4890 1167 4901 1759 4920 1918 4915 2483 4929 3206 4938" 
                    HPOS="212"
                    VPOS="4737"
                    WIDTH="2988"
                    HEIGHT="264">
            <Shape><Polygon POINTS="212 4869 224 4737 310 4737 362 4771 541 4771 610 4743 702 4783 874 4789 1053 4754 1087 4789 1214 4760 1249 4794 1392 4800 1525 4800 1640 4766 1675 4806 1784 4806 1818 4777 1911 4812 2043 4812 2112 4777 2429 4823 2526 4789 2757 4829 2970 4800 3016 4835 3102 4806 3188 4835 3200 4932 3183 4978 2987 4961 2947 4990 2889 4955 2831 4996 2734 5001 2659 4955 2607 4996 2561 4996 2509 4950 2423 4944 2377 4944 2313 4990 2193 4990 2095 4950 2037 4984 1945 4984 1893 4944 1680 4978 1456 4938 1398 4973 1352 4921 1249 4955 1151 4927 1116 4944 1082 4915 926 4938 869 4909 731 4909 615 4955 379 4950 351 4915 218 4915"/></Shape>
	    <String CONTENT="De valoir cette honneſte &amp; pudique ignorance."
                    HPOS="212"
                    VPOS="4737"
                    WIDTH="2988"
                    HEIGHT="264"></String>
          </TextLine>

          
        </TextBlock>
        
        <TextBlock HPOS="1584"
                   VPOS="5255"
                   WIDTH="468"
                   HEIGHT="285"
                   ID="eSc_textblock_ab89fe9a"
                   TAGREFS="BT308">
          <Shape><Polygon POINTS="1584 5255 1584 5540 2052 5540 2052 5255"/></Shape>
          
        </TextBlock>
        

        
      </PrintSpace>
    </Page>
  </Layout>
</alto>
