4058 6923
519 346 185 253 28

1160 271 2187 282 L’ESCOLE DES FEMMES,

487 527 2778 244 Une vous a pas faite vne belle perſonne;

473 682 3083 244 Afin de mal-vſer des choſes qu’il vous donne.

493 861 2788 238 Et vous deuez ſçauoir que vous auez bleſſé

484 992 3441 242 Vn cœur, qui de s'en plaindre eſt auiourd’huy forcé.

1562 1187 1668 182 ARNOLPHE à part.

479 1356 2754 244 Ah ſupoſt de Sathan, execrable damnée.

1767 1549 769 133 AGNES.

461 1655 3262 254 Moy, i’ay bleſſé quelqu’vn? fis-je toute eſtonnée,

461 1823 2921 265 Oüy, dit-elle, bleſſé, mais bleſſé tout de bon;

458 2010 3184 254 Et c’eſt l’homme qu’hier vous viſtes du Balcon.

452 2176 3183 259 Helas! qui pourroit, dis-je, en auoir eſté cauſe?

456 2313 3290 288 Sur luy ſans y penſer, fis-je choir quelque choſe?

461 2492 3054 242 Non, dit-elle, vos yeux ont fait ce coup fatal,

467 2642 3354 271 Et c’eſt de leurs regards qu’eſt venu tout ſon mal.

461 2826 3348 254 Hé, mon Dieu! ma ſurpriſe eſt, fis-je, ſans ſeconde.

472 3007 3456 257 Mes yeux ont-ils du mal pour en donner au monde?

479 3161 2874 260 Oüy, fit-elle, vos yeux, pour cauſer le trépas

483 3349 3049 249 Ma fille, ont vn venin que vous ne ſçauez pas.

483 3529 2796 237 En vn mot, il languit le pauure miſerable.

487 3685 2807 239 Et s’il faut, pourſuiuit la vieille charitable,

473 3848 2788 230 Que voſtre cruauté luy refuſe vn ſecours,

479 4007 3473 252 C’eſt vn homme à porter en terre dans deux iours.

493 4179 3465 255 Mon Dieu! i'en aurois, dy-je, vne douleur bien grãde.

492 4347 3453 253 Mais pour le ſecourir, qu’eſt-ce qu’il me demande?

498 4523 2983 227 Mon enfant, me dit-elle, il ne veut obtenir,

496 4673 2978 242 Que le bien de vous voir & vous entretenir.

497 4850 3254 246 Vos yeux peuuent eux ſeuls empeſcher ſa ruine,

502 5026 2943 238 Et du mal qu’ils ont fait eſtre la medecine.

500 5189 3137 247 Helas! volontiers, dis-je, & puis qu’il eſt ainſi,

504 5359 3042 245 Il peut tant qu’il voudra me venir voir icy.

1404 5530 1702 204 ARNOLPHE à part.

512 5679 3026 247 Ah ſorciere maudite, empoiſonneuſe d'ames,

524 5849 2882 247 Puiſſe l’Enfer payer tes charitables trames.
