4058 7014
1011 280 2403 333 L’ESCOLE DES FEMMES,

567 531 2859 240 Comme ſur les Maris accuſez de ſouffrance,

540 685 3350 281 De tout temps voſtre langue a daubé d’importance,

563 821 3148 288 Qu’on vous a veu contr’eux vn Diable déchainé;

574 1021 3329 253 Vous deuez marcher droit, pour n’eſtre point berné;

569 1189 3098 278 Et s’il faut que ſur vous on ait la moindre priſe,

592 1356 2995 254 Gare qu’aux Carrefours on ne vous tympaniſe,

582 1637 334 134 Et....

1604 1715 1290 171 ARNOLPHE.

745 1840 3164 279 Mon Dieu, noſtre Amy, ne vous tourmẽtez point;

585 2020 3052 279 Bien hupé qui pourra m’attraper ſur ce poinct.

591 2190 2888 281 Ie ſçay les tours ruſez, & les ſubtiles trames,

591 2338 3339 293 Dont, pour nous en plãter, ſçauent vſer les Femmes,

609 2531 2748 264 Et comme on eſt dupé par leurs dexteritez;

611 2697 2726 262 Contre cet accident i'ay pris mes ſeuretez,

604 2865 2639 266 Et celle que i'épouſe, a toute l’innocence

607 3015 3150 284 Qui peut ſauuer mon front de maligne influence.

1620 3215 1343 168 CHRISALDE.

609 3350 3233 287 Et que pretendez-vous qu’vne Sotte en vn mot...

1658 3553 1257 165 ARNOLPHE.

613 3658 2930 316 Epouſer vne Sotte, eſt pour n’eſtre point Sot:

613 3834 3339 280 Ie crois, en bon Chreſtien, voſtre moitié fort ſage;

624 4017 3150 286 Mais vne Femme habile eſt vn mauuais préſage,

631 4202 2883 251 Et ie ſçay ce qu’il couſte à de certaines gens,

637 4354 2865 275 Pour auoir pris les leurs auec trop de talens.

637 4547 2690 222 Moy i’irois me charger d'vne Spirituelle,

644 4688 3117 285 Qui ne parleroit rien que Cercle, & que Ruelle?

649 4857 3034 263 Qui de Proſe, & de Vers, ſeroit de doux écrits,

649 5020 2976 263 Et que viſiteroient Marquis, & beaux Eſprits,

666 5190 3011 263 Tandis que, ſous le nom du Mary de Madame,

666 5342 3228 275 Ie ſerois comme vn Saint, que pas-vn ne reclame?

676 5513 3341 291 Non, non, ie ne veux point d'vn Eſprit qui ſoit haut,

678 5679 3283 295 Et Femme qui compoſe, en ſçait plus qu’il ne faut.

686 5853 3164 289 Ie pretens que la mienne, en clartez peu ſublime,

689 6032 3000 397 Meſme ne ſçache pas ce que c'eſt qu’vne Rime;

567 438 216 204 4
