4058 6899
291 477 2998 214 Vous me ſemblez chagrin; ſeroit-ce qu’en effet

287 643 2782 212 Vous deſaprouueriez le deſſein que i’ay fait?

1303 836 1268 150 ARNOLPHE.

279 975 1802 197 Non, c’eſt que ie ſongeois....

1415 1160 984 138 HORACE.

1695 1333 1521 157 Cet entretien vous laſſe;

264 1467 3166 222 Adieu, i'iray chez vous tantoſt vous rendre grace.

1263 1658 1261 140 ARNOLPHE.

265 1801 863 145 Ah! faut-il....

1120 1986 1570 144 HORACE reuenant.

1130 2146 2038 176 Derechef, veuillez eſtre diſcret,

250 2301 2800 205 Et n’allez pas, de grace, éuenter mon ſecret.

1268 2488 1254 134 ARNOLPHE.

250 2629 1812 157 Que ie ſens dans mon ame....

1092 2814 1583 142 HORACE reuenant.

1858 2981 1481 163 Et ſur tout à mon Pere,

239 3117 2744 207 Qui s'en feroit peut-eſtre vn ſujet de colere.

525 3298 2674 200 ARNOLPHE croyant qu'il reuient encore.

235 3432 3051 207 Oh.... Oh que i'ay ſouffert durant cet entretien!

235 3615 2714 210 Jamais trouble d’eſprit ne fut égal au mien.

231 3779 3114 209 Auec quelle imprudence, & quelle haſte extréme,

227 3941 2990 200 Il m'eſt venu conter cette affaire à moy-méme!

227 4105 3018 210 Bien que mon autre nom le tienne dans l’erreur,

221 4271 2748 197 Etourdy, montra-t'il iamais tant de fureur?

217 4437 3280 199 Mais ayant tant ſouffert, ie deuois me contraindre,

211 4600 2963 206 Iuſques à m'éclaircir de ce que ie dois craindre,

212 4765 2810 203 A pouſſer juſqu'au bout ſon caquet indiſcret,

209 4920 2807 202 Et ſçauoir pleinement leur commerce ſecret.

210 5086 3006 213 Tâchons à le rejoindre, il n’eſt pas loin ie penſe,

207 5254 2605 174 Tirons-en de ce fait l'entiere confidence;

202 5412 2834 214 Ie tremble du malheur qui m'en peut arriuer,

198 5574 3204 227 Et l'on cherche ſouuent plus qu’on ne veut trouuer.

897 5878 1802 207 Fin du Premier Acte.

3355 316 219 276 19

1208 258 1387 242 COMEDIE.
