4038 6834
1525 280 1577 229 EPISTRE.

726 572 3186 302 ALTESSE ROYALE, ſur le

716 864 3173 274 titre de L’ECOLE DES FEMMES,

738 1148 3177 318 & l'offre qu'il vous en feroit. Mais

703 1460 3202 298 pour moy, MADAME, ie vous

725 1720 3185 314 auoüe mon foible. Ie ne ſçay point

723 2012 3189 302 cét art de trouuer des rapports entre

712 2300 3202 314 des choſes ſi peu proportionnées; &

714 2580 3205 326 quelques belles lumieres, que mes

727 2864 3190 322 Confreres les Autheurs me donnent

713 3160 3202 310 tous les iours ſur de pareils ſujets, ie

711 3476 3205 282 ne voy point ce que VOSTRE

704 3744 3226 302 ALTESSE ROYALE pourroit

710 4020 3214 294 auoir à démeſler auec la Comedie

704 4316 3213 318 que ie luy preſente. On n'eſt pas en

677 4608 3258 318 peine, ſans doute, comment il faut

659 4896 3266 310 faire pour vous loüer. La matiere,

701 5184 3217 314 MADAME, ne ſaute que trop aux

710 5472 3218 314 yeux, & de quelque coſté qu’on

700 5760 3222 310 vous regarde, on rencontre Gloire
