4058 6973
810 188 1591 287 EPISTRE.

56 455 3209 446 ſur Gloire, & qualitez ſur quali¬

102 759 3184 392 tez. Vous en auez, MADAME,

116 1047 3184 416 du coſté du rang, & de la naiſſan¬

125 1339 3189 415 ce, qui vous font reſpecter de toute

155 1638 3187 384 la terre. Vous en auez du coſté des

165 1935 3160 394 Graces, & de l'Eſprit, & du Corps,

174 2226 3189 411 qui vous font admirer de toutes les

156 2533 3220 389 perſonnes, qui vous voyent. Vous en

197 2809 3192 404 auez du coſté de l'ame, qui, ſi l'on

219 3105 3188 403 oſe parler ainſi, vous font aymer de

237 3400 3184 400 tous ceux qui ont l'honneur d'appro¬

237 3668 3190 340 cher de vous: Ie veux dire cette dou¬

247 3976 3188 384 ceur pleine de Charmes, dont vous

261 4264 3192 408 daignez temperer la fierté des

247 4564 3196 404 grands titres que vous portez; cet¬

279 4831 3197 420 te bonté toute obligeante; cette af¬

261 5111 3233 437 fabilité genereuſe, que vous faites

283 5427 3223 384 paroiſtre pour tout le monde: Et

328 5703 3172 403 ce ſont particulierement ces dernieres

2379 6026 515 298 ã iiij
