4058 6866
183 518 2590 202 L'vne de ſon Galant, en adroite Femelle,

185 674 2771 231 Fait fauſſe confidence à ſon Eſpoux fidelle,

186 860 2487 202 Qui dort en ſeureté ſur vn pareil appas,

181 1002 3183 247 Et le plaint, ce Galant, des ſoins qu il ne perd pas.

182 1178 2733 230 L'autre, pour ſe purger de ſa magnificence,

183 1336 3109 243 Dit qu'elle gagne au jeu l'argent qu'elle depenſe;

180 1510 2611 222 Et le Mary beneſt, ſans ſonger à quel jeu,

185 1674 3079 235 Sur les gains qu'elle fait, rend des graces à Dieu,

184 1844 2658 217 Enfin ce ſont par tout des ſujets de Satyre,

177 2006 2834 224 Et comme Spectateur, ne puis-je pas en rire?

184 2180 1620 194 Puis-je pas de nos Sots....

1153 2362 1334 151 CHRISALDE.

1342 2518 1766 204 Oüy: mais qui rit d’autruy,

177 2664 3132 232 Doit craindre, qu’en reuanche, on rie auſſi de luy.

176 2826 3078 233 I'entens parler le monde, & des gens ſe délaſſent

177 2998 2466 214 A venir debiter les choſes qui ſe paſſent:

172 3158 3248 236 Mais quoy que l’on diuulgue aux endroits ou ie ſuis,

167 3324 2880 223 Iamais on ne m’a veu triompher de ces bruits;

171 3484 3023 234 I’y ſuis aſſez modeſte; & bien qu’aux occurences

153 3646 2596 214 Ie puiſſe condamner certaines tolerances;

152 3820 2932 194 Que mon deſſein ne ſoit de ſouffrir nullement,

162 3986 2913 220 Ce que d'aucuns Maris ſouffrent paiſiblement,

153 4150 2571 211 Pourtant ie n’ay iamais affecté de le dire;

153 4306 2874 221 Car enfin il faut craindre vn reuers de Satyre,

141 4472 2679 221 Et l'on ne doit iamais jurer, ſur de tels cas,

142 4640 2871 217 De ce qu’on pourra faire, ou bien ne faire pas.

143 4796 3225 235 Ainſi quand à mon front, par vn ſort qui tout meine,

134 4956 2633 232 Il ſeroit arriué quelque diſgrace humaine;

133 5136 2687 217 Apres mon procedé, ie ſuis preſque certain

129 5282 2724 210 Qu'on ſe contentera de s’en rire ſous-main;

129 5450 2737 230 Et peut-eſtre qu’encor i’auray cet auautage,

120 5610 3231 247 Que quelques bonnes gens diront, que c’eſt dõmage!

131 5776 3067 238 Mais de vous, cher Compere, il en eſt autrement;

132 5932 2833 248 Ie vous le dis encor, vous riſquez diablement.

2573 6180 331 198 A ij

3336 314 126 326 3

1144 314 1431 229 COMEDIE.
