4058 6998
466 949 2416 330 PREFACE.

767 1446 2534 250 IEN des gens ont frondé d’abord

791 1671 2519 196 cette Comedie: mais les rieurs ont

800 1859 2517 256 eſté pour elle, & tout le mal qu'on

803 2059 2514 258 en a pu dire, n'a pû faire qu'elle

102 2271 3226 216 n'ait eu vn ſuccez, dont ie me contente. Ie

107 2480 3220 247 ſçay qu’on attend de moy, dans cette im¬

114 2676 3219 253 preſſion, quelque Preface, qui reſponde

116 2888 3221 215 aux cenſeurs, & rende raiſon de mon Ou¬

121 3091 3221 239 urage; & ſans doute que ie ſuis aſſez rede¬

120 3297 3226 240 uable à toutes les perſonnes, qui luy ont

134 3522 3195 225 donné leur approbation, pour me croire o¬

134 3714 3204 235 bligé de deffendre leur iugement, contre ce¬

131 3910 3202 237 luy des autres: mais il ſe trouue qu'vne

144 4128 3193 226 grande partie des choſes, que i'aurois à di¬

140 4311 3206 235 re ſur ce ſuiet, eſt deja dans vne Diſſerta¬

143 4523 3225 231 tion, que i’ay faite en Dialogue, & dont

144 4716 3208 240 ie ne ſçay encore ce que ie feray. L’idée de

149 4925 3222 234 ce Dialogue, ou ſi l'on veut, de cette petite

160 5116 3192 250 Comedie, me vint aprés les deux ou trois

159 5343 3217 196 premieres repreſentations de ma Piece; Ie la

169 5512 3182 205 dis cette idée dans vne maiſon où ie me trou¬

178 5718 3154 248 uay vn ſoir, & d’abord vne perſonne de qua¬

183 5896 3169 260 lité, dont l’eſprit eſt aſſez connû dans le

262 1712 321 386 B
