4267 6587
1633 899 1283 71 PRIVILEGE DV ROY.

842 1049 2876 162 LOVIS PAR LA GRACE DE DIEV ROY DE FRANCE ET DE NAVARRE. A nos Amez &

973 1126 2741 99 feaux Conſeillers les gens tenants nos Cours de Parlement, Maiſtres des Requeſtes ordinaires

835 1196 2880 97 de noſtre Hoſtel, Baillifs, Senéchaux, Preuoſts, leurs Lieutenans, & à tous autres nos Iuſticiers

836 1281 2882 98 & Officiers qu’il appartiendra: SALVT. Noſtre cher & bien amé AVGUVSTIN COVRBE'

836 1357 2878 91 Marchand libraire en noſtre bonne ville de Paris, Nous a fait remonſtrer, qu’il a cy-deuant

832 1430 2883 103 fait imprimer plusieurs pieces de Theatre de la compoſition des ſieurs de Corneille freres, leſ¬

836 1511 2882 97 quelles il deſireroit faire imprimer, s'il nous plaiſoit de luy accorder nos lettres de prolon¬

832 1588 2882 97 gation de Priuilege ſur ce neceſſaires; attendu que la pluſpart des priuileges, en vertu deſ¬

836 1666 2874 96 quels elles ont défia eſté miſes en lumiere, ſont expirez, & les autres preſts d'expirer A CES

832 1741 2874 96 CAVSES Nous auons permis, & permettons par ces preſentes à l'Expoſant d'imprimer, faire im¬

836 1822 2873 98 primer vendre & debiter en tous les lieux de noſtre obeiſſance, toutes leſdites pieces de Thea¬

832 1896 2878 94 tre compoſées par les ſieurs de Corneille freres; & ce coniointement ou ſeparement, en vn ou plu¬

840 1975 2869 91 ſieurs volumes, en telles marges, en tels caracteres, & autant de fois qu’il voudra, durant vingt

832 2053 2869 93 années, à compter du iour que chaque piece, ou volume ſera acheué d’imprimer pour la

831 2127 2875 98 premiere fois en vertu des preſentes. Et faiſons tres-expreſſes deffences à toutes perſonnes de

831 2209 2875 89 quelle condition & qualité qu'elles ſoient, d’imprimer, vendre, ni diſtribuer aucunes deſdites

828 2284 2877 95 pieces de Theatre, ſans le conſentement de l'Expoſant, ou de ceux qui auront ſon droit, ſous

831 2362 2874 94 pretexte d'augmentation, correction, changement de tiltre, fauſſes marques, ou autrement

827 2439 2878 93 en quelque maniere que ce ſoit, à peine de quinze cens liures d’amende, payables ſans de¬

828 2518 2877 93 port par chacun des contreuenans, & applicables vn tiers à Nous, vn tiers à l'Hoſtel-Dieu de

828 2593 2877 92 noſtre bonne ville de Paris, l’autre tiers à l'Expoſant, de confiſcation des exemplaires contre¬

823 2673 2882 91 fais, & de tous deſpens, dommages & intereſts. A condition qu'il ſera mis deux deux exemplaires

823 2752 2882 90 qui ſeront imprimez en vertu des preſentes, en noſtre Bibliotheque publique, & vn en celle de no¬

806 2828 2899 90 ſtre tres-cher & feal le feur Seguier Cheualier Chancellier de France, auant que de les expoſer en

827 2906 2878 92 vente; & qu'elles ſeront regiſtrées dans le liure de la Communauté des Libraires de noſtredite ville

828 2983 2878 86 de Paris, ſuiuant les Arreſts de noſtre Cour de Parlement, à peine de nullité d'icelles, du conte¬

819 3057 2886 93 nu desquelles Nous voulons & vous mandons, que vous faſſiez iouïr pleinement & paiſible¬

822 3134 2884 92 ment l'Exposant, & ceux qui auront droit de luy, ſans ſouffrir, qu'il leur ſoit donné aucun

823 3213 2886 90 trouble ni empeſchement. Voulons auſſi qu’en mettant au commencement ou à la fin de cha¬

819 3288 2886 97 cun deſdits exemplaires vn extrait des preſentes, elles ſoient tenuës pour duëment ſignifiées,

819 3368 2890 91 & que ſoy y ſoit adiouſtée & aux copies collationnées par vn de nos amez & feaux Conſeil¬

819 3444 2890 95 lers, & Secretaires, comme à l’original. Mandons au premier noſtre Huiſſier ou Sergent ſur ce

819 3522 2882 95 requis, de faire pour l’execution d'icelles tous exploits neceſſaires, ſans demander autre permiſ¬

819 3598 2887 93 ſion. CAR TEL eſt noſtre plaiſir, nonobſtant clameur de Haro, Chartre Normande, & Decla¬

819 3677 2886 94 rations, Arreſts, Reglemens, Statuts, & Confirmation diceux priuileges obtenus ou à obte¬

815 3755 2890 95 nir, ſoit que le temps de ceux qui ont eſté obtenus ſoit expiré, ou non, oppoſitions ou appella¬

815 3832 2891 93 tions quelconques & ſans preiudice d'icelles, pour leſquelles nous n'entendons qu'il differe, &

819 3909 2886 93 dont nous retenons la connoiſſance à Nous, & a noſtre Conſeil, & qui ne pourront nuire

818 3986 2887 95 audit Expoſant, en faueur duquel & des merites deſdits ouurages, nous derogeons à ce que

815 4061 2887 93 deſſus, pour ce regard ſeulement. DONNE' à Paris le troiſieſme iour de Decembre, l'an de

816 4142 2881 95 grace mil ſix cens cinquante ſept, & de noſtre Regne, le quinzieſme, Signé Par le Roy en

819 4226 656 77 ſon Confeil, Conrart.

888 4371 2813 99 Ledit Courbé a fait part de la moitié du ſuſdit priuilege à Guillaume de Luyne, auſſi Mar¬

815 4458 677 63 chand Libraire à Paris.

895 4591 2810 97 Et ledit Courbé a cedé ſon droit particulier du preſent Priuilege à Thomas Iolly & Louis

823 4668 2453 86 Billaine, auſſi Marchands Libraires à Paris, ſuiuant l’accord fait entre eux.

891 4813 2819 92 La preſente impreßion in folio des œuures du ſieur P. Corneille, a eſté acheuée d'imprimer le 22,

823 4896 452 72 Decembre 1663.

1818 5044 983 86 Les Exemplaires ont eſté fournis,

823 5169 2886 97 Regiſtré ſur le liure de la Communauté des Libraires le 10. Decembre 1657. ſuiuant l'Arreſt de

1587 5252 1193 82 la Cour de Parlement du 8 Auril 1653.
