4267 6540
591 515 2889 174 Ie hazarderay quelque choſe ſur trente ans de travail pour la Scene,

481 626 3007 185 & en diray mes pensées tout ſimplement, ſans esprit de contestation

477 752 3012 191 qui m'engage à les ſoûtenir, & ſans pretendre que perſonne renonce en

485 895 1788 160 ma faveur à celles qu’il en aura conceuës.

621 996 2873 171 Ainſi ce que j'ay avancé dès l'entrée de ce Discours, que la Poëſie

483 1116 3020 175 Dramatique a pour but le ſeul plaiſir des Spectateurs, n'eſt pas pour

487 1238 3016 181 l'emporter opiniaſtrement ſur ceux qui penſent ennoblir l'Art, en luy

485 1354 3012 179 donnant pour objet, de profiter auſſi-bien que de plaire. Cette dispute

489 1474 3012 181 meſme ſeroit très-inutile, puisqu'il eſt impoſſible de plaire ſelon les Re¬

475 1596 3030 185 gles, qu’il ne s’y rencontre beaucoup d'utilité. Il eſt vray qu'Aristote

499 1708 3006 183 dans tout ſon Traité de la Poëtique n’a jamais employé ce mot une ſeu¬

497 1836 3016 181 le fois; qu’il attribuë l’origine de la Poëſie au plaiſir que nous prenons

501 1958 3012 175 à voir imiter les actions des hommes; qu’il préfere la partie du Poëme

505 2076 2998 187 qui regarde le Sujet à celle qui regarde les Mœurs, parce que cette pre¬

507 2192 3006 181 miere contient ce qui agrée le plus, comme les Agnitions & les Peripe¬

507 2320 3014 177 ties; qu’il fait entrer dans la définition de la Tragedie l’agrément du

509 2438 3012 175 discours dont elle eſt composée, & qu’il l’estime enfin plus que le Poëme

509 2558 3016 181 Epique, en ce qu'elle a de plus la décoration exterieure & la Muſique

513 2672 3016 191 qui délectent puiſſamment, & qu’étant plus courte & moins diffuſe, le

501 2804 3028 175 plaiſir qu'on y prend eſt plus parfait: mais il n'eſt pas moins vray qu'Ho¬

521 2922 3014 175 race nous apprend que nous ne ſçaurions plaire à tout le monde, ſi nous

523 3040 3010 177 n’y meſlons l’utile, & que les gens graves & ſerieux, les vieillards, les

525 3166 2782 175 amateurs de la vertu, s’y ennuyeront, s’ils n’y trouvent rien à profiter.

817 3302 1856 152 Centuriæ ſeniorum agitant expertia frugis.

531 3400 3010 178 Ainſi, quoy que l'utile n’y entre que ſous la forme du delectable, il ne

529 3514 3022 182 laiſſe pas d'y eſtre neceſſaire, & il vaut mieux examiner de quelle façon il

505 3638 3036 179 y peut trouver ſa place, que d'agiter, comme je l’ay déjà dit, une question

537 3758 3010 172 inutile touchant l’utilité de cette ſorte de Poëmes. I'estime donc qu’il s’y

535 3906 1440 148 en peut rencontrer de quatre ſortes.

659 4000 2890 168 La premiere conſiste aux Sentences & instructions Morales qu'on y

535 4116 3014 180 peut ſemer presque par tout : mais il en faut uſer ſobrement, les mettre

549 4238 3008 178 rarement en discours generaux, ou ne les pouſſer guere loin, ſur tout

549 4360 3008 176 quand on fait parler un homme paſſionné, ou qu’on luy fait répondre

547 4478 3012 174 par un autre; car il ne doit avoir non plus de patience pour les entendre,

555 4594 3004 180 que de quiétude d’esprit pour les concevoir, & les dire. Dans les déli¬

560 4720 2999 170 berations d’Etat, où un homme d'importance conſulté par un Roy s'ex¬

553 4836 3006 170 plique de ſens raſſis, ces ſortes de discours trouvent lieu de plus d'éten¬

569 4954 2992 174 due; mais enfin il eſt toujours bon de les reduire ſouvent de la Theſe à

569 5074 2994 174 l‘Hypotheſe, & j'aime mieux faire dire à un Acteur, l’Amour vous

573 5190 2990 180 donne beaucoup d’inquietudes, que l’Amour donne beaucoup d’in¬

579 5337 1462 149 quietudes aux esprits qu’il poſſede.

719 5428 2848 174 Ce n'eſt pas que je vouluſſe entierement bannir cette derniere façon de

905 310 2134 207 DV POEME DRAMATIQVE.

3355 305 109 196 ix

889 5575 376 240 Tome I.

2995 5553 104 169 ẽ
