4267 6694
937 406 124 69 20

1807 354 1157 136 MELITE,

589 1284 250 100 a Il luy

584 1387 319 75 donne une

585 1480 172 72 lettre.

587 4958 327 98 b Eraſte eſt

619 5059 267 80 caché &

610 5150 284 77 les écoute.

1575 628 1635 186 SCENE V.

1130 975 2520 137 ERASTE, CLITON.

921 1243 362 151 ERA.a

1558 1249 2150 151 A-t'en chercher Philandre, & dy-luy que Melite

1267 1249 271 279 V

1542 1399 1646 128 A dedans ce billet ſa paſſion décrite,

1111 1524 2050 131 Dy-luy que ſa pudeur ne ſçauroit plus cacher

1111 1646 2116 131 Vn feu qui la conſume, & qu'elle tient ſi cher:

1104 1770 2149 127 Mais prens garde ſur tout à bien joüer ton rôle,

1104 1894 2106 125 Remarque ſa couleur, ſon maintien, ſa parole,

1097 2008 1781 132 Voy ſi dans la lecture un peu d'émotion

1103 2138 1680 94 Ne te montrera rien de ſon intention.

920 2261 2729 134 CLI. Cela vaut fait, Monſieur. ERA. Mais avec ton meſſage

1110 2380 2078 137 Taſche ſi dextrement de tourner ſon courage,

1108 2506 1648 116 Que tu viennes à bout de ſa fidelité.

923 2631 2125 128 CLI. Monſieur, repoſez-vous ſur ma ſubtilité,

1106 2751 2159 137 Il faudra malgré-luy, qu'il donne dans le piége,

1108 2876 1939 133 Ma telle ſur ce point vous ſervira de plége.

1112 3002 2516 133 Mais auſſi, vous ſçavez... ERA. Ouy, va, ſois diligent.

1225 3122 2295 136 Ces ames du commun n’ont pour but que l’argent,

1103 3246 2032 131 Et je n’ay que trop veu par mon experience...

1104 3372 2507 127 Mais tu reviens bien-toſt? CLI. Donnez-vous patience,

1104 3494 2288 128 Moniteur, il ne vous faut qu’un moment de loiſir,

1098 3620 2152 127 Et vous pourrez vous meſme en avoir le plaiſir.

915 3739 2849 132 ERA. Comment? CLI. De ce carfour j'ay veu venir Philandre,

1103 3860 2224 130 Cachez-vous en ce coin, & de là ſçachez prendre

1108 3980 1993 133 L’occaſion commode à ſeconder mes coups,

1108 4102 2080 133 Par là nous le tenons. Le voicy, ſauvez-vous.

1486 4372 1802 182 SCENE VI.

937 4698 2876 143 PHILANDRE, ERASTE, CLITON.

938 4936 262 151 PHI. b

1466 4942 1717 139 Velle reception me fera ma Maiſtreſſe?

1217 4920 257 295 Q

1498 5089 1646 123 Le moyen d'excuſer une telle pareſſe?

928 5209 2326 127 CLI. Monſieur, tout à à propos je vous rencontre icy

1111 5331 1858 123 Expreſſément chargé de vous rendre cecy.

925 5451 2624 120 PHI. Qu'eſt-ce? CLI. Vous allez voir en liſant cette lettre

1107 5574 2110 129 Ce qu’un homme jamais n’oſeroit ſe promettre,
