4267 6567
1681 333 1402 132 AV LECTEVR.

978 500 2743 151 ſeruer en la premiere impreſſion qui ſe pourra faire de ces Recueils.

1099 623 2709 147 La double ll dont ie viens de parler à l'occasion de l'e, a auſſi

978 736 2829 156 deux prononciations en noſtre Langue, l’vne ſeche & ſimple, qui

975 862 2829 154 ſuit l'Ortographe, l'autre molle qui ſemble y joindre vne h. Nous

974 984 2829 148 n’auons point de differents caracteres à les diſtinguer; mais on en

966 1102 2836 150 peut donner cette régle infaillible. Toutes les fois qu’il n’y a point

971 1224 2833 146 d'i auant les deux ll, la prononciation ne prend point cette mol¬

966 1340 2833 154 leſſe: En voicy des exemples dans les quatre autres voyelles, baller,

967 1464 2831 142 rebeller, coller, annuller. Toutes les fois qu’il y a vn i auant les deux

966 1582 2829 146 ll, ſoit ſeul, ſoit en diphtongue, la prononciation y adjouſte vne h.

965 1704 2829 138 On eſcrit bailler, éueiller, briller, chatoüiller, cueillir, & on pronon¬

962 1822 2835 122 ce baillher, éueillher, brillher, chatouillher, cueillhir. Il faut exce¬

959 1944 2839 142 pter de cette Régle tous les mots qui viennent du Latin & qui ont

958 2064 2837 146 deux ll, dans cette Langue; comme, ville, mille, tranquille,

957 2182 2841 144 imbecille, diſtille, illuſtre, illegitime, illicite, &c. Ie dis qui

952 2302 2845 144 ont deux ll en Latin, parce que les mots de fille & famille en

954 2424 2840 142 viennent, & ſe prononcent auec cette molleſſe des autres, qui ont

949 2542 2845 144 l'i deuant les deux ll, & n’en viennent pas; mais ce qui fait cette

946 2662 2845 142 difference, c’eſt qu’ils ne tiennent pas les deux ll des mots Latins,

919 2780 2875 146 filia & familia, qui n’en ont qu’vne, mais purement de noſtre Lan¬

946 2902 2841 148 gue. Cette régie & cette exception ſont generales & aſſeurées.

945 3022 2841 146 Quelques Modernes pour oſter toute l’ambiguité de cette pronon¬

942 3146 2849 140 ciation, ont eſcrit les mots qui ſe prononcent ſans la molleſſe de

935 3262 2851 150 l'h, auec vne l ſimple, en cette maniere, tranquile, imbecile, di¬

906 3382 2881 142 ſtile, & cette Ortographe pourroit s’accommoder dans les trois

935 3500 2851 168 voyelles a, o, u, pour eſcrire ſimplement baler, affoler, annuler, mais

937 3618 2848 142 elle ne s’accommoderoit point du tout auec l'e, & on auroit de la

932 3740 2854 146 peine à prononcer fidelle & belle, ſi on eſcriuoit fidele & bele; l'i

933 3860 2849 148 meſme ſur lequel ils ont pris ce droit, ne le pourroit pas ſouffrir

932 3980 2845 138 touſiours, & particulierement en ces mots ville, mille, dont le

929 4098 2845 145 premier ſi on le reduiſoit à vne l ſimple, ſe confondroit auec vile,

924 4220 1477 129 qui a vne ſignification toute autre.

1043 4339 2725 148 Il y auroit encor quantité de remarques à faire ſur les differen¬

918 4462 2855 147 tes manieres que nous auons de prononcer quelques lettres en noſtre

915 4582 2849 137 Langue: mais ie n’entreprens pas de faire vn Traité entier de l'Or¬

914 4696 2849 143 tographe & de la prononciation, & me contente de vous auoir

915 4816 2849 155 donné ce mot d'auis touchant ce que j’ay innoué icy; comme les

914 4938 2845 159 Imprimeurs ont eu de la peine à s’y accouſtumer, ils n’auront pas

911 5054 2845 159 ſuiuy ce nouuel ordre ſi punctuellement, qu’il ne s’y ſoit coulé bien

911 5174 2045 151 des fautes, vous me ferez la grace d’y ſuppléer.

991 290 159 202 vj
