<?xml version="1.0" encoding="UTF-8"?>
<alto xmlns:xsi="http://www.w3.org/2001/XMLSchema-instance"
      xmlns="http://www.loc.gov/standards/alto/ns-v4#"
      xsi:schemaLocation="http://www.loc.gov/standards/alto/ns-v4# https://gitlab.inria.fr/scripta/escriptorium/-/raw/develop/app/escriptorium/static/alto-4-1-baselines.xsd">
  <Description>
    <MeasurementUnit>pixel</MeasurementUnit>
    <sourceImageInformation>
      <fileName>Corneille1664_Theatre_bpt6k10403751_corrected_0156.png</fileName>
    </sourceImageInformation>
  </Description>
  
  <Tags>
    <OtherTag ID="BT1" LABEL="Title" DESCRIPTION="block type Title"/><OtherTag ID="BT2" LABEL="Main" DESCRIPTION="block type Main"/><OtherTag ID="BT169" LABEL="Damage" DESCRIPTION="block type Damage"/><OtherTag ID="BT170" LABEL="Decoration" DESCRIPTION="block type Decoration"/><OtherTag ID="BT171" LABEL="DropCapital" DESCRIPTION="block type DropCapital"/><OtherTag ID="BT172" LABEL="Figure" DESCRIPTION="block type Figure"/><OtherTag ID="BT173" LABEL="Margin" DESCRIPTION="block type Margin"/><OtherTag ID="BT174" LABEL="MusicNotation" DESCRIPTION="block type MusicNotation"/><OtherTag ID="BT175" LABEL="Numbering" DESCRIPTION="block type Numbering"/><OtherTag ID="BT176" LABEL="RunningTitle" DESCRIPTION="block type RunningTitle"/><OtherTag ID="BT177" LABEL="Seal" DESCRIPTION="block type Seal"/><OtherTag ID="BT178" LABEL="Signatures" DESCRIPTION="block type Signatures"/><OtherTag ID="BT179" LABEL="Stamp" DESCRIPTION="block type Stamp"/><OtherTag ID="BT180" LABEL="Table" DESCRIPTION="block type Table"/>
    <OtherTag ID="LT75" LABEL="Default" DESCRIPTION="line type Default"/><OtherTag ID="LT76" LABEL="DropCapitalLine" DESCRIPTION="line type DropCapitalLine"/><OtherTag ID="LT77" LABEL="Interlinear" DESCRIPTION="line type Interlinear"/><OtherTag ID="LT78" LABEL="MusicLine" DESCRIPTION="line type MusicLine"/><OtherTag ID="LT79" LABEL="Rubric" DESCRIPTION="line type Rubric"/>
  </Tags>
  
  <Layout>
    <Page WIDTH="4267"
          HEIGHT="6834"
          PHYSICAL_IMG_NR="44"
          ID="eSc_dummypage_">
      <PrintSpace HPOS="0"
                  VPOS="0"
                  WIDTH="4267"
                  HEIGHT="6834">
        
        <TextBlock HPOS="887"
                   VPOS="599"
                   WIDTH="2925"
                   HEIGHT="5370"
                   ID="eSc_textblock_657309db"
                   TAGREFS="BT2">
          <Shape><Polygon POINTS="887 599 887 5969 3812 5969 3812 599"/></Shape>
          
          
          <TextLine ID="tl_3"
                    TAGREFS="LT75"
                    BASELINE="1122 722 1224 722 1620 714 1758 709 1994 722 2178 703 2480 704 2720 695 2996 692" 
                    HPOS="1122"
                    VPOS="610"
                    WIDTH="1874"
                    HEIGHT="140">
            <Shape><Polygon POINTS="1122 610 2996 610 2996 750 1122 750"/></Shape>
	    <String CONTENT="Et dispoſez de moy qui borne mon envie"
                    HPOS="1122"
                    VPOS="610"
                    WIDTH="1874"
                    HEIGHT="140"></String>
          </TextLine>

          
          
          <TextLine ID="tl_4"
                    TAGREFS="LT75"
                    BASELINE="1130 848 1199 848 1689 834 1937 830 2179 829 2397 828 2529 824 2719 821 2903 854 3031 820 3223 811" 
                    HPOS="1130"
                    VPOS="731"
                    WIDTH="2093"
                    HEIGHT="147">
            <Shape><Polygon POINTS="1130 731 3223 731 3223 878 1130 878"/></Shape>
	    <String CONTENT="A prodiguer pour vous tout ce que j’ay de vie."
                    HPOS="1130"
                    VPOS="731"
                    WIDTH="2093"
                    HEIGHT="147"></String>
          </TextLine>

          
          
          <TextLine ID="tl_5"
                    TAGREFS="LT75"
                    BASELINE="939 975 1039 975 1635 958 1833 959 2169 965 2493 950 2769 945 3023 944 3169 941 3281 941 3467 942" 
                    HPOS="939"
                    VPOS="850"
                    WIDTH="2528"
                    HEIGHT="151">
            <Shape><Polygon POINTS="939 850 3467 850 3467 1001 939 1001"/></Shape>
	    <String CONTENT="DOR. Pymante, &amp; quoy, faut-il qu&#39;en l&#39;état où je ſuis"
                    HPOS="939"
                    VPOS="850"
                    WIDTH="2528"
                    HEIGHT="151"></String>
          </TextLine>

          
          
          <TextLine ID="tl_6"
                    TAGREFS="LT75"
                    BASELINE="1127 1096 1288 1091 1910 1083 2484 1078 2702 1073 3072 1063" 
                    HPOS="1127"
                    VPOS="983"
                    WIDTH="1945"
                    HEIGHT="139">
            <Shape><Polygon POINTS="1127 983 3072 983 3072 1122 1127 1122"/></Shape>
	    <String CONTENT="Tes importunitez augmentent mes ennuis?"
                    HPOS="1127"
                    VPOS="983"
                    WIDTH="1945"
                    HEIGHT="139"></String>
          </TextLine>

          
          
          <TextLine ID="tl_7"
                    TAGREFS="LT75"
                    BASELINE="1126 1220 1420 1217 1616 1212 1852 1211 1980 1210 2200 1207 2316 1207 2794 1195 3152 1193" 
                    HPOS="1126"
                    VPOS="1107"
                    WIDTH="2027"
                    HEIGHT="143">
            <Shape><Polygon POINTS="1126 1107 3153 1107 3153 1250 1126 1250"/></Shape>
	    <String CONTENT="Faut-il que dans ce bois ta rencontre funeste"
                    HPOS="1126"
                    VPOS="1107"
                    WIDTH="2027"
                    HEIGHT="143"></String>
          </TextLine>

          
          
          <TextLine ID="tl_8"
                    TAGREFS="LT75"
                    BASELINE="1127 1346 1451 1337 1733 1337 2249 1331 2359 1331 2559 1328 2787 1323 2961 1322 3133 1321 3405 1332" 
                    HPOS="1126"
                    VPOS="1234"
                    WIDTH="2279"
                    HEIGHT="132">
            <Shape><Polygon POINTS="1126 1234 3405 1234 3405 1366 1126 1366"/></Shape>
	    <String CONTENT="Vienne encor m’arracher le ſeul bien qui me reste,"
                    HPOS="1126"
                    VPOS="1234"
                    WIDTH="2279"
                    HEIGHT="132"></String>
          </TextLine>

          
          
          <TextLine ID="tl_9"
                    TAGREFS="LT75"
                    BASELINE="1131 1470 1233 1466 1599 1466 1835 1461 2235 1459 2373 1457 2725 1451 2995 1448 3253 1447" 
                    HPOS="1131"
                    VPOS="1365"
                    WIDTH="2123"
                    HEIGHT="137">
            <Shape><Polygon POINTS="1131 1365 3254 1365 3254 1502 1131 1502"/></Shape>
	    <String CONTENT="Et qu’ainſi mon malheur au dernier point venu"
                    HPOS="1131"
                    VPOS="1365"
                    WIDTH="2123"
                    HEIGHT="137"></String>
          </TextLine>

          
          
          <TextLine ID="tl_10"
                    TAGREFS="LT75"
                    BASELINE="1130 1594 1372 1589 1586 1590 1928 1589 2066 1586 2378 1585 2546 1580 2906 1572" 
                    HPOS="1130"
                    VPOS="1492"
                    WIDTH="1776"
                    HEIGHT="134">
            <Shape><Polygon POINTS="1130 1492 2906 1492 2906 1626 1130 1626"/></Shape>
	    <String CONTENT="N’oſe plus esperer de n’eſtre pas connu?"
                    HPOS="1130"
                    VPOS="1492"
                    WIDTH="1776"
                    HEIGHT="134"></String>
          </TextLine>

          
          
          <TextLine ID="tl_11"
                    TAGREFS="LT75"
                    BASELINE="944 1723 1097 1722 1157 1718 1585 1714 1955 1714 2063 1710 2271 1709 2529 1710 2717 1705 3165 1705" 
                    HPOS="944"
                    VPOS="1613"
                    WIDTH="2221"
                    HEIGHT="140">
            <Shape><Polygon POINTS="944 1613 3165 1613 3165 1753 944 1753"/></Shape>
	    <String CONTENT="PYM. Voyez comme le Ciel égale nos fortunes,"
                    HPOS="944"
                    VPOS="1613"
                    WIDTH="2221"
                    HEIGHT="140"></String>
          </TextLine>

          
          
          <TextLine ID="tl_12"
                    TAGREFS="LT75"
                    BASELINE="1135 1844 1239 1844 1599 1838 1843 1839 1991 1834 2221 1835 2485 1834 2725 1831 2965 1826 3529 1837" 
                    HPOS="1135"
                    VPOS="1741"
                    WIDTH="2394"
                    HEIGHT="131">
            <Shape><Polygon POINTS="1135 1741 3529 1741 3529 1872 1135 1872"/></Shape>
	    <String CONTENT="Et comme pour les faire entre nous deux communes,"
                    HPOS="1135"
                    VPOS="1741"
                    WIDTH="2394"
                    HEIGHT="131"></String>
          </TextLine>

          
          
          <TextLine ID="tl_13"
                    TAGREFS="LT75"
                    BASELINE="1135 1968 1378 1963 1818 1959 2268 1959 2356 1959 2516 1954 3156 1959" 
                    HPOS="1135"
                    VPOS="1863"
                    WIDTH="2021"
                    HEIGHT="135">
            <Shape><Polygon POINTS="1135 1863 3156 1863 3156 1998 1135 1998"/></Shape>
	    <String CONTENT="Nous reduiſant enſemble à ces déguiſemens,"
                    HPOS="1135"
                    VPOS="1863"
                    WIDTH="2021"
                    HEIGHT="135"></String>
          </TextLine>

          
          
          <TextLine ID="tl_14"
                    TAGREFS="LT75"
                    BASELINE="1140 2092 1202 2092 1564 2084 1826 2083 2070 2084 2316 2083 2452 2080 2778 2079 3378 2070" 
                    HPOS="1140"
                    VPOS="1990"
                    WIDTH="2238"
                    HEIGHT="132">
            <Shape><Polygon POINTS="1140 1990 3378 1990 3378 2122 1140 2122"/></Shape>
	    <String CONTENT="Il montre avoir pour nous de pareils mouvemens."
                    HPOS="1140"
                    VPOS="1990"
                    WIDTH="2238"
                    HEIGHT="132"></String>
          </TextLine>

          
          
          <TextLine ID="tl_15"
                    TAGREFS="LT75"
                    BASELINE="954 2223 1139 2218 1225 2218 1529 2212 2031 2208 2257 2209 2677 2217 2917 2204 3129 2203 3299 2201 3441 2200 3809 2216" 
                    HPOS="954"
                    VPOS="2108"
                    WIDTH="2855"
                    HEIGHT="145">
            <Shape><Polygon POINTS="954 2108 3809 2108 3809 2253 954 2253"/></Shape>
	    <String CONTENT="DOR. Nous changeons bien d’habits, mais non pas de viſages,"
                    HPOS="954"
                    VPOS="2108"
                    WIDTH="2855"
                    HEIGHT="145"></String>
          </TextLine>

          
          
          <TextLine ID="tl_16"
                    TAGREFS="LT75"
                    BASELINE="1139 2342 1381 2337 1887 2337 2123 2338 2541 2346 2783 2333 2987 2328 3159 2329 3293 2329 3761 2336" 
                    HPOS="1139"
                    VPOS="2236"
                    WIDTH="2622"
                    HEIGHT="144">
            <Shape><Polygon POINTS="1139 2236 3761 2236 3761 2380 1139 2380"/></Shape>
	    <String CONTENT="Nous changeons bien d’habits, mais non pas de courages,"
                    HPOS="1139"
                    VPOS="2236"
                    WIDTH="2622"
                    HEIGHT="144"></String>
          </TextLine>

          
          
          <TextLine ID="tl_17"
                    TAGREFS="LT75"
                    BASELINE="1143 2470 1244 2467 1426 2463 1840 2461 2346 2461 2484 2462 2670 2457 3174 2453" 
                    HPOS="1143"
                    VPOS="2367"
                    WIDTH="2031"
                    HEIGHT="135">
            <Shape><Polygon POINTS="1143 2367 3174 2367 3174 2502 1143 2502"/></Shape>
	    <String CONTENT="Et ces masques trompeurs de nos conditions"
                    HPOS="1143"
                    VPOS="2367"
                    WIDTH="2031"
                    HEIGHT="135"></String>
          </TextLine>

          
          
          <TextLine ID="tl_18"
                    TAGREFS="LT75"
                    BASELINE="1142 2592 1564 2600 1768 2587 1914 2587 2350 2599 2542 2586 3120 2577" 
                    HPOS="1142"
                    VPOS="2493"
                    WIDTH="1979"
                    HEIGHT="135">
            <Shape><Polygon POINTS="1142 2493 3121 2493 3121 2628 1142 2628"/></Shape>
	    <String CONTENT="Cachent, ſans les changer, nos inclinations."
                    HPOS="1142"
                    VPOS="2493"
                    WIDTH="1979"
                    HEIGHT="135"></String>
          </TextLine>

          
          
          <TextLine ID="tl_19"
                    TAGREFS="LT75"
                    BASELINE="957 2725 1033 2725 1439 2719 1835 2715 2239 2711 2307 2707 2439 2711 2693 2711 2871 2706 3111 2703 3471 2698 3511 2698" 
                    HPOS="957"
                    VPOS="2611"
                    WIDTH="2554"
                    HEIGHT="144">
            <Shape><Polygon POINTS="957 2611 3511 2611 3511 2755 957 2755"/></Shape>
	    <String CONTENT="PYM. Me negliger toûjours! &amp; pour qui vous neglige!"
                    HPOS="957"
                    VPOS="2611"
                    WIDTH="2554"
                    HEIGHT="144"></String>
          </TextLine>

          
          
          <TextLine ID="tl_20"
                    TAGREFS="LT75"
                    BASELINE="957 2849 1055 2849 1483 2841 1861 2835 1923 2832 2119 2836 2453 2836 2663 2835 2861 2832 3049 2832 3223 2827 3689 2835" 
                    HPOS="957"
                    VPOS="2739"
                    WIDTH="2733"
                    HEIGHT="136">
            <Shape><Polygon POINTS="957 2739 3690 2739 3690 2875 957 2875"/></Shape>
	    <String CONTENT="DOR. Que veux-tu? ſon mépris plus que ton feu m’oblige,"
                    HPOS="957"
                    VPOS="2739"
                    WIDTH="2733"
                    HEIGHT="136"></String>
          </TextLine>

          
          
          <TextLine ID="tl_21"
                    TAGREFS="LT75"
                    BASELINE="1144 2970 1256 3002 1598 2964 2186 2995 2292 2961 2422 2960 2640 2991 2872 2956 3152 2951" 
                    HPOS="1144"
                    VPOS="2865"
                    WIDTH="2008"
                    HEIGHT="139">
            <Shape><Polygon POINTS="1144 2865 3152 2865 3152 3004 1144 3004"/></Shape>
	    <String CONTENT="I’y trouve malgré-moy je ne ſçay quel appas"
                    HPOS="1144"
                    VPOS="2865"
                    WIDTH="2008"
                    HEIGHT="139"></String>
          </TextLine>

          
          
          <TextLine ID="tl_22"
                    TAGREFS="LT75"
                    BASELINE="1148 3094 1301 3093 1457 3089 1805 3089 1983 3090 2097 3084 2293 3085 2467 3084 2917 3084 3109 3075" 
                    HPOS="1148"
                    VPOS="2993"
                    WIDTH="1961"
                    HEIGHT="139">
            <Shape><Polygon POINTS="1148 2993 3109 2993 3109 3132 1148 3132"/></Shape>
	    <String CONTENT="Par où l’ingrat me tuë, &amp; ne m’offenſe pas."
                    HPOS="1148"
                    VPOS="2993"
                    WIDTH="1961"
                    HEIGHT="139"></String>
          </TextLine>

          
          
          <TextLine ID="tl_23"
                    TAGREFS="LT75"
                    BASELINE="961 3223 1039 3223 2049 3214 2301 3213 2529 3210 2849 3211 2951 3210 3293 3201" 
                    HPOS="961"
                    VPOS="3114"
                    WIDTH="2332"
                    HEIGHT="139">
            <Shape><Polygon POINTS="961 3114 3293 3114 3293 3253 961 3253"/></Shape>
	    <String CONTENT="PYM. Qu&#39;esperez-vous enfin d’un amour ſi frivole"
                    HPOS="961"
                    VPOS="3114"
                    WIDTH="2332"
                    HEIGHT="139"></String>
          </TextLine>

          
          
          <TextLine ID="tl_24"
                    TAGREFS="LT75"
                    BASELINE="1153 3344 1378 3343 1550 3342 1852 3339 2168 3339 2356 3339 2578 3334 2796 3339 3130 3333 3440 3324" 
                    HPOS="1153"
                    VPOS="3240"
                    WIDTH="2287"
                    HEIGHT="140">
            <Shape><Polygon POINTS="1153 3240 3440 3240 3440 3380 1153 3380"/></Shape>
	    <String CONTENT="Pour cét ingrat amant qui n’eſt plus qu’une idole?"
                    HPOS="1153"
                    VPOS="3240"
                    WIDTH="2287"
                    HEIGHT="140"></String>
          </TextLine>

          
          
          <TextLine ID="tl_25"
                    TAGREFS="LT75"
                    BASELINE="970 3477 1070 3477 1638 3468 1896 3467 1960 3458 2150 3476 2288 3467 2506 3462 2680 3463 2996 3458 3134 3459 3520 3468" 
                    HPOS="970"
                    VPOS="3363"
                    WIDTH="2550"
                    HEIGHT="138">
            <Shape><Polygon POINTS="970 3363 3520 3363 3520 3501 970 3501"/></Shape>
	    <String CONTENT="DOR. Qu’une idole! ah, ce mot me donne de l&#39;effroy,"
                    HPOS="970"
                    VPOS="3363"
                    WIDTH="2550"
                    HEIGHT="138"></String>
          </TextLine>

          
          
          <TextLine ID="tl_26"
                    TAGREFS="LT75"
                    BASELINE="1148 3592 1501 3592 1697 3592 1945 3593 2191 3601 2581 3600 2795 3587 3001 3596" 
                    HPOS="1148"
                    VPOS="3496"
                    WIDTH="1853"
                    HEIGHT="132">
            <Shape><Polygon POINTS="1148 3496 3001 3496 3001 3628 1148 3628"/></Shape>
	    <String CONTENT="Roſidor une idole ah! perfide, c’eſt toy,"
                    HPOS="1148"
                    VPOS="3496"
                    WIDTH="1853"
                    HEIGHT="132"></String>
          </TextLine>

          
          
          <TextLine ID="tl_27"
                    TAGREFS="LT75"
                    BASELINE="1153 3718 1279 3717 1497 3716 1647 3714 2079 3714 2257 3717 2863 3712 3013 3712 3311 3716" 
                    HPOS="1153"
                    VPOS="3620"
                    WIDTH="2158"
                    HEIGHT="136">
            <Shape><Polygon POINTS="1153 3620 3311 3620 3311 3756 1153 3756"/></Shape>
	    <String CONTENT="Ce ſont tes trahiſons qui l’empeſchent de vivre,"
                    HPOS="1153"
                    VPOS="3620"
                    WIDTH="2158"
                    HEIGHT="136"></String>
          </TextLine>

          
          
          <TextLine ID="tl_28"
                    TAGREFS="LT75"
                    BASELINE="1153 3846 1242 3846 1430 3877 1622 3842 1852 3841 1982 3842 2200 3841 2778 3837 2888 3836 3440 3846" 
                    HPOS="1153"
                    VPOS="3742"
                    WIDTH="2287"
                    HEIGHT="136">
            <Shape><Polygon POINTS="1153 3742 3440 3742 3440 3878 1153 3878"/></Shape>
	    <String CONTENT="Ie t’ay veu dans ce bois moy-meſme le poursuivre,"
                    HPOS="1153"
                    VPOS="3742"
                    WIDTH="2287"
                    HEIGHT="136"></String>
          </TextLine>

          
          
          <TextLine ID="tl_29"
                    TAGREFS="LT75"
                    BASELINE="1158 3966 1586 3966 1732 3965 2074 3966 2258 3965 2528 3962 2662 3965 2996 3972" 
                    HPOS="1158"
                    VPOS="3870"
                    WIDTH="1839"
                    HEIGHT="136">
            <Shape><Polygon POINTS="1158 3870 2997 3870 2997 4006 1158 4006"/></Shape>
	    <String CONTENT="Avantagé du nombre, &amp; vétu de façon,"
                    HPOS="1158"
                    VPOS="3870"
                    WIDTH="1839"
                    HEIGHT="136"></String>
          </TextLine>

          
          
          <TextLine ID="tl_30"
                    TAGREFS="LT75"
                    BASELINE="1157 4114 1355 4095 1483 4095 1883 4091 2145 4090 2507 4090 2737 4085 3175 4077" 
                    HPOS="1157"
                    VPOS="3995"
                    WIDTH="2018"
                    HEIGHT="133">
            <Shape><Polygon POINTS="1157 3995 3175 3995 3175 4128 1157 4128"/></Shape>
	    <String CONTENT="Que ce rustique habit effaçoit tout ſoupçon:"
                    HPOS="1157"
                    VPOS="3995"
                    WIDTH="2018"
                    HEIGHT="133"></String>
          </TextLine>

          
          
          <TextLine ID="tl_31"
                    TAGREFS="LT75"
                    BASELINE="1167 4216 1355 4219 1835 4215 1919 4215 2253 4215 2439 4214 2755 4211 2847 4210 3083 4205" 
                    HPOS="1167"
                    VPOS="4121"
                    WIDTH="1917"
                    HEIGHT="129">
            <Shape><Polygon POINTS="1167 4121 3084 4121 3084 4250 1167 4250"/></Shape>
	    <String CONTENT="Ton embuſche a ſurpris une valeur ſi rare."
                    HPOS="1167"
                    VPOS="4121"
                    WIDTH="1917"
                    HEIGHT="129"></String>
          </TextLine>

          
          
          <TextLine ID="tl_32"
                    TAGREFS="LT75"
                    BASELINE="974 4343 1052 4343 1380 4339 1528 4340 1798 4353 1986 4374 2240 4373 2640 4335 2768 4339 2894 4334 3312 4340" 
                    HPOS="974"
                    VPOS="4242"
                    WIDTH="2338"
                    HEIGHT="139">
            <Shape><Polygon POINTS="974 4242 3312 4242 3312 4381 974 4381"/></Shape>
	    <String CONTENT="PYM. Il eſt vray, j’ay puny l’orgueil de ce barbare,"
                    HPOS="974"
                    VPOS="4242"
                    WIDTH="2338"
                    HEIGHT="139"></String>
          </TextLine>

          
          
          <TextLine ID="tl_33"
                    TAGREFS="LT75"
                    BASELINE="1160 4464 1293 4463 1461 4465 1857 4463 2205 4473 2303 4463 2573 4464 2903 4460 3193 4469" 
                    HPOS="1160"
                    VPOS="4367"
                    WIDTH="2033"
                    HEIGHT="137">
            <Shape><Polygon POINTS="1160 4367 3193 4367 3193 4504 1160 4504"/></Shape>
	    <String CONTENT="De cét heureux ingrat, ſi cruel envers vous,"
                    HPOS="1160"
                    VPOS="4367"
                    WIDTH="2033"
                    HEIGHT="137"></String>
          </TextLine>

          
          
          <TextLine ID="tl_34"
                    TAGREFS="LT75"
                    BASELINE="1167 4616 1341 4593 1893 4589 2075 4588 2275 4589 2459 4588 2773 4589 2921 4588 3129 4585 3463 4592" 
                    HPOS="1167"
                    VPOS="4496"
                    WIDTH="2296"
                    HEIGHT="132">
            <Shape><Polygon POINTS="1167 4496 3463 4496 3463 4628 1167 4628"/></Shape>
	    <String CONTENT="Qui maintenant par terre, &amp; percé de mes coups,"
                    HPOS="1167"
                    VPOS="4496"
                    WIDTH="2296"
                    HEIGHT="132"></String>
          </TextLine>

          
          
          <TextLine ID="tl_35"
                    TAGREFS="LT75"
                    BASELINE="1165 4722 1550 4718 1724 4717 1844 4717 2102 4718 2472 4714 2618 4714 2934 4714 3250 4709" 
                    HPOS="1165"
                    VPOS="4623"
                    WIDTH="2085"
                    HEIGHT="131">
            <Shape><Polygon POINTS="1165 4623 3250 4623 3250 4754 1165 4754"/></Shape>
	    <String CONTENT="Eprouve par ſa mort comme un amant fidelle"
                    HPOS="1165"
                    VPOS="4623"
                    WIDTH="2085"
                    HEIGHT="131"></String>
          </TextLine>

          
          
          <TextLine ID="tl_36"
                    TAGREFS="LT75"
                    BASELINE="1166 4844 1456 4843 1758 4843 2088 4842 2226 4837 2556 4842 2840 4839 3018 4838 3312 4834" 
                    HPOS="1166"
                    VPOS="4744"
                    WIDTH="2146"
                    HEIGHT="140">
            <Shape><Polygon POINTS="1166 4744 3312 4744 3312 4884 1166 4884"/></Shape>
	    <String CONTENT="Vange voſtre beauté du mépris qu’on fait d’elle."
                    HPOS="1166"
                    VPOS="4744"
                    WIDTH="2146"
                    HEIGHT="140"></String>
          </TextLine>

          
          
          <TextLine ID="tl_37"
                    TAGREFS="LT75"
                    BASELINE="982 4967 1081 4967 1693 4968 1821 4967 1937 4967 2333 4977 2793 4967 3285 4973" 
                    HPOS="982"
                    VPOS="4871"
                    WIDTH="2303"
                    HEIGHT="112">
            <Shape><Polygon POINTS="982 4871 3285 4871 3285 4983 982 4983"/></Shape>
	    <String CONTENT="DOR. Monstre de la Nature, execrable bourreau,"
                    HPOS="982"
                    VPOS="4871"
                    WIDTH="2303"
                    HEIGHT="112"></String>
          </TextLine>

          
          
          <TextLine ID="tl_38"
                    TAGREFS="LT75"
                    BASELINE="1171 5092 1429 5093 1555 5094 1847 5095 2105 5126 2283 5091 2591 5092 2827 5091 3281 5097" 
                    HPOS="1171"
                    VPOS="4993"
                    WIDTH="2110"
                    HEIGHT="139">
            <Shape><Polygon POINTS="1171 4993 3281 4993 3281 5132 1171 5132"/></Shape>
	    <String CONTENT="Après ce laſche coup qui creuſe mon tombeau,"
                    HPOS="1171"
                    VPOS="4993"
                    WIDTH="2110"
                    HEIGHT="139"></String>
          </TextLine>

          
          
          <TextLine ID="tl_39"
                    TAGREFS="LT75"
                    BASELINE="1169 5216 1390 5215 1968 5220 2324 5221 2448 5220 2778 5215 2938 5216 3200 5207" 
                    HPOS="1169"
                    VPOS="5121"
                    WIDTH="2031"
                    HEIGHT="133">
            <Shape><Polygon POINTS="1169 5121 3200 5121 3200 5254 1169 5254"/></Shape>
	    <String CONTENT="D’un compliment railleur ta malice me flate!"
                    HPOS="1169"
                    VPOS="5121"
                    WIDTH="2031"
                    HEIGHT="133"></String>
          </TextLine>

          
          
          <TextLine ID="tl_40"
                    TAGREFS="LT75"
                    BASELINE="1170 5342 1380 5349 1608 5350 1798 5345 2092 5344 2275 5379 2440 5344 2934 5340 3338 5344" 
                    HPOS="1170"
                    VPOS="5246"
                    WIDTH="2169"
                    HEIGHT="140">
            <Shape><Polygon POINTS="1170 5246 3339 5246 3339 5386 1170 5386"/></Shape>
	    <String CONTENT="Fuy, fuy, que deſſus toy ma vangeance n’éclate,"
                    HPOS="1170"
                    VPOS="5246"
                    WIDTH="2169"
                    HEIGHT="140"></String>
          </TextLine>

          
          
          <TextLine ID="tl_41"
                    TAGREFS="LT75"
                    BASELINE="1175 5464 1337 5465 1665 5478 1835 5469 2155 5470 2445 5470 2639 5470 2877 5464 3173 5461 3329 5460 3627 5463" 
                    HPOS="1175"
                    VPOS="5371"
                    WIDTH="2452"
                    HEIGHT="135">
            <Shape><Polygon POINTS="1175 5371 3627 5371 3627 5506 1175 5506"/></Shape>
	    <String CONTENT="Ces mains, ces foibles mains que vont armer les Dieux"
                    HPOS="1175"
                    VPOS="5371"
                    WIDTH="2452"
                    HEIGHT="135"></String>
          </TextLine>

          
          
          <TextLine ID="tl_42"
                    TAGREFS="LT75"
                    BASELINE="1175 5586 1581 5590 1777 5593 2014 5626 2145 5590 2408 5595 2490 5594 2943 5590 3085 5586 3366 5598" 
                    HPOS="1175"
                    VPOS="5490"
                    WIDTH="2191"
                    HEIGHT="140">
            <Shape><Polygon POINTS="1175 5490 3366 5490 3366 5630 1175 5630"/></Shape>
	    <String CONTENT="N’auront que trop de force à t’arracher les yeux,"
                    HPOS="1175"
                    VPOS="5490"
                    WIDTH="2191"
                    HEIGHT="140"></String>
          </TextLine>

          
          
          <TextLine ID="tl_43"
                    TAGREFS="LT75"
                    BASELINE="1180 5732 1372 5715 1590 5746 1674 5714 2186 5717 2348 5719 2470 5718 2796 5715 3102 5709" 
                    HPOS="1180"
                    VPOS="5617"
                    WIDTH="1922"
                    HEIGHT="137">
            <Shape><Polygon POINTS="1180 5617 3102 5617 3102 5754 1180 5754"/></Shape>
	    <String CONTENT="Que trop à t’imprimer ſur ce hideux viſage"
                    HPOS="1180"
                    VPOS="5617"
                    WIDTH="1922"
                    HEIGHT="137"></String>
          </TextLine>

          
          
          <TextLine ID="tl_44"
                    TAGREFS="LT75"
                    BASELINE="1180 5838 1305 5837 1565 5838 1817 5839 1959 5838 2183 5878 2333 5843 2743 5839 2881 5838 3053 5838 3303 5829" 
                    HPOS="1180"
                    VPOS="5740"
                    WIDTH="2123"
                    HEIGHT="144">
            <Shape><Polygon POINTS="1180 5740 3303 5740 3303 5884 1180 5884"/></Shape>
	    <String CONTENT="En mille traits de ſang les marques de ma rage."
                    HPOS="1180"
                    VPOS="5740"
                    WIDTH="2123"
                    HEIGHT="144"></String>
          </TextLine>

          
        </TextBlock>
        
        <TextBlock HPOS="899"
                   VPOS="455"
                   WIDTH="228"
                   HEIGHT="156"
                   ID="eSc_textblock_81928623"
                   TAGREFS="BT175">
          <Shape><Polygon POINTS="899 455 899 611 1127 611 1127 455"/></Shape>
          
          
          <TextLine ID="tl_1"
                    TAGREFS="LT75"
                    BASELINE="933 571 1084 562" 
                    HPOS="933"
                    VPOS="468"
                    WIDTH="151"
                    HEIGHT="103">
            <Shape><Polygon POINTS="933 468 1084 468 1084 571 933 571"/></Shape>
	    <String CONTENT="86"
                    HPOS="933"
                    VPOS="468"
                    WIDTH="151"
                    HEIGHT="103"></String>
          </TextLine>

          
        </TextBlock>
        
        <TextBlock HPOS="1690"
                   VPOS="396"
                   WIDTH="1474"
                   HEIGHT="179"
                   ID="eSc_textblock_b74adc09"
                   TAGREFS="BT176">
          <Shape><Polygon POINTS="1690 431 1690 575 3152 575 3164 396 2779 405"/></Shape>
          
          
          <TextLine ID="tl_2"
                    TAGREFS="LT75"
                    BASELINE="1710 553 1796 553 1974 548 2112 543 2620 539 2780 539 3145 557" 
                    HPOS="1710"
                    VPOS="428"
                    WIDTH="1435"
                    HEIGHT="135">
            <Shape><Polygon POINTS="1710 428 3145 428 3145 563 1710 563"/></Shape>
	    <String CONTENT="CLITANDRE,"
                    HPOS="1710"
                    VPOS="428"
                    WIDTH="1435"
                    HEIGHT="135"></String>
          </TextLine>

          
        </TextBlock>
        

        
      </PrintSpace>
    </Page>
  </Layout>
</alto>
