<?xml version="1.0" encoding="UTF-8"?>
<alto xmlns:xsi="http://www.w3.org/2001/XMLSchema-instance"
      xmlns="http://www.loc.gov/standards/alto/ns-v4#"
      xsi:schemaLocation="http://www.loc.gov/standards/alto/ns-v4# https://gitlab.inria.fr/scripta/escriptorium/-/raw/develop/app/escriptorium/static/alto-4-1-baselines.xsd">
  <Description>
    <MeasurementUnit>pixel</MeasurementUnit>
    <sourceImageInformation>
      <fileName>Corneille1664_Theatre_bpt6k10403751_corrected_0086.png</fileName>
    </sourceImageInformation>
  </Description>
  
  <Tags>
    <OtherTag ID="BT1" LABEL="Title" DESCRIPTION="block type Title"/><OtherTag ID="BT2" LABEL="Main" DESCRIPTION="block type Main"/><OtherTag ID="BT169" LABEL="Damage" DESCRIPTION="block type Damage"/><OtherTag ID="BT170" LABEL="Decoration" DESCRIPTION="block type Decoration"/><OtherTag ID="BT171" LABEL="DropCapital" DESCRIPTION="block type DropCapital"/><OtherTag ID="BT172" LABEL="Figure" DESCRIPTION="block type Figure"/><OtherTag ID="BT173" LABEL="Margin" DESCRIPTION="block type Margin"/><OtherTag ID="BT174" LABEL="MusicNotation" DESCRIPTION="block type MusicNotation"/><OtherTag ID="BT175" LABEL="Numbering" DESCRIPTION="block type Numbering"/><OtherTag ID="BT176" LABEL="RunningTitle" DESCRIPTION="block type RunningTitle"/><OtherTag ID="BT177" LABEL="Seal" DESCRIPTION="block type Seal"/><OtherTag ID="BT178" LABEL="Signatures" DESCRIPTION="block type Signatures"/><OtherTag ID="BT179" LABEL="Stamp" DESCRIPTION="block type Stamp"/><OtherTag ID="BT180" LABEL="Table" DESCRIPTION="block type Table"/>
    <OtherTag ID="LT75" LABEL="Default" DESCRIPTION="line type Default"/><OtherTag ID="LT76" LABEL="DropCapitalLine" DESCRIPTION="line type DropCapitalLine"/><OtherTag ID="LT77" LABEL="Interlinear" DESCRIPTION="line type Interlinear"/><OtherTag ID="LT78" LABEL="MusicLine" DESCRIPTION="line type MusicLine"/><OtherTag ID="LT79" LABEL="Rubric" DESCRIPTION="line type Rubric"/>
  </Tags>
  
  <Layout>
    <Page WIDTH="4267"
          HEIGHT="6735"
          PHYSICAL_IMG_NR="30"
          ID="eSc_dummypage_">
      <PrintSpace HPOS="0"
                  VPOS="0"
                  WIDTH="4267"
                  HEIGHT="6735">
        
        <TextBlock HPOS="995"
                   VPOS="384"
                   WIDTH="216"
                   HEIGHT="143"
                   ID="eSc_textblock_d3d80500"
                   TAGREFS="BT175">
          <Shape><Polygon POINTS="995 384 995 527 1211 527 1211 384"/></Shape>
          
          
          <TextLine ID="tl_1"
                    TAGREFS="LT75"
                    BASELINE="1027 484 1168 479 1199 479" 
                    HPOS="1021"
                    VPOS="342"
                    WIDTH="158"
                    HEIGHT="185">
            <Shape><Polygon POINTS="1021 482 1027 347 1179 342 1179 505 1145 527 1027 521"/></Shape>
	    <String CONTENT="16"
                    HPOS="1021"
                    VPOS="342"
                    WIDTH="158"
                    HEIGHT="185"></String>
          </TextLine>

          
        </TextBlock>
        
        <TextBlock HPOS="1930"
                   VPOS="372"
                   WIDTH="1174"
                   HEIGHT="167"
                   ID="eSc_textblock_95248c28"
                   TAGREFS="BT176">
          <Shape><Polygon POINTS="1930 372 1930 539 3104 539 3104 372"/></Shape>
          
          
          <TextLine ID="eSc_line_da787190"
                    TAGREFS="LT75"
                    BASELINE="1918 485 2068 486 2252 484 2458 489 2642 489 2862 498 3101 519" 
                    HPOS="1914"
                    VPOS="336"
                    WIDTH="1185"
                    HEIGHT="202">
            <Shape><Polygon POINTS="1914 482 1931 342 2139 364 2184 336 2245 370 2414 347 2442 376 2565 359 2666 381 2751 342 3093 347 3099 516 3065 538 2970 510 2908 533 2874 505 2711 499 1920 499"/></Shape>
	    <String CONTENT="MELITE,"
                    HPOS="1914"
                    VPOS="336"
                    WIDTH="1185"
                    HEIGHT="202"></String>
          </TextLine>

          
        </TextBlock>
        
        <TextBlock HPOS="1151"
                   VPOS="3008"
                   WIDTH="287"
                   HEIGHT="264"
                   ID="eSc_textblock_77bb2d05"
                   TAGREFS="BT171">
          <Shape><Polygon POINTS="1151 3008 1163 3272 1414 3260 1438 3008"/></Shape>
          
        </TextBlock>
        
        <TextBlock HPOS="971"
                   VPOS="551"
                   WIDTH="2984"
                   HEIGHT="5382"
                   ID="eSc_textblock_74ccfdc5"
                   TAGREFS="BT2">
          <Shape><Polygon POINTS="971 551 983 5849 3955 5933 3955 551"/></Shape>
          
          
          <TextLine ID="tl_2"
                    TAGREFS="LT75"
                    BASELINE="1207 634 1516 637 1660 643 1992 647 2202 652 2795 669" 
                    HPOS="1207"
                    VPOS="541"
                    WIDTH="1589"
                    HEIGHT="128">
            <Shape><Polygon POINTS="1207 541 2796 541 2796 669 1207 669"/></Shape>
	    <String CONTENT="Laiſſez en liberté mes inclinations,"
                    HPOS="1207"
                    VPOS="541"
                    WIDTH="1589"
                    HEIGHT="128"></String>
          </TextLine>

          
          
          <TextLine ID="tl_3"
                    TAGREFS="LT75"
                    BASELINE="1209 783 1379 762 1624 769 1718 766 1904 768 2264 778 2404 782 2614 779 3084 782 3128 801" 
                    HPOS="1209"
                    VPOS="673"
                    WIDTH="1920"
                    HEIGHT="132">
            <Shape><Polygon POINTS="1209 673 3129 673 3129 805 1209 805"/></Shape>
	    <String CONTENT="Qui vous a fait cenſeur de mes affections;"
                    HPOS="1209"
                    VPOS="673"
                    WIDTH="1920"
                    HEIGHT="132"></String>
          </TextLine>

          
          
          <TextLine ID="tl_4"
                    TAGREFS="LT75"
                    BASELINE="1202 884 1475 891 1553 892 1849 891 2225 900 2427 900 2615 901 2835 905 3159 909 3487 909" 
                    HPOS="1202"
                    VPOS="797"
                    WIDTH="2285"
                    HEIGHT="156">
            <Shape><Polygon POINTS="1202 797 3487 797 3487 953 1202 953"/></Shape>
	    <String CONTENT="Eſt-ce à voſtre chagrin que j’en dois rendre conte?"
                    HPOS="1202"
                    VPOS="797"
                    WIDTH="2285"
                    HEIGHT="156"></String>
          </TextLine>

          
          
          <TextLine ID="tl_5"
                    TAGREFS="LT75"
                    BASELINE="1017 1012 1106 1012 1581 1028 1817 1019 2001 1055 2338 1023 2571 1060 2821 1027 3071 1032 3225 1032 3413 1036 3541 1040 3851 1062" 
                    HPOS="1016"
                    VPOS="919"
                    WIDTH="2836"
                    HEIGHT="159">
            <Shape><Polygon POINTS="1016 919 3852 919 3852 1078 1016 1078"/></Shape>
	    <String CONTENT="ERA. Non, mais j’ay malgré moy pour vous un peu de honte,"
                    HPOS="1016"
                    VPOS="919"
                    WIDTH="2836"
                    HEIGHT="159"></String>
          </TextLine>

          
          
          <TextLine ID="tl_6"
                    TAGREFS="LT75"
                    BASELINE="1197 1134 1332 1137 1458 1139 1746 1142 1900 1142 2080 1146 2310 1147 2458 1147 2686 1182 2830 1151 3238 1160" 
                    HPOS="1197"
                    VPOS="1047"
                    WIDTH="2041"
                    HEIGHT="149">
            <Shape><Polygon POINTS="1197 1047 3238 1047 3238 1196 1197 1196"/></Shape>
	    <String CONTENT="De ce qu’on dit par tout du trop de privauté"
                    HPOS="1197"
                    VPOS="1047"
                    WIDTH="2041"
                    HEIGHT="149"></String>
          </TextLine>

          
          
          <TextLine ID="tl_7"
                    TAGREFS="LT75"
                    BASELINE="1201 1287 1396 1264 1606 1264 1848 1265 2238 1268 2327 1269 2448 1273 2880 1278" 
                    HPOS="1201"
                    VPOS="1167"
                    WIDTH="1680"
                    HEIGHT="145">
            <Shape><Polygon POINTS="1201 1167 2881 1167 2881 1312 1201 1312"/></Shape>
	    <String CONTENT="Que déja vous ſouffrez à ſa temerité."
                    HPOS="1201"
                    VPOS="1167"
                    WIDTH="1680"
                    HEIGHT="145"></String>
          </TextLine>

          
          
          <TextLine ID="tl_8"
                    TAGREFS="LT75"
                    BASELINE="1014 1387 1147 1387 1503 1387 1779 1388 1915 1388 2203 1428 2401 1396 2541 1396 2669 1401 2853 1402 3101 1401 3466 1405" 
                    HPOS="1014"
                    VPOS="1289"
                    WIDTH="2453"
                    HEIGHT="156">
            <Shape><Polygon POINTS="1014 1289 3467 1289 3467 1445 1014 1445"/></Shape>
	    <String CONTENT="MEL. Ne ſoyez en ſoucy que de ce qui vous touche."
                    HPOS="1014"
                    VPOS="1289"
                    WIDTH="2453"
                    HEIGHT="156"></String>
          </TextLine>

          
          
          <TextLine ID="tl_9"
                    TAGREFS="LT75"
                    BASELINE="1009 1502 1102 1502 1445 1510 1777 1514 1979 1515 2281 1519 2423 1524 2665 1523 2879 1528 2967 1523 3399 1532" 
                    HPOS="1008"
                    VPOS="1413"
                    WIDTH="2392"
                    HEIGHT="157">
            <Shape><Polygon POINTS="1008 1413 3400 1413 3400 1570 1008 1570"/></Shape>
	    <String CONTENT="ERA. Le moyen ſans regret de vous voir ſi farouche"
                    HPOS="1008"
                    VPOS="1413"
                    WIDTH="2392"
                    HEIGHT="157"></String>
          </TextLine>

          
          
          <TextLine ID="tl_10"
                    TAGREFS="LT75"
                    BASELINE="1197 1632 1378 1634 1818 1639 2108 1643 2244 1642 2458 1645 2598 1651 2830 1651 3351 1668" 
                    HPOS="1197"
                    VPOS="1539"
                    WIDTH="2155"
                    HEIGHT="157">
            <Shape><Polygon POINTS="1197 1539 3352 1539 3352 1696 1197 1696"/></Shape>
	    <String CONTENT="Aux legitimes vœux de tant de gens d’honneur,"
                    HPOS="1197"
                    VPOS="1539"
                    WIDTH="2155"
                    HEIGHT="157"></String>
          </TextLine>

          
          
          <TextLine ID="tl_11"
                    TAGREFS="LT75"
                    BASELINE="1194 1756 1296 1757 1730 1760 1823 1761 2086 1768 2173 1769 2410 1768 2642 1773 3176 1774" 
                    HPOS="1194"
                    VPOS="1663"
                    WIDTH="1983"
                    HEIGHT="121">
            <Shape><Polygon POINTS="1194 1663 3177 1663 3177 1784 1194 1784"/></Shape>
	    <String CONTENT="Et d&#39;ailleurs ſi facile à ceux d’un ſuborneur?"
                    HPOS="1194"
                    VPOS="1663"
                    WIDTH="1983"
                    HEIGHT="121"></String>
          </TextLine>

          
          
          <TextLine ID="tl_12"
                    TAGREFS="LT75"
                    BASELINE="1010 1883 1155 1883 1511 1883 1731 1884 1905 1888 2231 1888 2405 1924 2633 1895 2849 1900 2993 1901 3169 1901 3577 1904" 
                    HPOS="1010"
                    VPOS="1787"
                    WIDTH="2567"
                    HEIGHT="153">
            <Shape><Polygon POINTS="1010 1787 3577 1787 3577 1940 1010 1940"/></Shape>
	    <String CONTENT="MEL. Ce n’eſt pas contre luy qu’il faut en ma preſence"
                    HPOS="1010"
                    VPOS="1787"
                    WIDTH="2567"
                    HEIGHT="153"></String>
          </TextLine>

          
          
          <TextLine ID="tl_13"
                    TAGREFS="LT75"
                    BASELINE="1185 2002 1531 2002 1681 2001 1935 2006 2243 2014 2387 2016 3203 2018" 
                    HPOS="1184"
                    VPOS="1911"
                    WIDTH="2020"
                    HEIGHT="145">
            <Shape><Polygon POINTS="1184 1911 3204 1911 3204 2056 1184 2056"/></Shape>
	    <String CONTENT="Laſcher les traits jaloux de voſtre médiſance:"
                    HPOS="1184"
                    VPOS="1911"
                    WIDTH="2020"
                    HEIGHT="145"></String>
          </TextLine>

          
          
          <TextLine ID="tl_14"
                    TAGREFS="LT75"
                    BASELINE="1193 2124 1495 2137 1674 2129 2186 2134 2380 2142 2546 2142 2804 2145 3194 2150" 
                    HPOS="1193"
                    VPOS="2037"
                    WIDTH="2001"
                    HEIGHT="147">
            <Shape><Polygon POINTS="1193 2037 3194 2037 3194 2184 1193 2184"/></Shape>
	    <String CONTENT="Adieu, ſouvenez-vous que ces mots inſenſez"
                    HPOS="1193"
                    VPOS="2037"
                    WIDTH="2001"
                    HEIGHT="147"></String>
          </TextLine>

          
          
          <TextLine ID="tl_15"
                    TAGREFS="LT75"
                    BASELINE="1186 2248 1774 2257 2014 2259 2252 2296 2470 2265 2664 2273 2914 2272 3054 2274 3400 2272" 
                    HPOS="1185"
                    VPOS="2157"
                    WIDTH="2216"
                    HEIGHT="157">
            <Shape><Polygon POINTS="1185 2157 3401 2157 3401 2314 1185 2314"/></Shape>
	    <String CONTENT="L’avanceront chez moy plus que vous ne penſez."
                    HPOS="1185"
                    VPOS="2157"
                    WIDTH="2216"
                    HEIGHT="157"></String>
          </TextLine>

          
          
          <TextLine ID="tl_16"
                    TAGREFS="LT75"
                    BASELINE="1558 2590 2776 2604 3372 2611 3408 2551" 
                    HPOS="1558"
                    VPOS="2413"
                    WIDTH="1862"
                    HEIGHT="203">
            <Shape><Polygon POINTS="1558 2413 3420 2414 3420 2616 1558 2615"/></Shape>
	    <String CONTENT="SCENE III."
                    HPOS="1558"
                    VPOS="2413"
                    WIDTH="1862"
                    HEIGHT="203"></String>
          </TextLine>

          
          
          <TextLine ID="tl_17"
                    TAGREFS="LT75"
                    BASELINE="1897 2867 2002 2867 2198 2877 2386 2872 2566 2878 2770 2876 2973 2883" 
                    HPOS="1897"
                    VPOS="2759"
                    WIDTH="1077"
                    HEIGHT="125">
            <Shape><Polygon POINTS="1897 2759 2974 2759 2974 2884 1897 2884"/></Shape>
	    <String CONTENT="ERASTE."
                    HPOS="1897"
                    VPOS="2759"
                    WIDTH="1077"
                    HEIGHT="125"></String>
          </TextLine>

          
          
          <TextLine ID="eSc_line_3b358bcb"
                    TAGREFS="LT75"
                    BASELINE="1411 3118 1924 3120 2054 3124 2440 3125 2612 3129 2970 3133 3160 3137 3546 3146" 
                    HPOS="1409"
                    VPOS="2997"
                    WIDTH="2133"
                    HEIGHT="168">
            <Shape><Polygon POINTS="1409 3114 1414 2997 1594 2997 1673 3025 1734 2997 1768 3030 1914 3013 1965 3036 2358 3002 2391 3036 2470 3041 2739 3041 2796 3013 2897 3013 3009 3041 3104 3019 3273 3047 3318 3019 3525 3019 3542 3143 3525 3165 3256 3165 3172 3143 3059 3165 2981 3137 2605 3159 2453 3131 2167 3154 2032 3131 1948 3148 1925 3126 1414 3131"/></Shape>
	    <String CONTENT="’Eſt-là donc ce qu&#39;enfin me gardoit ton caprice?"
                    HPOS="1409"
                    VPOS="2997"
                    WIDTH="2133"
                    HEIGHT="168"></String>
          </TextLine>

          
          
          <TextLine ID="tl_18"
                    TAGREFS="LT75"
                    BASELINE="1179 3250 1411 3244" 
                    HPOS="1167"
                    VPOS="3003"
                    WIDTH="231"
                    HEIGHT="257">
            <Shape><Polygon POINTS="1173 3249 1167 3013 1396 3003 1398 3260 1184 3255"/></Shape>
	    <String CONTENT="C"
                    HPOS="1167"
                    VPOS="3003"
                    WIDTH="231"
                    HEIGHT="257"></String>
          </TextLine>

          
          
          <TextLine ID="tl_19"
                    TAGREFS="LT75"
                    BASELINE="1416 3237 1631 3239 1756 3242 1952 3251 2142 3283 2449 3251 2624 3255 2878 3256 3058 3260 3194 3268 3342 3272 3566 3282" 
                    HPOS="1415"
                    VPOS="3146"
                    WIDTH="2152"
                    HEIGHT="156">
            <Shape><Polygon POINTS="1415 3146 3567 3146 3567 3302 1415 3302"/></Shape>
	    <String CONTENT="C&#39;eſt ce que j’ay gagné par deux ans de ſervice!"
                    HPOS="1415"
                    VPOS="3146"
                    WIDTH="2152"
                    HEIGHT="156"></String>
          </TextLine>

          
          
          <TextLine ID="tl_20"
                    TAGREFS="LT75"
                    BASELINE="1174 3360 1383 3360 1607 3361 1801 3369 2041 3370 2217 3374 2541 3378 2765 3415 3132 3399" 
                    HPOS="1174"
                    VPOS="3267"
                    WIDTH="1959"
                    HEIGHT="152">
            <Shape><Polygon POINTS="1174 3267 3133 3267 3133 3419 1174 3419"/></Shape>
	    <String CONTENT="C’eſt ainſi que mon feu s’étant trop abaiſſé,"
                    HPOS="1174"
                    VPOS="3267"
                    WIDTH="1959"
                    HEIGHT="152"></String>
          </TextLine>

          
          
          <TextLine ID="tl_21"
                    TAGREFS="LT75"
                    BASELINE="1171 3480 1391 3484 1879 3494 2215 3496 2329 3497 2549 3506 3109 3513" 
                    HPOS="1170"
                    VPOS="3393"
                    WIDTH="1982"
                    HEIGHT="150">
            <Shape><Polygon POINTS="1170 3393 3152 3393 3152 3543 1170 3543"/></Shape>
	    <String CONTENT="D’un outrageux mépris ſe voit recompenſé!"
                    HPOS="1170"
                    VPOS="3393"
                    WIDTH="1982"
                    HEIGHT="150"></String>
          </TextLine>

          
          
          <TextLine ID="tl_22"
                    TAGREFS="LT75"
                    BASELINE="1171 3606 1304 3607 1624 3611 2006 3619 2160 3623 2506 3628 2690 3628 2807 3633 3067 3646" 
                    HPOS="1171"
                    VPOS="3519"
                    WIDTH="1897"
                    HEIGHT="145">
            <Shape><Polygon POINTS="1171 3519 3068 3519 3068 3664 1171 3664"/></Shape>
	    <String CONTENT="Tu m’oſes préferer un traiſtre qui te flate,"
                    HPOS="1171"
                    VPOS="3519"
                    WIDTH="1897"
                    HEIGHT="145"></String>
          </TextLine>

          
          
          <TextLine ID="tl_23"
                    TAGREFS="LT75"
                    BASELINE="1168 3728 1382 3730 1610 3735 1730 3738 2121 3747 2256 3747 2496 3781 2676 3750 2874 3756 3230 3772" 
                    HPOS="1167"
                    VPOS="3641"
                    WIDTH="2063"
                    HEIGHT="149">
            <Shape><Polygon POINTS="1167 3641 3230 3641 3230 3790 1167 3790"/></Shape>
	    <String CONTENT="Mais dans ta laſcheté ne croy pas que j’éclate,"
                    HPOS="1167"
                    VPOS="3641"
                    WIDTH="2063"
                    HEIGHT="149"></String>
          </TextLine>

          
          
          <TextLine ID="tl_24"
                    TAGREFS="LT75"
                    BASELINE="1166 3856 1269 3852 1471 3855 1647 3857 1765 3861 2203 3866 2351 3870 2567 3870 3150 3883" 
                    HPOS="1166"
                    VPOS="3765"
                    WIDTH="1985"
                    HEIGHT="146">
            <Shape><Polygon POINTS="1166 3765 3151 3765 3151 3911 1166 3911"/></Shape>
	    <String CONTENT="Et que par la grandeur de mes reſſentimens"
                    HPOS="1166"
                    VPOS="3765"
                    WIDTH="1985"
                    HEIGHT="146"></String>
          </TextLine>

          
          
          <TextLine ID="tl_25"
                    TAGREFS="LT75"
                    BASELINE="1164 3976 1251 3974 1384 3978 1497 3975 1725 3984 1869 3984 2093 3989 2335 3992 2471 3991 2677 3998 2905 4000 3169 4002" 
                    HPOS="1164"
                    VPOS="3889"
                    WIDTH="2005"
                    HEIGHT="141">
            <Shape><Polygon POINTS="1164 3889 3169 3889 3169 4030 1164 4030"/></Shape>
	    <String CONTENT="Ie laiſſe aller au jour celle de mes tourmens."
                    HPOS="1164"
                    VPOS="3889"
                    WIDTH="2005"
                    HEIGHT="141"></String>
          </TextLine>

          
          
          <TextLine ID="tl_26"
                    TAGREFS="LT75"
                    BASELINE="1165 4098 1310 4101 1554 4102 1652 4103 1968 4111 2244 4114 2524 4120 2699 4124 2998 4128" 
                    HPOS="1165"
                    VPOS="4011"
                    WIDTH="1833"
                    HEIGHT="147">
            <Shape><Polygon POINTS="1165 4011 2998 4011 2998 4158 1165 4158"/></Shape>
	    <String CONTENT="Vn aveu ſi public qu’en feroit ma colere"
                    HPOS="1165"
                    VPOS="4011"
                    WIDTH="1833"
                    HEIGHT="147"></String>
          </TextLine>

          
          
          <TextLine ID="tl_27"
                    TAGREFS="LT75"
                    BASELINE="1161 4226 1554 4228 1782 4265 2186 4238 2322 4241 2506 4242 2730 4246 3076 4261" 
                    HPOS="1161"
                    VPOS="4135"
                    WIDTH="1915"
                    HEIGHT="154">
            <Shape><Polygon POINTS="1161 4135 3076 4135 3076 4289 1161 4289"/></Shape>
	    <String CONTENT="Enfleroit trop l’orgueil de ton ame legere,"
                    HPOS="1161"
                    VPOS="4135"
                    WIDTH="1915"
                    HEIGHT="154"></String>
          </TextLine>

          
          
          <TextLine ID="tl_28"
                    TAGREFS="LT75"
                    BASELINE="1162 4348 1265 4348 1441 4353 2051 4360 2282 4397 2418 4365 2551 4370 2782 4375 3036 4374" 
                    HPOS="1162"
                    VPOS="4265"
                    WIDTH="1875"
                    HEIGHT="141">
            <Shape><Polygon POINTS="1162 4265 3037 4265 3037 4406 1162 4406"/></Shape>
	    <String CONTENT="Et me convaincroit trop de ce deſir abjet"
                    HPOS="1162"
                    VPOS="4265"
                    WIDTH="1875"
                    HEIGHT="141"></String>
          </TextLine>

          
          
          <TextLine ID="tl_29"
                    TAGREFS="LT75"
                    BASELINE="1170 4497 1349 4474 1547 4476 1739 4478 2133 4487 2383 4488 2545 4492 2927 4501 3212 4496" 
                    HPOS="1170"
                    VPOS="4381"
                    WIDTH="2043"
                    HEIGHT="159">
            <Shape><Polygon POINTS="1170 4381 3213 4381 3213 4540 1170 4540"/></Shape>
	    <String CONTENT="Qui m’a fait ſoûpirer pour un indigne objet."
                    HPOS="1170"
                    VPOS="4381"
                    WIDTH="2043"
                    HEIGHT="159"></String>
          </TextLine>

          
          
          <TextLine ID="tl_30"
                    TAGREFS="LT75"
                    BASELINE="1161 4598 1248 4598 1610 4637 1782 4605 2163 4623 2401 4614 2631 4619 3167 4628" 
                    HPOS="1160"
                    VPOS="4511"
                    WIDTH="2008"
                    HEIGHT="149">
            <Shape><Polygon POINTS="1160 4511 3168 4511 3168 4660 1160 4660"/></Shape>
	    <String CONTENT="Ie ſçauray me vanger, mais avec l’apparence"
                    HPOS="1160"
                    VPOS="4511"
                    WIDTH="2008"
                    HEIGHT="149"></String>
          </TextLine>

          
          
          <TextLine ID="tl_31"
                    TAGREFS="LT75"
                    BASELINE="1157 4720 1290 4721 1632 4725 1882 4732 2110 4733 2360 4738 2558 4746 2686 4746 3335 4764" 
                    HPOS="1157"
                    VPOS="4633"
                    WIDTH="2179"
                    HEIGHT="151">
            <Shape><Polygon POINTS="1157 4633 3336 4633 3336 4784 1157 4784"/></Shape>
	    <String CONTENT="De n’avoir pour tous deux que de l’indifference,"
                    HPOS="1157"
                    VPOS="4633"
                    WIDTH="2179"
                    HEIGHT="151"></String>
          </TextLine>

          
          
          <TextLine ID="tl_32"
                    TAGREFS="LT75"
                    BASELINE="1158 4844 1221 4842 1391 4846 1790 4855 2128 4861 2272 4865 2500 4868 2620 4873 2918 4875" 
                    HPOS="1157"
                    VPOS="4757"
                    WIDTH="1762"
                    HEIGHT="144">
            <Shape><Polygon POINTS="1157 4757 2919 4757 2919 4901 1157 4901"/></Shape>
	    <String CONTENT="Il fut toûjours permis de tirer ſa raiſon"
                    HPOS="1157"
                    VPOS="4757"
                    WIDTH="1762"
                    HEIGHT="144"></String>
          </TextLine>

          
          
          <TextLine ID="tl_33"
                    TAGREFS="LT75"
                    BASELINE="1154 4966 1423 4970 1851 4982 2027 4988 2225 4988 2642 4987" 
                    HPOS="1154"
                    VPOS="4881"
                    WIDTH="1489"
                    HEIGHT="142">
            <Shape><Polygon POINTS="1154 4881 2643 4881 2643 5023 1154 5023"/></Shape>
	    <String CONTENT="D’une infidelité par une trahiſon."
                    HPOS="1154"
                    VPOS="4881"
                    WIDTH="1489"
                    HEIGHT="142"></String>
          </TextLine>

          
          
          <TextLine ID="tl_34"
                    TAGREFS="LT75"
                    BASELINE="1157 5090 1409 5106 1774 5111 2049 5124 2259 5115 2453 5119 2677 5118 3055 5124" 
                    HPOS="1156"
                    VPOS="5007"
                    WIDTH="1900"
                    HEIGHT="151">
            <Shape><Polygon POINTS="1156 5007 3056 5007 3056 5158 1156 5158"/></Shape>
	    <String CONTENT="Tien, déloyal amy, tien ton ame aſſeurée"
                    HPOS="1156"
                    VPOS="5007"
                    WIDTH="1900"
                    HEIGHT="151"></String>
          </TextLine>

          
          
          <TextLine ID="tl_35"
                    TAGREFS="LT75"
                    BASELINE="1157 5238 1344 5216 1528 5220 1764 5225 2272 5239 2502 5242 2694 5242 2844 5242 3163 5260" 
                    HPOS="1157"
                    VPOS="5131"
                    WIDTH="2007"
                    HEIGHT="149">
            <Shape><Polygon POINTS="1157 5131 3164 5131 3164 5280 1157 5280"/></Shape>
	    <String CONTENT="Que ton heur ſurprenant aura peu de durée,"
                    HPOS="1157"
                    VPOS="5131"
                    WIDTH="2007"
                    HEIGHT="149"></String>
          </TextLine>

          
          
          <TextLine ID="tl_36"
                    TAGREFS="LT75"
                    BASELINE="1152 5340 1257 5338 1444 5343 1621 5347 1816 5351 2150 5361 2414 5365 2501 5366 2654 5366 3054 5382" 
                    HPOS="1151"
                    VPOS="5255"
                    WIDTH="1904"
                    HEIGHT="175">
            <Shape><Polygon POINTS="1151 5255 3055 5255 3055 5430 1151 5430"/></Shape>
	    <String CONTENT="Et que par une adreſſe égale à tes forfaits,"
                    HPOS="1151"
                    VPOS="5255"
                    WIDTH="1904"
                    HEIGHT="175"></String>
          </TextLine>

          
          
          <TextLine ID="tl_37"
                    TAGREFS="LT75"
                    BASELINE="1148 5462 1235 5460 1607 5501 1721 5474 2133 5483 2283 5483 2415 5487 2659 5492 2879 5492 2997 5496 3238 5491" 
                    HPOS="1148"
                    VPOS="5379"
                    WIDTH="2091"
                    HEIGHT="150">
            <Shape><Polygon POINTS="1148 5379 3239 5379 3239 5529 1148 5529"/></Shape>
	    <String CONTENT="Ie mettray le deſordre ou tu crois voir la paix."
                    HPOS="1148"
                    VPOS="5379"
                    WIDTH="2091"
                    HEIGHT="150"></String>
          </TextLine>

          
          
          <TextLine ID="tl_38"
                    TAGREFS="LT75"
                    BASELINE="1149 5584 1484 5589 1813 5601 1950 5601 2226 5610 2449 5611 2743 5615 2879 5614 3203 5624" 
                    HPOS="1148"
                    VPOS="5493"
                    WIDTH="2056"
                    HEIGHT="147">
            <Shape><Polygon POINTS="1148 5493 3204 5493 3204 5640 1148 5640"/></Shape>
	    <String CONTENT="L’esprit fourbe &amp; venal d’un voiſin de Melite"
                    HPOS="1148"
                    VPOS="5493"
                    WIDTH="2056"
                    HEIGHT="147"></String>
          </TextLine>

          
          
          <TextLine ID="tl_39"
                    TAGREFS="LT75"
                    BASELINE="1149 5704 1540 5712 1950 5725 2186 5730 2274 5733 2402 5736 2598 5741 2704 5742 3075 5755" 
                    HPOS="1149"
                    VPOS="5623"
                    WIDTH="1927"
                    HEIGHT="152">
            <Shape><Polygon POINTS="1149 5623 3076 5623 3076 5775 1149 5775"/></Shape>
	    <String CONTENT="Donnera prompte iſſuë à ce que je médite,"
                    HPOS="1149"
                    VPOS="5623"
                    WIDTH="1927"
                    HEIGHT="152"></String>
          </TextLine>

          
          
          <TextLine ID="tl_40"
                    TAGREFS="LT79"
                    BASELINE="3544 5869 3615 5869 3870 5874" 
                    HPOS="3544"
                    VPOS="5780"
                    WIDTH="327"
                    HEIGHT="98">
            <Shape><Polygon POINTS="3544 5780 3871 5780 3871 5878 3544 5878"/></Shape>
	    <String CONTENT="A ſervir"
                    HPOS="3544"
                    VPOS="5780"
                    WIDTH="327"
                    HEIGHT="98"></String>
          </TextLine>

          
        </TextBlock>
        

        
      </PrintSpace>
    </Page>
  </Layout>
</alto>
