4267 6633
1249 376 1172 108 COMEDIE.

3133 406 148 97 17

2837 5653 72 80 C

747 5668 354 88 Tome I.

596 544 2092 135 A ſervir qu’il l’achete il eſt toûjours tout preſt,

586 665 1899 132 Et ne voit rien d’injuste où brille l’intereſt.

599 789 2213 140 Allons ſans perdre temps luy payer ma vangeance,

600 914 1829 133 Et la pistole en main preſſer ſa diligence.

974 1133 1794 188 SCENE IV.

1132 1414 1437 137 TIRCIS, CLORIS.

420 1614 233 171 TIR.

1007 1614 2036 149 A ſœur, un mot d’avis ſur un méchant Sonnet

686 1608 293 293 M

1007 1741 2031 171 Que je viens de broüiller dedans mon cabinet.

418 1894 2273 143 CLO. C'eſt à quelque beauté que ta Muſe l’adreſſe?

419 2019 2053 132 TIR. En faveur d’un amy je flate ſa Maîtreſſe,

592 2137 1893 138 Voy ſi tu le connois, & ſi parlant pour luy

597 2260 2061 139 I’ay ſceu m’accommoder aux paſſions d’autruy.

1139 2494 1408 157 SONNET.

951 2686 2015 166 Près l'œil de Melite il n'eſt rien d’admirable.

420 2835 244 155 CLO.

713 2747 211 259 A

967 2862 2342 141 Ah, frere, il n’en faut plus. TIR. Tu n’es pas ſupportable

593 2989 2241 138 De me rompre ſi-toſt. CLO. C’étoit ſans y penſer.

600 3113 2295 138 Acheve. TIR. Tay-toy donc, je vay recommencer.

1157 3349 1369 154 SONNET.

691 3554 1993 166 Près l’œil de Melite il n'eſt rien d’admirable,

420 3566 227 281 A

691 3697 1699 139 Il n'eſt rien de ſolide après ma loyauté,

429 3831 2075 141 Mon feu comme ſon teint ſe rend incomparable,

428 3954 1868 148 Et je ſuis en amour ce qu'elle eſt en beauté.

547 4198 2059 146 Quoy que puiſſe à mes ſens offrir la nouveauté,

428 4318 2225 138 Mon cœur à tous ſes traits demeure invulnerable,

431 4444 1965 138 Et bien qu'elle ait au ſien la meſme cruauté,

432 4560 2264 144 Ma foy pour ſes rigueurs n'en eſt pas moins durable.

553 4806 2085 142 C’eſt donc avec raiſon que mon extreſme ardeur

436 4929 2015 141 Trouve cheZ cette belle une extreſme froideur,

441 5048 1962 142 Et que ſans eſtre aimé je bruſle pour Melite.

564 5296 2077 136 Car de ce que les Dieux nous envoyant au jour

449 5418 2223 132 Donnerent pour nous deux d'amour, de merite,

446 5533 2109 139 Elle a tout le merite, moy j’ay tout l'amour.
