4267 6626
1330 395 1172 98 COMEDIE.

3304 426 62 88 9

3412 5582 203 65 a Seul.

806 5676 398 149 Tome I.

1043 651 1788 178 SCENE III

883 994 2112 131 ERASTE, TIRCIS.

502 1258 277 150 ERA.

1110 1242 2128 160 Aintenant ſuis-je vn foû? meritay-je du blaſme?

801 1247 282 299 M

1116 1397 2073 144 Que dis-tu de l'objet, que dis-tu de ma flame?

509 1536 2418 133 TlR. Que veux-tu que j'en die ? elle a je ne ſçay quoy

691 1658 2058 128 Qui ne peut conſentir que l'on demeure à ſoy;

683 1782 2152 126 Mon cœur jusqu'à preſent à l'amour invincible,

683 1905 2256 121 Ne ſe maintient qu'à force aux termes d'inſenſible,

687 2032 2055 118 Tout autre que Tircis mourroit pour la servir.

506 2148 2312 125 ERA. Confeſſe franchement qu'elle a ſçeu te ravir,

686 2274 2184 126 Mais que tu ne veux pas prendre pour cette belle

686 2394 1834 102 Avec le nom d'amant le tiltre d’infidelle.

686 2514 2102 132 Rien que noſtre amitié ne t'en peut détourner;

686 2644 1856 92 Mais ta Muſe du moins facile à ſuborner

686 2764 1796 128 Avec plaiſir déja prépare quelques veilles

690 2886 2081 126 A de puissants efforts pour de telles merveilles.

501 3010 2076 129 TIR. En effet ayant veu tant & de tels appas,

683 3136 1924 120 Que je ne rime point, je ne le promets pas.

505 3253 2494 130 ERA. Tes feux n’iront-ils point plus avant que la rime?

505 3378 2296 123 TIR. Si je bruſle jamais, je veux bruſler ſans crime.

505 3504 2206 123 ERA. Mais ſi ſans y penſer tu te trouvois ſurpris?

505 3611 2521 132 TIR. Quitte pour décharger mon coeur dans mes écrits.

684 3740 2190 120 I'aime bien ces discours de plaintes, & d’alarmes,

682 3861 2314 127 De soûpirs, de ſanglots, de tourmens, & de larmes,

690 3986 2116 122 C’eſt dequoy fort ſouvent je baſtis ma chanſon,

686 4106 2180 124 Mais j'en connoy, ſans plus, la cadence & le ſon.

694 4228 2150 124 Souffre qu'en un Sonnet je m'efforce à dépeindre

686 4352 1870 124 Cét agréable feu que tu ne peux éteindre,

686 4476 1965 118 Tu le pourras donner comme venant de toy.

509 4594 2284 125 ERA. Ainſi ce cœur d’acier qui me tient ſous ſa loy

687 4718 1980 122 Verra ma paſſion pour le moins en peinture:

687 4836 1920 124 Ie doute neanmoins qu'en cette portraiture

691 4960 1874 120 Tu ne ſuives plûtoſt tes propres ſentimens.

509 5080 2210 125 TIR. Me prépare le Ciel de nouveaux châtimens

695 5204 2047 124 Si jamais un tel crime entre dans mon courage.

510 5326 2292 127 ERA. Adieu, je ſuis content, j'ay ta parole en gage,

690 5448 2014 124 Et ſçay trop que l’honneur t’en fera ſouvenir.

508 5564 2142 135 TIR.a En matiere d’amour rien n’oblige à tenir,

2857 5571 101 287 B
