4267 6694
938 323 103 223 4

1770 323 1234 184 MELITE,

1121 529 2086 164 Mais ce flateur espoir qu’il rejette en mon ame,

1116 651 2268 171 N’eſt qu’un doux imposteur qu'authoriſe ma flame,

1114 771 2088 174 Et qui ſans m’aſſeurer ce qu’il ſemble m’offrir,

1116 893 2248 173 Me fait plaire en ma peine, & m’obstine à ſouffrir.

935 1016 2410 168 TIR. Que je te trouve, amy, d'une humeur admirable!

1109 1141 2014 166 Pour paroiſtre éloquent tu te feins miſerable,

1107 1263 1978 164 Eſt-ce à deſſein de voir avec quelles couleurs

1110 1387 2018 167 Ie ſçaurois adoucir les traits de tes malheurs?

1106 1511 1716 163 Ne t’imagine pas qu’ainſi ſur ta parole

1102 1633 1812 157 D’une fauſſe douleur un amy te confole:

1097 1757 1926 161 Ce que chacun en dit ne m’a que trop appris

1097 1877 1982 158 Que Melite pour toy n’eut jamais de mépris.

911 2000 2104 158 ERA. Son gracieux accueil & ma perſeverance

1092 2117 2172 167 Font naiſtre ce faux bruit d’une vaine apparence,

1094 2241 2218 162 Ses mépris ſont cachez, & s’en font mieux ſentir,

1092 2367 2106 162 Et n’étant point connus, on n’y peut compâtir.

905 2484 2264 167 TIR. En étant bien receu, du reste que t’importe?

1089 2609 2074 161 C’eſt tout ce que tu veux des filles de ſa ſorte.

901 2729 2306 146 ERA. Cét accez favorable, ouvert & libre à tous,

1080 2857 2152 165 Ne me fait pas trouver mon martyre plus doux,

1074 2977 2158 145 Elle ſouffre aiſément mes ſoins, & mon ſervice,

1076 3099 2052 159 Mais loin de ſe reſoudre à leur rendre justice,

1075 3221 1900 156 Parler de l’Hymenée à ce cœur de rocher,

1075 3347 1970 161 C’eſt l’unique moyen de n’en plus approcher.

891 3465 2346 169 TIR. Ne diſſimulons point, tu regles mieux ta flame,

1074 3587 1974 159 Et tu n'és pas ſi foû que d’en faire ta femme.

886 3707 2298 164 ERA. Quoy, tu ſembles douter de mes intentions?

888 3825 1974 160 TIR. Ie croy malaiſément que tes affections

1067 3953 2200 166 Sur l’éclat d’un beau teint qu’on voit ſi periſſable

1067 4071 1830 165 Reglent d’une moitié le choix invariable.

1075 4197 1796 160 Tu ſerois incivil, la voyant chaque jour,

1062 4323 2022 160 De ne luy tenir pas quelques propos d’amour;

1062 4445 2028 158 Mais d’un vain compliment ta paſſion bornée

1060 4565 2116 168 Laiſſe aller tes deſſeins ailleurs pour l’Hymenée.

1061 4689 2240 166 Tu ſçais qu’on te ſouhaite aux plus riches maiſons,

1061 4811 2386 167 Que les meilleurs partis... ERA. Tréve de ces raiſons,

1059 4935 2256 169 Mon amour s’en offenſe, & tiendroit pour ſupplice

1061 5059 1717 135 De recevoir des loix d’une ſale avarice,

1054 5177 1994 142 Il me rend inſenſible aux faux attraits de l’or,

1054 5301 2074 163 Et trouve en ſa personne un aſſez grand trefor.

876 5413 2369 172 TIR. Si c’eſt-là le chemin qu'en aimant tu veux ſuivre,

1061 5543 2188 170 Tu ne ſçais guere encor ce que c’eſt que de vivre.
