4267 6626
1258 330 1152 103 COMEDIE.

3167 362 116 63 11

608 487 2147 139 Qu'étant belle à tes yeux, plus outre je n’aspire.

431 617 2370 136 PHI. Que tu ſçais dextrement adoucir mon martyre!

603 736 1975 136 Mais parmy les plaiſirs qu’avec toy je reſſens,

612 862 1737 132 A peine mon esprit oſe croire mes ſens,

609 979 2140 137 Toûjours entre la crainte, & l’espoir en balance;

607 1100 2117 136 Car s’il faut que l'amour naiſſe de reſſemblance,

608 1227 1857 131 Mes imperfections nous éloignant ſi fort,

613 1348 1982 132 Qu'oſerois-je prétendre en ce peu de rapport?

431 1467 2417 134 CLO. Du moins ne pretens pas qu’à preſent je te loüe,

608 1590 1973 138 Et qu’un mépris ruſé que ton cœur deſavoüe

609 1716 1717 132 Me mette ſur la langue un babil affété

608 1835 2172 137 Pour te rendre à mon tour ce que tu m’as prété:

616 1964 2113 124 Au contraire, je veux que tout le monde ſçache

613 2078 2103 134 Que je connois en toy des defauts que je cache,

618 2201 1856 137 Quiconque avec raiſon peut eſtre négligé,

620 2325 1777 137 A qui le veut aimer eſt bien plus obligé.

439 2444 2545 139 PHI. Quant à toy, tu te crois de beaucoup plus aimable?

440 2572 2628 131 CLO. Sans doute, & qu’aurois-tu qui me fuſt comparable?

441 2691 2430 142 PHI. Regarde dans mes yeux, & reconnoy qu’en moy

621 2813 2237 139 On peut voir quelque choſe auſſi beau comme toy.

444 2936 2159 135 CLO. C’eſt ſans difficulté, m’y voyant exprimée.

449 3061 2366 130 PHI. Quitte ce vain orgueil dont ta veuë eſt charmée.

625 3180 2331 136 Tu n’y vois que mon cœur qui n’a plus un ſeul trait,

634 3303 2211 135 Que ceux qu’il a reçeus de ton charmant portrait,

629 3428 2012 134 Et qui tout auſſi-toſt que tu t'es fait paroiſtre,

637 3546 1933 106 Afin de te mieux voir, s’eſt mis à la feneſtre.

458 3661 2641 136 CLO. Le trait n’eſt pas mauvais, mais puisqu'il te plaiſt tant,

637 3783 2178 145 Regarde dans mes yeux, ils t’en montrent autant,

637 3908 2065 128 Nos braſiers tous pareils ont meſmes étincelles.

470 4028 2133 115 PHI. Ainſi, chere Cloris, nos ardeurs mutuelles

643 4156 2020 126 Dedans cette union prenant un meſme cours,

648 4274 2002 134 Nous préparent un heur qui durera toûjours,

652 4393 2127 138 Cependant en faveur de ma longue ſouffrance...

483 4526 1447 128 CLO. Tay-toy, mon frère vient.

2779 5578 165 119 B ij
