4267 6735
933 432 153 117 14

1805 366 1216 135 MELITE,

1454 955 1833 258 ACTE II

988 1444 2810 215 SCENE PREMIERE.

1840 1776 1119 120 ERASTE.

1575 2033 1930 136 E l’avois bien préveu que ce cœur infidelle

1587 2154 2093 143 Ne ſe défendroit point des yeux de ma cruelle,

1274 2009 140 488 I

1582 2285 1848 128 Qui traite mille amants avec mille mépris,

1579 2408 2142 135 Et n’a point de faveurs que pour le dernier pris.

1127 2535 1909 134 Si-toſt qu’il l'aborda, je leus ſur ſon viſage

1124 2657 1610 136 De ſa déloyauté l’infaillible préſage;

1118 2779 2011 130 Vn inconnu friſſon dans mon corps épandu,

1123 2902 1785 135 Me donna les avis de ce que j’ay perdu.

1128 3026 1856 137 Depuis, cette volage évite ma rencontre,

1118 3150 2129 133 Ou ſi malgré ſes ſoins le hazard me la montre,

1127 3275 2015 130 Si je puis l’aborder, ſon discours ſe confond,

1128 3398 1842 133 Son esprit en deſordre à peine me répond,

1128 3524 1813 129 Vne reflexion vers le traiſtre qu'elle aime

1123 3639 2277 134 Presques à tous momens le ramene en luy meſme,

1124 3766 2104 133 Et tout reſveur qu'il eſt, il n’a point de ſoucis

1130 3888 2125 129 Qu'un ſoûpir ne trahiſſe au ſeul nom de Tircis.

1141 4007 2255 138 Lors par le prompt effet d’un changement étrange

1136 4135 1908 134 Son ſilence rompu ſe déborde en loüange;

1130 4261 1897 130 Elle remarque en luy tant de perfections,

1131 4379 2040 134 Que les moins éclairez verroient ſes paſſions;

1140 4507 1882 132 Sa bouche ne ſe plaiſt qu'en cette flaterie,

1126 4632 1863 133 Et tout autre propos luy rend ſa reſverie.

1131 4753 2018 134 Cependant chaque jour au discours attachez,

1131 4875 2049 134 Ils ne retiennent plus leurs ſentimens cachez,

1136 4996 2171 111 Ils ont des rendez-vous où l’amour les aſſemble,

1137 5121 2012 132 Encor hier ſur le foir je les ſurpris enſemble,

1139 5245 2047 132 Encor tout de nouveau je la voy qui l’attend.

1146 5364 2089 135 Que cét œil aſſeuré marque un esprit content!

1141 5483 2390 134 Perds tout respect, Eraste, & tout ſoin de luy plaire,

1145 5607 2277 142 Rends, ſans plus differer, ta vangeance exemplaire;
