4267 6540
3228 331 121 129 vij

676 1303 2379 269 DISCOVRS

376 1613 2990 212 DE L’VTILITÉ ET DES PARTIES

517 1887 2677 189 DV POËME DRAMATIQVE

1199 2282 2184 154 IEN que ſelon Aristote le ſeul but de la Poëſie

1205 2408 2179 150 Dramatique ſoit de plaire aux Spectateurs, que

1200 2524 2187 150 la pluspart de ces Poëmes leur ayent plû, je veux

1202 2646 2193 148 bien avoüer toutefois que beaucoup d'entr'eux n'ont

1205 2768 2183 138 pas atteint le but de l'Art. Il ne faut pas préten¬

1205 2884 2183 150 dre, dit ce Philoſophe, que ce genre de Poëſie nous

1204 3006 2191 144 donne toute forte de plaiſir, mais ſeulement celuy

388 3124 3009 160 qui luy eſt propre; & pour trouver ce plaiſir qui luy eſt propre, & le

391 3237 3013 163 donner aux Spectateurs, il faut ſuivre les Preceptes de l Art, eſt leur

378 3364 3024 160 plaire ſelon ſes Regles. Il eſt constant qu'il y a des Preceptes, puis¬

396 3480 3003 160 qu'il y a un Art, mais il n'eſt pas constant quels ils ſont. On con¬

395 3594 3006 162 vient du nom ſans convenir de la chofe & on s’accorde ſur les paro¬

399 3716 3005 162 les, pour contester ſur leur ſignification. Il faut obſerver l’unité d’a¬

400 3837 3010 159 ction, de lieu, & de jour, perſonne n'en doute; mais ce n'eſt pas une

392 3951 3019 165 petite difficulté de ſçavoir ce que c'eſt que cette unité d’action, &

405 4071 3009 165 jusques où peut s’étendre cette unité de jour, & de lieu. Il faut que

409 4191 3007 163 le Poëte traite ſon Sujet ſelon le vray-ſemblable & le neceſſaire;

408 4315 3013 155 Aristote le dit, & tous ſes interpretes repetent les meſmes mots, qui

413 4425 3014 165 leur ſemblent ſi clairs & ſi intelligibles, qu'aucun d'eux n'a daigné

417 4547 3005 165 nous dire, non-plus que luy, ce que c'eſt que ce vray-ſemblable, &

420 4673 3008 157 ce neceſſaire. Beaucoup meſme ont ſi peu confideré ce dernier, qui ac¬

418 4783 3009 165 compagne toujours l’autre cheZ ce Philoſophe, horſmis une feule fois,

421 4901 3012 167 où il parle de la Comedie, qu'on en eſt venu jusqu’à établir une

421 5027 3005 167 Maxime tres-fauſſe, qu'il faut que le Sujet d'une Tragedie ſoit vray¬

426 5131 3004 177 ſemblable; appliquant ainſi aux conditions du Sujet la moitié de ce

434 5255 2997 173 qu'il a dit de la maniere de le traiter. Ce n'eſt pas qu'on ne puiſſe

423 5375 3011 169 faire une Tragedie d'un Sujet purement vray-ſemblable, il en donne

425 2328 709 833 B
