4267 6606
917 486 3041 181 pour exemple la Fleur d'Agathon, où les noms & les choſes étoient

925 606 3030 177 de pure invention, auſſi-bien qu’en la Comédie: mais les grands Su¬

926 728 3033 175 jets qui remuent fortement les paſſions, & en oppoſent l'impetuoſité

920 850 3040 159 aux loix du devoir, ou aux tendreſſes du ſang, doivent toujours aller

917 972 3029 165 au delà du vray-ſemblable, & ne trouveroient aucune croyance par¬

917 1086 3030 175 my les Auditeurs, s’ils n’étoient ſoûtenus, ou par l’authorité de

912 1208 3035 169 l’Histoire qui perſuade avec empire, ou par la préoccupation de l’opi¬

912 1326 3032 167 nion commune qui nous donne ces meſmes Auditeurs déjà tous per¬

897 1450 3051 167 ſuadez. Il n’eſt pas vray-ſemblable que Medée tuë ſes enfans, que

907 1560 3038 187 Clytemnestre aſaſſine ſon mary, qu Oreste poignarde ſa mere: mais

904 1684 3039 167 l’Histoire le dit, & la repreſentation de ces grands crimes ne trouve

890 1806 3053 169 point d’incredules. Il n'eft ny vray, ny vray-ſemblable, qu'Andro¬

899 1928 3047 161 mede exposée à un Monstre marin aye eſté garantie de ce peril par

899 2048 3039 161 un Cavalier volant, qui avait des aiſles aux pieds; mais c'eſt une

865 2168 3070 163 fiction que l’Antiquité a receuë,& comme elle l’a tranſmiſe jufqu'à

890 2288 3045 165 nous, perſonne ne s'en offenſe, quand il la voit ſur le Théatre. Il ne

882 2406 3052 163 ſeroit pas permis toutefois d’inventer ſur ces exemples. Ce que la ve¬

887 2528 3041 167 rité ou l’opinion fait accepter ſeroit rejetté, s’il n'avoit point d’autre

859 2646 3086 165 fondement qu’une reſſemblance à cette verité, ou à cette opinion. C’eſt

870 2770 3061 161 pourquoy noftre Docteur dit que les Sujets viennent de la Fortune, qui

874 2888 3051 165 fait arriuer les choſes, & non de l’Art qui les imagine. Elle eſt mai¬

877 3008 3049 167 treſſe des Evenemens, & le choix qu'elle nous donne de ceux quelle

877 3130 3049 165 nous preſente, envelope une ſecrette défenſe d’entreprendre ſur elle, &

873 3250 3048 165 d'en produire ſur la Scene qui ne ſoient pas de ſa façon. Auſſi les an¬

872 3372 3045 163 ciennes Tragedies ſe ſont arrétées autour de peu de familles, parce

864 3488 3044 173 qu’il étoit arrivé à peu de familles des choſes dignes de la Tragedie.

869 3604 3043 171 Les Siecles ſuivans nous en ont aſſeZ fourny, pour fanchir ces bor¬

865 3724 3048 177 nes, & ne marcher plus ſur les pas des Grecs; mais je ne penſe pas

866 3846 3049 173 qu’ils nous ayent donné la liberté de nom écarter de leurs Regles. Il

834 3957 3072 184 faut, s’il ſe peut, nous accommoder avec elles, & les amener jusques

861 4078 3041 175 à nous. Le retranchement que nous avons fait des Chœurs nom obli¬

839 4205 3078 176 ge à remplir nos Poëmes de plus d'Epiſodes qu’ils ne faiſoient, c'eft

856 4326 3039 169 quelque chofe de plus, mais qui ne doit pas aller au delà de leurs Ma¬

852 4448 2093 161 ximes, bien qu’il aille au delà de leur pratique.

994 4569 2904 174 Il faut donc favoir quelles ſont ces Regles, mais noſtre malheur

847 4690 3049 175 eſt, qu'Aristote & Horace après luy en ont écrit aſſeZ obscurément

833 4807 3054 176 pour avoir beſoin d’interpretes, & que ceux qui leur en ont voulu

822 4929 3059 176 ſeruir jusques icy ne les ont ſouvent expliqueZ qu'en Grammairiens,

842 5046 3036 185 ou en Philoſophes. Comme ils avoient plus d’étude & de ſpeculation,

841 5170 3033 181 que d’experience du Theatre, leur lecture nous peut rendre plus doctes,

839 5295 3029 177 mais non-pas nom donner beaucoup de lumieres fort ſeures pour y

840 5404 271 125 reüſſir.

3438 5585 423 129 Ie hazar¬

930 319 171 181 viiij

1849 302 1167 149 DISCOVRS
