4267 6735
993 347 146 152 18

1914 319 1112 197 MELITE,

990 529 2911 160 CLO. Tu l’as fait pour Eraste? TIR. Ouy, j'ay dépeint ſa flame.

986 661 2371 146 CLO. Comme tu la reſſens peut-eſtre dans ton ame?

987 779 2581 156 TIR. Tu ſcais mieux qui je ſuis, & que ma libre humeur

1173 909 2000 146 N’a de part en mes vers que celle de rimeur.

990 1029 2165 128 CLO. Pauvre frere, vois-tu, ton ſilence t'abuſe,

1179 1155 2205 152 De la langue ou des yeux, n'importe qui t’accuſe:

1175 1277 2392 152 Les tiens m’avoient bien dit malgré toy que ton cœur

1176 1403 2317 151 Soûpiroit ſous les loix de quelque objet vainqueur,

1172 1525 2022 152 Mais j'ignorois encor qui tenoit ta franchiſe,

1171 1653 1823 140 Et le nom de Melite a cauſé ma ſurpriſe,

1176 1773 2277 149 Si-toſt qu’au premier vers ton Sonnet m’a fait voir

1170 1899 2112 143 Ce que depuis huit jours je bruſlois de ſçavoir.

987 2017 2899 156 TIR. Tu crois donc que j’en tiens? CL. Fort auant. TI. Pour Melite?

986 2141 2279 149 CLO. Pour Melite, & de plus que ta flame n’excite

1177 2267 1971 116 Au cœur de cette belle aucun embraſement.

983 2389 2729 152 TIR. Qui t’en a tant appris? mon Sonnet? CLO. Iustement.

988 2513 2339 150 TIR. Et c’eſt ce qui te trompe avec tes conjectures,

1170 2637 1871 143 Et par où ta fineſſe a mal pris ſes meſures.

1165 2763 1617 138 Vn viſage jamais ne m'auroit arrété

1165 2883 2108 149 S’il falloir que l’amour fuſt tout de mon coſté.

1162 3011 1871 140 Ma rime ſeulement eſt un portrait fidelle

1161 3131 2073 147 De ce qu'Eraste ſouffre en ſervant cette belle,

1165 3255 1996 146 Mais quand je l’entretiens de mon affection

1166 3375 1629 146 I'en ay toûjours aller de ſatisfaction.

979 3499 2475 157 CLO. Montre, ſi tu dis vray, quelque peu plus de joye,

1161 3631 2099 147 Et rens-toy moins reſveur afin que je te croye.

980 3745 2333 154 TIR. Ie reſve, & mon esprit ne s’en peut exempter,

1160 3871 1758 143 Car ſi-toſt que je viens à me repreſenter

1161 3989 1995 134 Qu’une vieille amitié de mon amour s’irrite,

1166 4113 1963 150 Qu'Eraste s’en offenſe, & s'oppoſe à Melite,

1162 4243 1848 138 Tantoſt je ſuis amy, tantoſt je ſuis rival,

1157 4361 1897 155 Et toûjours balancé d’un contrepoids égal,

1158 4485 2023 150 I’ay honte de me voir inſenſible, ou perfide;

1162 4607 1942 127 Si l’amour m’enhardit, l’amitié m’intimide,

1153 4739 1875 149 Entre ces mouvemens mon esprit partagé

1157 4861 2156 150 Ne ſcait duquel des deux il doit prendre congé.

972 4977 2613 155 CLO. Voila bien des détours pour dire au bout du conte

1161 5101 2293 159 Que c’eſt contre ton gré que l’amour te ſurmonte;

1161 5225 1674 144 Tu préſumes par là me le perſuader,

1158 5349 2229 155 Mais ce n'eſt pas ainſi qu’on m’en donne à garder.

1153 5467 2485 163 A la mode du temps, quand nous ſervons quelqu’autre,

1161 5587 2112 159 C’eſt ſeulement alors qu’il n’y a rien du noſtre,
