4267 6587
1164 317 1454 135 DE CLITANDRE.

3240 317 212 131 xxxj

420 465 3029 189 & montrer que ce genre de Pieces avoit les vrayes beautez de Theatre,

396 585 3060 196 j'entrepris d’en faire une reguliere (c'eſt à dire dans ces vingt & quatre

415 705 3046 193 heures) pleine d’incidents, & d’un fille plus eſlevé, mais qui ne vau¬

419 823 3036 191 droit rien du tout; enquoy je reüſſis parfaitement. Le ſtile en eſt verita¬

424 945 3046 197 blement plus fort que celuy de l’autre, mais c'eſt tout ce qu’on y peut

426 1067 3038 193 trouver de ſupportable. Il eſt meſlé de pointes, comme dans cette pre¬

431 1187 3040 191 miers, mais ce n'étoit pas alors un ſi grand vice dans le choix des pen¬

432 1309 3038 199 sées, que la Scene en dûſt eſtre entierement purgée. Pour la constitution,

432 1429 3050 203 elle eſt ſi deſordonnée, que vous avez de la peine à deviner qui ſont

431 1549 3056 201 les premiers Acteurs. Roſidor & Caliste ſont ceux qui le paroiſſent le

431 1671 3054 201 plus par l’avantage de leur caractere, & de leur amour mutuel; mais

442 1793 3048 195 leur action finit dès le premier Acte avec leur peril, & ce qu’ils diſent

443 1917 3041 189 au troiſiéme & au cinquiéme ne fait que montrer leurs viſages, atten¬

445 2033 3054 205 dant que les autres achevent. Pymante & Doriſe y ont le plus grand

448 2153 3048 199 employ, mais ce ne ſont que deux criminels, qui cherchent à éviter la

440 2277 3052 199 punition de leurs crimes, & dont meſme le premier en attente de plus

439 2399 3060 201 grands, pour mettre à couvert les autres. Clitandre, autour de qui ſem¬

457 2520 3050 192 ble tourner le nœud de la Piece, puisque les premieres actions vont à le

440 2643 3068 197 faire coupable, & les dernieres a le justifier, n'en peut eſtre qu’un Heros

457 2766 3054 190 bien ennuyeux, qui n’eſt introduit que pour déclamer en priſon, & ne

453 2884 3066 198 parle pas meſme a cette Maîtreſſe, dont les dédains ſervent de couleur

466 3006 3048 194 à le faire paſſer pour criminel. Tout le cinquiéme Acte languit comme

471 3128 3046 196 celuy de Melite après la concluſion des Epiſodes, & n’a rien de ſurpre¬

475 3250 3044 191 nant, puisque dès le quatriéme on devine tout ce qui doit y arriuer,

472 3370 3048 194 horſmis le mariage de Clitandre avec Doriſe qui eſt encor plus étrange

474 3509 2262 175 que celuy d’Eraste, & dont on n'a garde de ſe défier.

615 3608 2916 195 Le Roy & le Prince ſon fils y paroiſſent dans un employ fort au deſ¬

461 3734 3066 192 ſous de leur dignité. L’un n'y eſt que comme juge, & l’autre comme con¬

462 3856 3070 188 fident de ſon favory. Ce defaut n'a pas accoûtumé de paſſer pour defaut,

489 3974 3052 191 auſſi n'eſt-ce qu’un ſentiment particulier dont je me fais une Regle, qui

483 4105 2532 180 peut-eſtre ne ſemblera pas déraiſonnable, bien que nouvelle.

630 4216 2914 186 Pour m'expliquer, je dis qu’un Roy, un heritier de la Couronne, un

500 4338 3046 185 Gouverneur de Province, & generalement un homme d’authorité, peut

487 4458 3058 191 paroiſtre ſur le Theatre en trois façons: comme Roy, comme homme,

506 4578 3040 195 & comme Iuge; quelquefois avec deux de ces qualiteZ quelquefois

504 4698 3052 197 avec toutes les trois enſemble. Il paroiſt comme Roy ſeulement, quand

509 4818 3040 191 il n'a intereſt qu’à la conſervation de ſon Troſne, ou de ſa vie qu’on at¬

513 4938 3032 193 taque pour changer l'Etat, ſans avoir l’esprit agité d'aucune paſſion par¬

518 5058 3032 191 ticuliere; & c'eſt ainſi qu'Auguste agit dans Cinna, & Phocas dans

518 5176 3032 197 Heraclius. Il paroiſt comme homme ſeulement, quand il n'a que l'inte¬

523 5298 3030 193 reſt d'une paſſion à ſuivre, ou à vaincre, ſans aucun peril pour ſon Etat;

535 5416 3020 195 & tel eſt Grimoald dans les trois premiers Actes de Pertharite, & les
