4267 6763
1014 400 141 197 80

1809 411 1375 158 CLITANDRE,

1202 591 2015 148 Non-pas que je ſoûpire après une vangeance,

1203 719 2181 145 Qui ne peut me donner qu’une fauſſe allegeance,

1198 845 2291 134 Le Prince aime Clitandre, & mon respect conſent

1207 971 1741 126 Que son affection le declare innocent:

1198 1089 1863 143 Mais ſi quelque pitié d’une telle infortune

1197 1217 2217 136 Peut ſouffrir aujourd’huy que je vous importune,

1198 1341 1979 144 Oſtant par un Hymen l’espoir à mes rivaux,

1201 1465 1851 121 Sire, vous taririez la source de nos maux.

1014 1587 2189 144 ALC. Tu fuis à te vanger, l’objet de ta Maîtreſſe

1198 1715 2142 141 Fait qu’un tel deſir cede à l’amour qui te preſſe:

1203 1837 2009 138 Auſſi n’eſt-ce qu’à moy de punir ces forfaits,

1194 1959 1925 136 Et de montrer à tous par de puiſſans effets

1199 2085 2313 140 Qu'attaquer Roſidor c’eſt ſe prendre à moy-meſme,

1192 2209 2161 141 Tant je veux que chacun respecte ce que j'aime,

1193 2335 2005 140 Ie le feray bien voir. Quand ce perfide tour

1198 2459 2083 139 Auroit eu pour objet le moindre de ma Cour,

1191 2585 2039 136 Ie devrois au Public par un honteux ſupplice

1192 2707 1751 130 De telles trahiſons l’exemplaire justice.

1190 2831 2052 134 Mais Roſidor ſurpris, & bleſſé comme il l’eſt.

1189 2955 2326 142 Au devoir d’un vray Roy joint mon propre intereſt.

1180 3079 1865 137 Ie luy feray ſentir, à ce traiſtre Clitandre,

1185 3203 2539 144 Quelque part que le Prince y puiſſe, ou vueille prendre,

1180 3329 1705 132 Combien mal à propos ſa folle vanité

1183 3453 1871 135 Croyoit dans ſa faveur trouver l’impunité,

1180 3573 1861 137 Ie tiens cét aſſaſſin, un ſoupçon veritable,

1179 3697 2275 140 Que m’ont donné les corps d’un couple detestable,

1177 3821 2070 117 De ſon laſche attentat m’avoit ſi bien instruit,

1176 3943 1876 139 Que déja dans les fers il en reçoit le fruit.

1303 4068 1904 137 Toy qu’avec Roſidor le bonheur a ſauvée.

1176 4193 1821 135 Tu te peux aſſeurer que Doriſe trouvée,

1171 4317 2425 123 Comme ils avoient choiſi meſme heure à voſtre mort,

1168 4441 2255 114 En meſme heure tous deux auront un meſme ſort.

991 4561 1993 139 CAL. Sire, ne ſongez pas à cette miſerable,

1168 4685 1731 138 Roſidor garanty me rend ſa redevable,

1167 4811 1921 141 Et je me ſens forcée à luy vouloir du bien,

1167 4933 1856 115 D’avoir à voſtre Etat conſervé ce ſoûtien.

981 5055 2195 150 ALC. Le genereux orgueil des âmes magnanimes

1163 5183 2132 141 Par un noble dédain ſçait pardonner les crimes:

1168 5305 2265 142 Mais voſtre aspect m’emporte à d’autres ſentimens,

1159 5425 2023 134 Dont je ne puis cacher les justes mouuemens;

1162 5549 2099 151 Ce teint paſle à tous deux me rougit de colere,

1159 5669 2145 155 Et vouloir m'adoucir, c’eſt vouloir me déplaire.

3636 5759 247 248 ROS.
