4267 6620
806 358 268 126 xxviij

1272 1358 2076 231 EXAMEN

791 1709 3036 149 DES POEMES CONTENVS

1642 1961 1328 100 en cette Premiere Partie.

1793 2345 996 104 MELITE.

1639 2589 2190 130 ETTE Piece fut mon coup d’eſſay, & elle n'a

1617 2713 2208 132 garde d’eſtre dans les Regles; puisque je ne ſçavois

1617 2835 2208 130 pas alors qu’il y en euſt. Ie n'avois pour guide qu'un

1616 2959 2213 124 peu de ſens commun, avec les exemples de feu Mr

1620 3079 2204 128 Hardy, dont la veine étoit plus feconde que polie,

1630 3199 2196 136 & de quelques Modernes, qui commençoient à ſe

833 2612 712 841 C

1610 3311 2202 140 produire, & n'étoient pas plus Reguliers que luy.

764 3446 3060 129 Le ſucceZ en fut ſurprenant. Il établit une nouvelle troupe de Come¬

759 3566 3065 133 diens à Paris, malgré le merite de celle qui étoit en poſſeſſion de s’y voir

759 3686 3056 131 l'unique; il égala tout ce qui s’étoit fait de plus beau jusques alors, &

759 3808 3058 131 me fit connoiſtre a la Cour. Ce ſens commun, qui étoit toute ma Regle,

761 3930 3056 129 m'avoit fait trouver l'unité d’action pour broüiller quatre Amans par un

739 4048 3072 137 ſeul intrique, & m'avoit donné aſſez, d’averſion de cet horrible déregle¬

759 4154 3056 147 ment qui mettoit Paris, Rome, & Constantinople ſur le meſme Thea¬

760 4294 2005 121 tre, pour reduire le mien dans une ſeule Ville.

892 4416 2920 135 La nouveauté de ce genre de Comedie, dont il n’y a point d’exemple

754 4534 3056 133 en aucune Langue, & le ſtile naïf, qui faiſoit une peinture de la con¬

754 4658 3054 129 verſation des honneſtes gens, furent ſans doute cauſe de ce bonheur ſur¬

750 4778 3056 129 prenant, qui fit alors tant de bruit. On n’avoit jamais veu jusques-là

751 4892 3053 147 que la Comedie fiſt rire ſans Perſonnages ridicules, tels que les valets

749 5006 3062 147 boufons, les Paraſites, les Capitans, les Docteurs, &c. Celle-cy faiſoit

729 5138 3074 135 ſon effet par l’humeur enjoüée de gens d’une condition au deſſus de ceux

751 5262 3048 136 qu'on voit dans les Comedies de Plaute & de Terence, qui n'étoient que

751 5380 3040 138 des Marchands. Avec tout cela, j’avouë que l’Auditeur fut bien fa¬

751 5500 3048 124 cile à donner ſon approbation à une Piece, dont le nœud n'avoit aucune
