<?xml version="1.0" encoding="UTF-8"?>
<alto xmlns:xsi="http://www.w3.org/2001/XMLSchema-instance"
      xmlns="http://www.loc.gov/standards/alto/ns-v4#"
      xsi:schemaLocation="http://www.loc.gov/standards/alto/ns-v4# https://gitlab.inria.fr/scripta/escriptorium/-/raw/develop/app/escriptorium/static/alto-4-1-baselines.xsd">
  <Description>
    <MeasurementUnit>pixel</MeasurementUnit>
    <sourceImageInformation>
      <fileName>Corneille1664_Theatre_bpt6k10403751_corrected_0013.png</fileName>
    </sourceImageInformation>
  </Description>
  
  <Tags>
    <OtherTag ID="BT1" LABEL="Title" DESCRIPTION="block type Title"/><OtherTag ID="BT2" LABEL="Main" DESCRIPTION="block type Main"/><OtherTag ID="BT169" LABEL="Damage" DESCRIPTION="block type Damage"/><OtherTag ID="BT170" LABEL="Decoration" DESCRIPTION="block type Decoration"/><OtherTag ID="BT171" LABEL="DropCapital" DESCRIPTION="block type DropCapital"/><OtherTag ID="BT172" LABEL="Figure" DESCRIPTION="block type Figure"/><OtherTag ID="BT173" LABEL="Margin" DESCRIPTION="block type Margin"/><OtherTag ID="BT174" LABEL="MusicNotation" DESCRIPTION="block type MusicNotation"/><OtherTag ID="BT175" LABEL="Numbering" DESCRIPTION="block type Numbering"/><OtherTag ID="BT176" LABEL="RunningTitle" DESCRIPTION="block type RunningTitle"/><OtherTag ID="BT177" LABEL="Seal" DESCRIPTION="block type Seal"/><OtherTag ID="BT178" LABEL="Signatures" DESCRIPTION="block type Signatures"/><OtherTag ID="BT179" LABEL="Stamp" DESCRIPTION="block type Stamp"/><OtherTag ID="BT180" LABEL="Table" DESCRIPTION="block type Table"/>
    <OtherTag ID="LT75" LABEL="Default" DESCRIPTION="line type Default"/><OtherTag ID="LT76" LABEL="DropCapitalLine" DESCRIPTION="line type DropCapitalLine"/><OtherTag ID="LT77" LABEL="Interlinear" DESCRIPTION="line type Interlinear"/><OtherTag ID="LT78" LABEL="MusicLine" DESCRIPTION="line type MusicLine"/><OtherTag ID="LT79" LABEL="Rubric" DESCRIPTION="line type Rubric"/>
  </Tags>
  
  <Layout>
    <Page WIDTH="4267"
          HEIGHT="6527"
          PHYSICAL_IMG_NR="2"
          ID="eSc_dummypage_">
      <PrintSpace HPOS="0"
                  VPOS="0"
                  WIDTH="4267"
                  HEIGHT="6527">
        
        <TextBlock HPOS="3140"
                   VPOS="290"
                   WIDTH="126"
                   HEIGHT="127"
                   ID="region_1541691835779_229"
                   TAGREFS="BT175">
          <Shape><Polygon POINTS="3143 290 3140 417 3265 417 3266 291"/></Shape>
          
          
          <TextLine ID="line_1541691835999_232"
                    TAGREFS="LT75"
                    BASELINE="3140 411 3265 412" 
                    HPOS="3142"
                    VPOS="289"
                    WIDTH="126"
                    HEIGHT="130">
            <Shape><Polygon POINTS="3143 289 3268 290 3267 419 3142 418"/></Shape>
	    <String CONTENT="iij"
                    HPOS="3142"
                    VPOS="289"
                    WIDTH="126"
                    HEIGHT="130"></String>
          </TextLine>

          
        </TextBlock>
        
        <TextBlock HPOS="2728"
                   VPOS="5500"
                   WIDTH="174"
                   HEIGHT="117"
                   ID="region_1541691527740_183"
                   TAGREFS="BT178">
          <Shape><Polygon POINTS="2729 5500 2728 5617 2901 5617 2902 5500"/></Shape>
          
          
          <TextLine ID="line_1541691527994_186"
                    TAGREFS="LT75"
                    BASELINE="2728 5612 2901 5612" 
                    HPOS="2729"
                    VPOS="5498"
                    WIDTH="173"
                    HEIGHT="118">
            <Shape><Polygon POINTS="2729 5498 2902 5498 2902 5616 2729 5616"/></Shape>
	    <String CONTENT="ã ij"
                    HPOS="2729"
                    VPOS="5498"
                    WIDTH="173"
                    HEIGHT="118"></String>
          </TextLine>

          
        </TextBlock>
        
        <TextBlock HPOS="438"
                   VPOS="1011"
                   WIDTH="585"
                   HEIGHT="624"
                   ID="eSc_textblock_a97fb6f0"
                   TAGREFS="BT171">
          <Shape><Polygon POINTS="438 1011 438 1635 1023 1616 994 1011"/></Shape>
          
        </TextBlock>
        
        <TextBlock HPOS="399"
                   VPOS="495"
                   WIDTH="3049"
                   HEIGHT="5066"
                   ID="eSc_textblock_b63d71d4"
                   TAGREFS="BT2">
          <Shape><Polygon POINTS="399 592 506 5561 3448 5425 3312 495"/></Shape>
          
          
          <TextLine ID="tl_1"
                    TAGREFS="LT75"
                    BASELINE="679 869 1163 864 3003 817" 
                    HPOS="678"
                    VPOS="580"
                    WIDTH="2325"
                    HEIGHT="289">
            <Shape><Polygon POINTS="678 580 3003 580 3003 869 678 869"/></Shape>
	    <String CONTENT="AV LECTEVR"
                    HPOS="678"
                    VPOS="580"
                    WIDTH="2325"
                    HEIGHT="289"></String>
          </TextLine>

          
          
          <TextLine ID="tl_2"
                    TAGREFS="LT76"
                    BASELINE="1018 1081 1149 1081 1391 1072 1817 1063 2369 1047 2679 1042 2833 1039 3135 1035 3275 1036" 
                    HPOS="1017"
                    VPOS="945"
                    WIDTH="2258"
                    HEIGHT="138">
            <Shape><Polygon POINTS="1017 945 3275 945 3275 1083 1017 1083"/></Shape>
	    <String CONTENT="ES deux Volumes contiennent autant de Pièces de"
                    HPOS="1017"
                    VPOS="945"
                    WIDTH="2258"
                    HEIGHT="138"></String>
          </TextLine>

          
          
          <TextLine ID="tl_3"
                    TAGREFS="LT75"
                    BASELINE="1020 1201 1350 1193 1536 1191 1690 1188 1917 1179 2110 1179 2347 1166 2581 1163 2819 1158 3283 1154" 
                    HPOS="1020"
                    VPOS="1067"
                    WIDTH="2264"
                    HEIGHT="164">
            <Shape><Polygon POINTS="1020 1067 3284 1067 3284 1231 1020 1231"/></Shape>
	    <String CONTENT="Theatre que les trois que vous auez veus cy-deuant"
                    HPOS="1020"
                    VPOS="1067"
                    WIDTH="2264"
                    HEIGHT="164"></String>
          </TextLine>

          
          
          <TextLine ID="tl_4"
                    TAGREFS="LT75"
                    BASELINE="1019 1319 1426 1312 1578 1308 1992 1293 2250 1290 2514 1290 2844 1277 2956 1277 3284 1276" 
                    HPOS="1018"
                    VPOS="1185"
                    WIDTH="2267"
                    HEIGHT="168">
            <Shape><Polygon POINTS="1018 1185 3285 1185 3285 1353 1018 1353"/></Shape>
	    <String CONTENT="imprimez in Octauo. Ils ſont réglez à douze"
                    HPOS="1018"
                    VPOS="1185"
                    WIDTH="2267"
                    HEIGHT="168"></String>
          </TextLine>

          
          
          <TextLine ID="tl_5"
                    TAGREFS="LT75"
                    BASELINE="1020 1443 1361 1443 1469 1430 1621 1425 1907 1421 1979 1418 2210 1408 2650 1403 2760 1401 3286 1396" 
                    HPOS="1019"
                    VPOS="1303"
                    WIDTH="2268"
                    HEIGHT="166">
            <Shape><Polygon POINTS="1019 1303 3287 1303 3287 1469 1019 1469"/></Shape>
	    <String CONTENT="chacun, &amp; les autres à huit. Sertorius &amp; Sophonisbe"
                    HPOS="1019"
                    VPOS="1303"
                    WIDTH="2268"
                    HEIGHT="166"></String>
          </TextLine>

          
          
          <TextLine ID="eSc_line_23e21c5c"
                    TAGREFS="LT76"
                    BASELINE="487 1528 1013 1518" 
                    HPOS="484"
                    VPOS="979"
                    WIDTH="528"
                    HEIGHT="603">
            <Shape><Polygon POINTS="484 1522 484 989 990 979 1012 1517 995 1582 489 1582"/></Shape>
	    <String CONTENT="C"
                    HPOS="484"
                    VPOS="979"
                    WIDTH="528"
                    HEIGHT="603"></String>
          </TextLine>

          
          
          <TextLine ID="tl_6"
                    TAGREFS="LT75"
                    BASELINE="1018 1563 1119 1562 1187 1556 1258 1591 1693 1546 1995 1549 2215 1532 2362 1562 2479 1529 2637 1524 2853 1519 3079 1514 3291 1516" 
                    HPOS="1017"
                    VPOS="1421"
                    WIDTH="2275"
                    HEIGHT="174">
            <Shape><Polygon POINTS="1017 1421 3292 1421 3292 1595 1017 1595"/></Shape>
	    <String CONTENT="ne s&#39;y joindront point, qu’il n’y en aye aſſez pour faire"
                    HPOS="1017"
                    VPOS="1421"
                    WIDTH="2275"
                    HEIGHT="174"></String>
          </TextLine>

          
          
          <TextLine ID="tl_7"
                    TAGREFS="LT75"
                    BASELINE="459 1701 562 1698 984 1685 1108 1680 1350 1675 1876 1671 2020 1655 2148 1654 2616 1648 2742 1647 3061 1634 3291 1614" 
                    HPOS="458"
                    VPOS="1545"
                    WIDTH="2834"
                    HEIGHT="180">
            <Shape><Polygon POINTS="458 1545 3292 1545 3292 1725 458 1725"/></Shape>
	    <String CONTENT="vn troiſiéme de cette Impreſſion, ou vn quatriéme de l’autre. Ce¬"
                    HPOS="458"
                    VPOS="1545"
                    WIDTH="2834"
                    HEIGHT="180"></String>
          </TextLine>

          
          
          <TextLine ID="tl_8"
                    TAGREFS="LT75"
                    BASELINE="462 1851 799 1809 1137 1804 1223 1800 1340 1795 1562 1790 1838 1783 1956 1778 2319 1803 2496 1771 2726 1766 2880 1760 3096 1754 3292 1728" 
                    HPOS="461"
                    VPOS="1665"
                    WIDTH="2832"
                    HEIGHT="186">
            <Shape><Polygon POINTS="461 1665 3293 1665 3293 1851 461 1851"/></Shape>
	    <String CONTENT="pendant comme il ne peut entrer en celle-cy que deux des trois Diſ¬"
                    HPOS="461"
                    VPOS="1665"
                    WIDTH="2832"
                    HEIGHT="186"></String>
          </TextLine>

          
          
          <TextLine ID="tl_9"
                    TAGREFS="LT75"
                    BASELINE="464 1939 691 1931 859 1925 1043 1924 1304 1948 1427 1914 1813 1905 1889 1906 1995 1901 2487 1889 2543 1901 2689 1885 2887 1880 3113 1875 3295 1872" 
                    HPOS="463"
                    VPOS="1785"
                    WIDTH="2832"
                    HEIGHT="182">
            <Shape><Polygon POINTS="463 1785 3295 1785 3295 1967 463 1967"/></Shape>
	    <String CONTENT="cours qui ont ſeruy de Prefaces à la précedente, &amp; que dans ces"
                    HPOS="463"
                    VPOS="1785"
                    WIDTH="2832"
                    HEIGHT="182"></String>
          </TextLine>

          
          
          <TextLine ID="tl_10"
                    TAGREFS="LT75"
                    BASELINE="465 2059 652 2050 1098 2050 1278 2071 1580 2028 2085 2015 2245 2016 2543 2008 2951 1999 3095 1996 3299 1994" 
                    HPOS="464"
                    VPOS="1907"
                    WIDTH="2836"
                    HEIGHT="180">
            <Shape><Polygon POINTS="464 1907 3300 1907 3300 2087 464 2087"/></Shape>
	    <String CONTENT="trois Diſcours, j’ay taſché d’expliquer ma penſée touchant les plus"
                    HPOS="464"
                    VPOS="1907"
                    WIDTH="2836"
                    HEIGHT="180"></String>
          </TextLine>

          
          
          <TextLine ID="tl_11"
                    TAGREFS="LT75"
                    BASELINE="467 2177 838 2166 954 2166 1112 2160 1324 2156 1880 2144 2304 2131 2434 2130 2670 2127 3134 2127 3302 2113" 
                    HPOS="467"
                    VPOS="2027"
                    WIDTH="2835"
                    HEIGHT="178">
            <Shape><Polygon POINTS="467 2027 3302 2027 3302 2205 467 2205"/></Shape>
	    <String CONTENT="curieuſes &amp; les plus importantes queſtions de l’Art Poëtique, cet"
                    HPOS="467"
                    VPOS="2027"
                    WIDTH="2835"
                    HEIGHT="178"></String>
          </TextLine>

          
          
          <TextLine ID="tl_12"
                    TAGREFS="LT75"
                    BASELINE="471 2297 839 2284 967 2284 1167 2279 1613 2268 2175 2258 2604 2246 2667 2255 2780 2242 2964 2237 3304 2212" 
                    HPOS="471"
                    VPOS="2145"
                    WIDTH="2834"
                    HEIGHT="182">
            <Shape><Polygon POINTS="471 2145 3305 2145 3305 2327 471 2327"/></Shape>
	    <String CONTENT="Ouurage de mes reflexions demeureroit imparfait, ſi j’en retran¬"
                    HPOS="471"
                    VPOS="2145"
                    WIDTH="2834"
                    HEIGHT="182"></String>
          </TextLine>

          
          
          <TextLine ID="tl_13"
                    TAGREFS="LT75"
                    BASELINE="476 2417 691 2411 797 2407 1239 2397 1433 2395 1635 2390 1757 2387 1927 2381 2089 2382 2263 2374 2497 2369 2599 2369 2939 2359 3075 2357 3309 2352" 
                    HPOS="476"
                    VPOS="2267"
                    WIDTH="2834"
                    HEIGHT="178">
            <Shape><Polygon POINTS="476 2267 3310 2267 3310 2445 476 2445"/></Shape>
	    <String CONTENT="chois le troiſiéme. Et c’est ce qui me fait vous le donner en fuite"
                    HPOS="476"
                    VPOS="2267"
                    WIDTH="2834"
                    HEIGHT="178"></String>
          </TextLine>

          
          
          <TextLine ID="tl_14"
                    TAGREFS="LT75"
                    BASELINE="474 2535 580 2534 890 2525 1324 2526 1766 2504 2046 2501 2158 2498 2446 2492 2832 2484 2973 2481 3307 2471" 
                    HPOS="474"
                    VPOS="2385"
                    WIDTH="2834"
                    HEIGHT="178">
            <Shape><Polygon POINTS="474 2385 3308 2385 3308 2563 474 2563"/></Shape>
	    <String CONTENT="du ſecond Volume, attendant qu’on le puiſſe reporter au deuant"
                    HPOS="474"
                    VPOS="2385"
                    WIDTH="2834"
                    HEIGHT="178"></String>
          </TextLine>

          
          
          <TextLine ID="tl_15"
                    TAGREFS="LT75"
                    BASELINE="479 2657 577 2658 819 2683 971 2645 1073 2645 1393 2644 1682 2629 1888 2624 2194 2619 2404 2617 2806 2602" 
                    HPOS="479"
                    VPOS="2518"
                    WIDTH="2328"
                    HEIGHT="171">
            <Shape><Polygon POINTS="479 2518 2807 2518 2807 2689 479 2689"/></Shape>
	    <String CONTENT="de celuy qui le ſuiura, ſi-toſt qu’il pourra eſtre complet."
                    HPOS="479"
                    VPOS="2518"
                    WIDTH="2328"
                    HEIGHT="171"></String>
          </TextLine>

          
          
          <TextLine ID="tl_16"
                    TAGREFS="LT75"
                    BASELINE="599 2773 825 2768 1285 2759 1689 2746 1979 2744 2417 2735 2615 2729 3168 2712 3317 2714" 
                    HPOS="599"
                    VPOS="2627"
                    WIDTH="2718"
                    HEIGHT="180">
            <Shape><Polygon POINTS="599 2627 3317 2627 3317 2807 599 2807"/></Shape>
	    <String CONTENT="Vous trouuerez quelque chose d&#39;étrange aux innouations en"
                    HPOS="599"
                    VPOS="2627"
                    WIDTH="2718"
                    HEIGHT="180"></String>
          </TextLine>

          
          
          <TextLine ID="tl_17"
                    TAGREFS="LT75"
                    BASELINE="482 2899 1030 2884 1222 2880 1388 2909 1833 2865 2030 2871 2153 2858 2267 2858 2515 2853 2743 2846 2977 2841 3109 2838 3317 2807" 
                    HPOS="482"
                    VPOS="2747"
                    WIDTH="2836"
                    HEIGHT="184">
            <Shape><Polygon POINTS="482 2747 3318 2747 3318 2931 482 2931"/></Shape>
	    <String CONTENT="l’Ortographe que j’ay hazardées icy, &amp; ie veux bien vous en ren¬"
                    HPOS="482"
                    VPOS="2747"
                    WIDTH="2836"
                    HEIGHT="184"></String>
          </TextLine>

          
          
          <TextLine ID="tl_18"
                    TAGREFS="LT75"
                    BASELINE="483 3019 622 3015 932 3002 1336 2998 1468 2995 1758 2991 2114 2985 2258 2977 2348 2978 2688 2969 2790 2964 3138 2956 3322 2951" 
                    HPOS="482"
                    VPOS="2865"
                    WIDTH="2840"
                    HEIGHT="184">
            <Shape><Polygon POINTS="482 2865 3322 2865 3322 3049 482 3049"/></Shape>
	    <String CONTENT="dre raifon. L’vſage de noſtre Langue eſt à présent ſi épandu par"
                    HPOS="482"
                    VPOS="2865"
                    WIDTH="2840"
                    HEIGHT="184"></String>
          </TextLine>

          
          
          <TextLine ID="tl_19"
                    TAGREFS="LT75"
                    BASELINE="490 3137 711 3133 1165 3131 1873 3104 2102 3099 2233 3101 2543 3100 2836 3084 2923 3112 3134 3079 3324 3070" 
                    HPOS="489"
                    VPOS="2987"
                    WIDTH="2836"
                    HEIGHT="180">
            <Shape><Polygon POINTS="489 2987 3325 2987 3325 3167 489 3167"/></Shape>
	    <String CONTENT="toute l’Europe, principalement vers le Nord, qu’on y voit peu"
                    HPOS="489"
                    VPOS="2987"
                    WIDTH="2836"
                    HEIGHT="180"></String>
          </TextLine>

          
          
          <TextLine ID="tl_20"
                    TAGREFS="LT75"
                    BASELINE="488 3257 805 3249 945 3246 1123 3244 1251 3240 1435 3235 1783 3228 1834 3245 2041 3223 2169 3222 2335 3214 2521 3215 2689 3207 2973 3203 3189 3194 3329 3193" 
                    HPOS="488"
                    VPOS="3107"
                    WIDTH="2842"
                    HEIGHT="182">
            <Shape><Polygon POINTS="488 3107 3330 3107 3330 3289 488 3289"/></Shape>
	    <String CONTENT="d&#39;Eſtats où elle ne ſoie connuë; c’eſt ce qui m’a fait croire qu&#39;il ne"
                    HPOS="488"
                    VPOS="3107"
                    WIDTH="2842"
                    HEIGHT="182"></String>
          </TextLine>

          
          
          <TextLine ID="tl_21"
                    TAGREFS="LT75"
                    BASELINE="492 3375 724 3373 890 3367 1082 3363 1154 3364 1486 3355 1688 3351 2060 3344 2164 3342 2815 3326 2997 3320 3329 3291" 
                    HPOS="492"
                    VPOS="3215"
                    WIDTH="2838"
                    HEIGHT="192">
            <Shape><Polygon POINTS="492 3215 3330 3215 3330 3407 492 3407"/></Shape>
	    <String CONTENT="ſeroit pas mal à propos d’en faciliter la prononciation aux Eſtran¬"
                    HPOS="492"
                    VPOS="3215"
                    WIDTH="2838"
                    HEIGHT="192"></String>
          </TextLine>

          
          
          <TextLine ID="tl_22"
                    TAGREFS="LT75"
                    BASELINE="493 3529 707 3499 876 3487 1009 3515 1410 3478 1770 3470 2314 3457 2472 3456 2604 3449 2880 3443 3080 3437 3210 3432 3333 3411" 
                    HPOS="493"
                    VPOS="3344"
                    WIDTH="2842"
                    HEIGHT="187">
            <Shape><Polygon POINTS="493 3344 3335 3344 3335 3531 493 3531"/></Shape>
	    <String CONTENT="gers, qui s’y trouuent forment embarraſſez par les diuers ſons qu&#39;el¬"
                    HPOS="493"
                    VPOS="3344"
                    WIDTH="2842"
                    HEIGHT="187"></String>
          </TextLine>

          
          
          <TextLine ID="tl_23"
                    TAGREFS="LT75"
                    BASELINE="499 3615 575 3614 873 3610 1397 3596 1573 3593 1937 3581 2253 3572 2505 3567 3032 3556 3338 3547" 
                    HPOS="499"
                    VPOS="3466"
                    WIDTH="2840"
                    HEIGHT="181">
            <Shape><Polygon POINTS="499 3466 3339 3466 3339 3647 499 3647"/></Shape>
	    <String CONTENT="le donne quelquefois aux meſmes lettres. Les Hollandois m’ont"
                    HPOS="499"
                    VPOS="3466"
                    WIDTH="2840"
                    HEIGHT="181"></String>
          </TextLine>

          
          
          <TextLine ID="tl_24"
                    TAGREFS="LT75"
                    BASELINE="504 3733 712 3733 818 3729 1206 3724 1335 3717 1627 3712 2077 3698 2151 3699 2234 3729 2539 3686 3023 3674 3203 3668 3339 3669" 
                    HPOS="504"
                    VPOS="3582"
                    WIDTH="2836"
                    HEIGHT="183">
            <Shape><Polygon POINTS="504 3582 3340 3582 3340 3765 504 3765"/></Shape>
	    <String CONTENT="frayé le chemin, &amp; donné ouuerture à y mettre diſtinction par de"
                    HPOS="504"
                    VPOS="3582"
                    WIDTH="2836"
                    HEIGHT="183"></String>
          </TextLine>

          
          
          <TextLine ID="tl_25"
                    TAGREFS="LT75"
                    BASELINE="508 3853 904 3845 1438 3843 1620 3828 2038 3851 2220 3815 2766 3801 2944 3797 3339 3787" 
                    HPOS="508"
                    VPOS="3700"
                    WIDTH="2832"
                    HEIGHT="187">
            <Shape><Polygon POINTS="508 3700 3340 3700 3340 3887 508 3887"/></Shape>
	    <String CONTENT="differents Caracteres, que juſqu’icy nos Imprimeurs ont employé"
                    HPOS="508"
                    VPOS="3700"
                    WIDTH="2832"
                    HEIGHT="187"></String>
          </TextLine>

          
          
          <TextLine ID="tl_26"
                    TAGREFS="LT75"
                    BASELINE="511 3975 1195 3955 1405 3954 1583 3951 1876 3941 2004 3942 2106 3937 2236 3933 2344 3936 2466 3930 2880 3919 3190 3912 3342 3907" 
                    HPOS="511"
                    VPOS="3822"
                    WIDTH="2832"
                    HEIGHT="179">
            <Shape><Polygon POINTS="511 3822 3343 3822 3343 4001 511 4001"/></Shape>
	    <String CONTENT="indifferemment. Ils ont feparé les i &amp; les u conſones d’auec les"
                    HPOS="511"
                    VPOS="3822"
                    WIDTH="2832"
                    HEIGHT="179"></String>
          </TextLine>

          
          
          <TextLine ID="tl_27"
                    TAGREFS="LT75"
                    BASELINE="518 4091 551 4091 673 4090 787 4090 911 4085 1319 4086 1459 4072 1587 4069 1923 4059 2357 4052 2463 4052 2597 4047 2769 4039 2905 4043 3101 4042 3347 4025" 
                    HPOS="517"
                    VPOS="3940"
                    WIDTH="2830"
                    HEIGHT="187">
            <Shape><Polygon POINTS="517 3940 3347 3940 3347 4127 517 4127"/></Shape>
	    <String CONTENT="i &amp; les u voyelles, en ſe ſeruant touſiours de l&#39;j &amp; de l&#39;v pour"
                    HPOS="517"
                    VPOS="3940"
                    WIDTH="2830"
                    HEIGHT="187"></String>
          </TextLine>

          
          
          <TextLine ID="tl_28"
                    TAGREFS="LT75"
                    BASELINE="518 4213 626 4209 1128 4208 1256 4196 1516 4188 1690 4189 1812 4184 1957 4179 2263 4174 2425 4171 2739 4162 2797 4170 2997 4154 3277 4145 3351 4145" 
                    HPOS="518"
                    VPOS="4062"
                    WIDTH="2834"
                    HEIGHT="181">
            <Shape><Polygon POINTS="518 4062 3352 4062 3352 4243 518 4243"/></Shape>
	    <String CONTENT="les premieres, &amp; laissant l&#39;i &amp; l&#39;u pour les autres, qui juſqu&#39;à"
                    HPOS="518"
                    VPOS="4062"
                    WIDTH="2834"
                    HEIGHT="181"></String>
          </TextLine>

          
          
          <TextLine ID="tl_29"
                    TAGREFS="LT75"
                    BASELINE="523 4333 648 4329 1012 4321 1298 4315 1658 4307 1846 4303 2382 4285 2688 4281 2824 4280 3345 4239" 
                    HPOS="522"
                    VPOS="4180"
                    WIDTH="2824"
                    HEIGHT="181">
            <Shape><Polygon POINTS="522 4180 3346 4180 3346 4361 522 4361"/></Shape>
	    <String CONTENT="ces derniers temps auoient eſté confondus. Ainfi la prononcia¬"
                    HPOS="522"
                    VPOS="4180"
                    WIDTH="2824"
                    HEIGHT="181"></String>
          </TextLine>

          
          
          <TextLine ID="tl_30"
                    TAGREFS="LT75"
                    BASELINE="528 4451 703 4448 847 4443 1009 4439 1259 4434 1565 4427 1707 4426 1937 4417 2165 4416 2625 4416 2854 4396 2998 4393 3346 4357" 
                    HPOS="527"
                    VPOS="4300"
                    WIDTH="2820"
                    HEIGHT="177">
            <Shape><Polygon POINTS="527 4300 3347 4300 3347 4477 527 4477"/></Shape>
	    <String CONTENT="tion de ces deux lettres ne peut eſtre douteuſe, dans les impreſ¬"
                    HPOS="527"
                    VPOS="4300"
                    WIDTH="2820"
                    HEIGHT="177"></String>
          </TextLine>

          
          
          <TextLine ID="tl_31"
                    TAGREFS="LT75"
                    BASELINE="528 4571 733 4565 889 4562 1081 4558 1353 4554 1467 4549 1805 4542 2077 4536 2135 4545 2501 4527 2645 4524 3045 4511 3355 4501" 
                    HPOS="528"
                    VPOS="4422"
                    WIDTH="2828"
                    HEIGHT="183">
            <Shape><Polygon POINTS="528 4422 3356 4422 3356 4605 528 4605"/></Shape>
	    <String CONTENT="ſions où l’on garde le meſme ordre, comme en celle-cy. Leur"
                    HPOS="528"
                    VPOS="4422"
                    WIDTH="2828"
                    HEIGHT="183"></String>
          </TextLine>

          
          
          <TextLine ID="tl_32"
                    TAGREFS="LT75"
                    BASELINE="535 4688 882 4682 1064 4678 1438 4702 1518 4668 1784 4660 1996 4656 2294 4647 2494 4680 2674 4644 2973 4633 3355 4603" 
                    HPOS="534"
                    VPOS="4540"
                    WIDTH="2822"
                    HEIGHT="180">
            <Shape><Polygon POINTS="534 4540 3356 4540 3356 4720 534 4720"/></Shape>
	    <String CONTENT="exemple m’a enhardy à paſſer plus auant. I’ay veu quatre pronon¬"
                    HPOS="534"
                    VPOS="4540"
                    WIDTH="2822"
                    HEIGHT="180"></String>
          </TextLine>

          
          
          <TextLine ID="tl_33"
                    TAGREFS="LT75"
                    BASELINE="543 4808 872 4800 1342 4790 1562 4787 1646 4784 1839 4813 1974 4775 2194 4770 2416 4769 2548 4767 2658 4762 2700 4769 2824 4752 3002 4769 3360 4741" 
                    HPOS="543"
                    VPOS="4654"
                    WIDTH="2818"
                    HEIGHT="184">
            <Shape><Polygon POINTS="543 4654 3361 4654 3361 4838 543 4838"/></Shape>
	    <String CONTENT="ciations differentes dans nos ſ, &amp; trois dans nos e, &amp; j’ay cherché"
                    HPOS="543"
                    VPOS="4654"
                    WIDTH="2818"
                    HEIGHT="184"></String>
          </TextLine>

          
          
          <TextLine ID="tl_34"
                    TAGREFS="LT75"
                    BASELINE="543 4926 653 4923 997 4915 1191 4912 1409 4907 1703 4902 2255 4902 2403 4886 2573 4884 2739 4876 3188 4865 3362 4837" 
                    HPOS="543"
                    VPOS="4776"
                    WIDTH="2820"
                    HEIGHT="182">
            <Shape><Polygon POINTS="543 4776 3363 4776 3363 4958 543 4958"/></Shape>
	    <String CONTENT="les moyens d’en oſter toutes ambiguitez, ou par des caracteres dif¬"
                    HPOS="543"
                    VPOS="4776"
                    WIDTH="2820"
                    HEIGHT="182"></String>
          </TextLine>

          
          
          <TextLine ID="tl_35"
                    TAGREFS="LT75"
                    BASELINE="548 5046 798 5038 840 5046 987 5034 1142 5034 1303 5029 1571 5025 2025 5021 2237 5011 2633 5000 3121 4986 3245 4987 3367 4983" 
                    HPOS="548"
                    VPOS="4900"
                    WIDTH="2820"
                    HEIGHT="178">
            <Shape><Polygon POINTS="548 4900 3368 4900 3368 5078 548 5078"/></Shape>
	    <String CONTENT="ferens, ou par des régles generales, avec quelques exceptions. Ie ne"
                    HPOS="548"
                    VPOS="4900"
                    WIDTH="2820"
                    HEIGHT="178"></String>
          </TextLine>

          
          
          <TextLine ID="tl_36"
                    TAGREFS="LT75"
                    BASELINE="550 5164 721 5194 822 5157 963 5182 1227 5181 1528 5152 1754 5135 1852 5136 2084 5126 2476 5126 2612 5123 2966 5110 3182 5115 3367 5097" 
                    HPOS="550"
                    VPOS="5018"
                    WIDTH="2818"
                    HEIGHT="178">
            <Shape><Polygon POINTS="550 5018 3368 5018 3368 5196 550 5196"/></Shape>
	    <String CONTENT="ſçay ſi j’y auray reüſſi mais ſi cette ébauche ne déplaiſt pas, elle"
                    HPOS="550"
                    VPOS="5018"
                    WIDTH="2818"
                    HEIGHT="178"></String>
          </TextLine>

          
          
          <TextLine ID="tl_37"
                    TAGREFS="LT75"
                    BASELINE="558 5314 839 5275 1155 5268 1362 5264 1442 5264 1660 5259 1782 5255 2080 5246 2288 5246 2612 5241 2768 5238 2998 5233 3368 5225" 
                    HPOS="557"
                    VPOS="5136"
                    WIDTH="2812"
                    HEIGHT="178">
            <Shape><Polygon POINTS="557 5136 3369 5136 3369 5314 557 5314"/></Shape>
	    <String CONTENT="pourra donner iour à faire vn trauail plus acheué ſur cette matiere,"
                    HPOS="557"
                    VPOS="5136"
                    WIDTH="2812"
                    HEIGHT="178"></String>
          </TextLine>

          
          
          <TextLine ID="tl_38"
                    TAGREFS="LT75"
                    BASELINE="564 5398 651 5395 1103 5391 1291 5385 1409 5383 1549 5378 1749 5378 1927 5374 2243 5369 2399 5366 2641 5360 2973 5351 3071 5347 3376 5335" 
                    HPOS="563"
                    VPOS="5254"
                    WIDTH="2814"
                    HEIGHT="182">
            <Shape><Polygon POINTS="563 5254 3377 5254 3377 5436 563 5436"/></Shape>
	    <String CONTENT="&amp; peut-eſtre que ce ne ſera pas rendre vn petit ſeruice à noſtre"
                    HPOS="563"
                    VPOS="5254"
                    WIDTH="2814"
                    HEIGHT="182"></String>
          </TextLine>

          
          
          <TextLine ID="tl_39"
                    TAGREFS="LT75"
                    BASELINE="568 5518 890 5514 1014 5505 1158 5504 1511 5496" 
                    HPOS="568"
                    VPOS="5414"
                    WIDTH="944"
                    HEIGHT="138">
            <Shape><Polygon POINTS="568 5414 1512 5414 1512 5552 568 5552"/></Shape>
	    <String CONTENT="Langue &amp; au Public."
                    HPOS="568"
                    VPOS="5414"
                    WIDTH="944"
                    HEIGHT="138"></String>
          </TextLine>

          
        </TextBlock>
        

        
      </PrintSpace>
    </Page>
  </Layout>
</alto>
