4267 6626
1204 314 1156 177 COMEDIE.

3111 331 162 237 15

561 538 2201 134 Mais il vaut mieux t’en rire, & pour dernier effort

560 661 2121 147 Luy montrer en raillant combien elle a de tort.

1007 928 1622 190 SCENE II

714 1238 2217 142 ERASTE, MELITE.

397 1492 270 153 ERA.

937 1479 2274 166 Voy, ſeule & ſans Tircis vraiment c’eſt un prodige,

679 1496 260 293 Q

961 1634 1951 114 Et ce nouvel amant déja trop vous neglige,

573 1759 1621 109 Laiſſant ainſi couler la belle occaſion

570 1884 1779 108 De vous conter l'excez de ſon affection.

397 2005 2503 137 MEL. Vous ſçavez que ſon ame en eſt fort dépourveuë.

396 2122 2405 142 ERA. Toutesfois, ce dit-on, depuis qu’il vous a veuë,

577 2247 1883 141 Il en porte dans l'ame un ſi doux ſouvenir,

586 2368 1971 144 Qu’il n’a plus de plaiſirs qu’à vous entretenir.

401 2494 2193 140 MEL. Il a lieu de s’y plaire avec quelque justice,

586 2617 2069 139 L’Amour ainſi qu’à luy me paroit un ſupplice,

583 2739 2153 139 Et ſa froideur qu’augmente un ſi lourd entretien

590 2861 2073 131 Le reſout d’autant mieux à n’aimer jamais rien.

413 2983 2077 139 ERA. Dites à n’aimer rien que la belle Melite.

414 3107 2253 141 MEL. Pour tant de vanité j’ay trop peu de merite.

417 3231 2269 137 ERA. En faut-il tant avoir pour ce nouveau venu?

422 3348 2879 148 MEL. Vn peu plus que pour vous. ERA. De vray, j’ay reconnu,

595 3478 2013 134 Vous avant pû ſervir deux ans, & davantage,

600 3594 2197 136 Qu'il faut ſi peu que rien à toucher mon courage.

427 3714 2093 140 MEL. Encor ſi peu que c'eſt vous étant refuſé,

604 3836 2017 136 Préſumez comme ailleurs vous ſerez mepriſé.

427 3960 2409 140 ERA. Vos mépris ne ſont pas de grande conſequence,

608 4082 1991 136 Et ne vaudront jamais la peine que j'y penſe;

617 4200 2177 144 Sçachant qu’il vous voyoit, je m’étois bien douté

620 4325 1845 141 Que je ne ſerois plus que fort mal écouté.

439 4449 2299 138 MEL. Sans que mes actions de plus prés j’examine,

620 4567 2017 129 A la meilleure humeur je fais meilleure mine,

621 4690 1935 116 Et s’il m’oſoit tenir de ſemblables discours,

622 4808 2383 142 Nous romprions enſemble avant qu’il fuſt deux jours.

449 4935 2487 140 ERA. Si chaque objet nouveau de meſme vous engage,

634 5053 2051 145 Il changera bien-toſt d’humeur & de langage:

633 5175 1811 139 Caressé maintenant auſſi-toſt qu’aperceu,

638 5299 2055 139 Qu’auroit-il à ſe plaindre, eſtant ſi bien receu?

461 5421 2039 144 MEL. Eraste, voyez-vous, tréve de jalouſie,

642 5544 1727 142 Purgez voſtre cerveau de cette frenéſie,
