<?xml version="1.0" encoding="UTF-8"?>
<alto xmlns:xsi="http://www.w3.org/2001/XMLSchema-instance"
      xmlns="http://www.loc.gov/standards/alto/ns-v4#"
      xsi:schemaLocation="http://www.loc.gov/standards/alto/ns-v4# https://gitlab.inria.fr/scripta/escriptorium/-/raw/develop/app/escriptorium/static/alto-4-1-baselines.xsd">
  <Description>
    <MeasurementUnit>pixel</MeasurementUnit>
    <sourceImageInformation>
      <fileName>Corneille1664_Theatre_bpt6k10403751_corrected_0148.png</fileName>
    </sourceImageInformation>
  </Description>
  
  <Tags>
    <OtherTag ID="BT1" LABEL="Title" DESCRIPTION="block type Title"/><OtherTag ID="BT2" LABEL="Main" DESCRIPTION="block type Main"/><OtherTag ID="BT169" LABEL="Damage" DESCRIPTION="block type Damage"/><OtherTag ID="BT170" LABEL="Decoration" DESCRIPTION="block type Decoration"/><OtherTag ID="BT171" LABEL="DropCapital" DESCRIPTION="block type DropCapital"/><OtherTag ID="BT172" LABEL="Figure" DESCRIPTION="block type Figure"/><OtherTag ID="BT173" LABEL="Margin" DESCRIPTION="block type Margin"/><OtherTag ID="BT174" LABEL="MusicNotation" DESCRIPTION="block type MusicNotation"/><OtherTag ID="BT175" LABEL="Numbering" DESCRIPTION="block type Numbering"/><OtherTag ID="BT176" LABEL="RunningTitle" DESCRIPTION="block type RunningTitle"/><OtherTag ID="BT177" LABEL="Seal" DESCRIPTION="block type Seal"/><OtherTag ID="BT178" LABEL="Signatures" DESCRIPTION="block type Signatures"/><OtherTag ID="BT179" LABEL="Stamp" DESCRIPTION="block type Stamp"/><OtherTag ID="BT180" LABEL="Table" DESCRIPTION="block type Table"/>
    <OtherTag ID="LT75" LABEL="Default" DESCRIPTION="line type Default"/><OtherTag ID="LT76" LABEL="DropCapitalLine" DESCRIPTION="line type DropCapitalLine"/><OtherTag ID="LT77" LABEL="Interlinear" DESCRIPTION="line type Interlinear"/><OtherTag ID="LT78" LABEL="MusicLine" DESCRIPTION="line type MusicLine"/><OtherTag ID="LT79" LABEL="Rubric" DESCRIPTION="line type Rubric"/>
  </Tags>
  
  <Layout>
    <Page WIDTH="4267"
          HEIGHT="6763"
          PHYSICAL_IMG_NR="36"
          ID="eSc_dummypage_">
      <PrintSpace HPOS="0"
                  VPOS="0"
                  WIDTH="4267"
                  HEIGHT="6763">
        
        <TextBlock HPOS="900"
                   VPOS="426"
                   WIDTH="246"
                   HEIGHT="144"
                   ID="r_1_1"
                   TAGREFS="BT175">
          <Shape><Polygon POINTS="900 426 1146 426 1146 570 948 570"/></Shape>
          
          
          <TextLine ID="tl_1"
                    TAGREFS="LT75"
                    BASELINE="949 569 1097 547" 
                    HPOS="949"
                    VPOS="463"
                    WIDTH="148"
                    HEIGHT="106">
            <Shape><Polygon POINTS="949 463 1097 463 1097 569 949 569"/></Shape>
	    <String CONTENT="78"
                    HPOS="949"
                    VPOS="463"
                    WIDTH="148"
                    HEIGHT="106"></String>
          </TextLine>

          
        </TextBlock>
        
        <TextBlock HPOS="1091"
                   VPOS="588"
                   WIDTH="2529"
                   HEIGHT="4314"
                   ID="eSc_textblock_efcf0536"
                   TAGREFS="BT2">
          <Shape><Polygon POINTS="1127 600 1091 4902 3620 4806 3596 588"/></Shape>
          
          
          <TextLine ID="tl_3"
                    TAGREFS="LT75"
                    BASELINE="1149 707 1313 701 1617 697 2057 701 2313 693 2503 689 2741 693 2889 689 3031 689 3291 697" 
                    HPOS="1149"
                    VPOS="603"
                    WIDTH="2142"
                    HEIGHT="120">
            <Shape><Polygon POINTS="1149 603 3291 603 3291 723 1149 723"/></Shape>
	    <String CONTENT="Son indice douteux, pour peu qu’il ait de jour,"
                    HPOS="1149"
                    VPOS="603"
                    WIDTH="2142"
                    HEIGHT="120"></String>
          </TextLine>

          
          
          <TextLine ID="tl_4"
                    TAGREFS="LT75"
                    BASELINE="1145 829 1657 821 1843 821 2067 851 2305 817 2621 817 2705 817 2811 817 3097 811" 
                    HPOS="1145"
                    VPOS="727"
                    WIDTH="1952"
                    HEIGHT="128">
            <Shape><Polygon POINTS="1145 727 3097 727 3097 855 1145 855"/></Shape>
	    <String CONTENT="N’éclaircira que trop mon forfait à la Cour."
                    HPOS="1145"
                    VPOS="727"
                    WIDTH="1952"
                    HEIGHT="128"></String>
          </TextLine>

          
          
          <TextLine ID="tl_5"
                    TAGREFS="LT75"
                    BASELINE="1149 953 1489 957 1675 979 1903 943 2185 943 2379 939 2507 939 2903 939 3423 949" 
                    HPOS="1149"
                    VPOS="851"
                    WIDTH="2274"
                    HEIGHT="132">
            <Shape><Polygon POINTS="1149 851 3423 851 3423 983 1149 983"/></Shape>
	    <String CONTENT="Simple, j&#39;ay peur encor que ce malheur m&#39;avienne,"
                    HPOS="1149"
                    VPOS="851"
                    WIDTH="2274"
                    HEIGHT="132"></String>
          </TextLine>

          
          
          <TextLine ID="tl_6"
                    TAGREFS="LT75"
                    BASELINE="1145 1075 1247 1075 1367 1071 1569 1067 1851 1067 2019 1067 2283 1063 2459 1063 2573 1063 2907 1059" 
                    HPOS="1145"
                    VPOS="979"
                    WIDTH="1762"
                    HEIGHT="124">
            <Shape><Polygon POINTS="1145 979 2907 979 2907 1103 1145 1103"/></Shape>
	    <String CONTENT="Et je puis éviter ma perte par la ſienne!"
                    HPOS="1145"
                    VPOS="979"
                    WIDTH="1762"
                    HEIGHT="124"></String>
          </TextLine>

          
          
          <TextLine ID="tl_7"
                    TAGREFS="LT75"
                    BASELINE="1145 1203 1247 1199 1627 1195 1781 1195 2063 1191 2349 1191 2609 1191 2833 1185 3149 1191" 
                    HPOS="1145"
                    VPOS="1097"
                    WIDTH="2004"
                    HEIGHT="128">
            <Shape><Polygon POINTS="1145 1097 3149 1097 3149 1225 1145 1225"/></Shape>
	    <String CONTENT="Et meſmes on diroit qu’un antre tout exprès"
                    HPOS="1145"
                    VPOS="1097"
                    WIDTH="2004"
                    HEIGHT="128"></String>
          </TextLine>

          
          
          <TextLine ID="tl_8"
                    TAGREFS="LT75"
                    BASELINE="1149 1323 1297 1323 1583 1319 1825 1319 2049 1319 2195 1313 2427 1313 2565 1313 2731 1313 3079 1309" 
                    HPOS="1149"
                    VPOS="1225"
                    WIDTH="1930"
                    HEIGHT="132">
            <Shape><Polygon POINTS="1149 1225 3079 1225 3079 1357 1149 1357"/></Shape>
	    <String CONTENT="Me garde mon épée au fond de ces foreſts."
                    HPOS="1149"
                    VPOS="1225"
                    WIDTH="1930"
                    HEIGHT="132"></String>
          </TextLine>

          
          
          <TextLine ID="tl_9"
                    TAGREFS="LT75"
                    BASELINE="1149 1445 1353 1441 1499 1441 1635 1441 1837 1441 2075 1437 2309 1441 2481 1437 2595 1437 2807 1437 3281 1445" 
                    HPOS="1149"
                    VPOS="1347"
                    WIDTH="2132"
                    HEIGHT="126">
            <Shape><Polygon POINTS="1149 1347 3281 1347 3281 1473 1149 1473"/></Shape>
	    <String CONTENT="C’eſt en ce lieu fatal qu’il me le faut conduire,"
                    HPOS="1149"
                    VPOS="1347"
                    WIDTH="2132"
                    HEIGHT="126"></String>
          </TextLine>

          
          
          <TextLine ID="tl_10"
                    TAGREFS="LT75"
                    BASELINE="1149 1569 1357 1569 1473 1569 1753 1565 2141 1565 2389 1595 2895 1561 3027 1565 3185 1561 3463 1555" 
                    HPOS="1149"
                    VPOS="1475"
                    WIDTH="2314"
                    HEIGHT="124">
            <Shape><Polygon POINTS="1149 1475 3463 1475 3463 1599 1149 1599"/></Shape>
	    <String CONTENT="C’eft là qu’un heureux coup l’empeſche de me nuire,"
                    HPOS="1149"
                    VPOS="1475"
                    WIDTH="2314"
                    HEIGHT="124"></String>
          </TextLine>

          
          
          <TextLine ID="tl_11"
                    TAGREFS="LT75"
                    BASELINE="1145 1693 1229 1693 1357 1693 1547 1723 1763 1687 2173 1687 2217 1697 2365 1683 2603 1687 2735 1687 2965 1687" 
                    HPOS="1145"
                    VPOS="1599"
                    WIDTH="1820"
                    HEIGHT="124">
            <Shape><Polygon POINTS="1145 1599 2965 1599 2965 1723 1145 1723"/></Shape>
	    <String CONTENT="Ie ne m’y puis reſoudre, un reste de pitié"
                    HPOS="1145"
                    VPOS="1599"
                    WIDTH="1820"
                    HEIGHT="124"></String>
          </TextLine>

          
          
          <TextLine ID="tl_12"
                    TAGREFS="LT75"
                    BASELINE="1149 1815 1533 1815 1775 1811 2035 1811 2119 1811 2295 1807 2543 1807 2965 1821" 
                    HPOS="1149"
                    VPOS="1723"
                    WIDTH="1816"
                    HEIGHT="98">
            <Shape><Polygon POINTS="1149 1723 2965 1723 2965 1821 1149 1821"/></Shape>
	    <String CONTENT="Violente mon cœur à des traits d’amitié,"
                    HPOS="1149"
                    VPOS="1723"
                    WIDTH="1816"
                    HEIGHT="98"></String>
          </TextLine>

          
          
          <TextLine ID="tl_13"
                    TAGREFS="LT75"
                    BASELINE="1145 1939 1269 1939 1495 1935 1605 1935 1785 1965 2123 1939 2255 1925 2559 1931 2635 1931 2801 1935 3221 1935" 
                    HPOS="1145"
                    VPOS="1845"
                    WIDTH="2076"
                    HEIGHT="120">
            <Shape><Polygon POINTS="1145 1845 3221 1845 3221 1965 1145 1965"/></Shape>
	    <String CONTENT="En vain je luy reſiste, &amp; taſche à me défendre"
                    HPOS="1145"
                    VPOS="1845"
                    WIDTH="2076"
                    HEIGHT="120"></String>
          </TextLine>

          
          
          <TextLine ID="tl_14"
                    TAGREFS="LT75"
                    BASELINE="1149 2057 1367 2063 1643 2057 2221 2053 2419 2053 2521 2053 2661 2053 2867 2053 3471 2067" 
                    HPOS="1149"
                    VPOS="1969"
                    WIDTH="2322"
                    HEIGHT="124">
            <Shape><Polygon POINTS="1149 1969 3471 1969 3471 2093 1149 2093"/></Shape>
	    <String CONTENT="D’un ſecret mouvement que je ne puis comprendre,"
                    HPOS="1149"
                    VPOS="1969"
                    WIDTH="2322"
                    HEIGHT="124"></String>
          </TextLine>

          
          
          <TextLine ID="tl_15"
                    TAGREFS="LT75"
                    BASELINE="1159 2185 1323 2185 1539 2189 1657 2181 2027 2189 2137 2181 2455 2189 2635 2181 3071 2189" 
                    HPOS="1159"
                    VPOS="2091"
                    WIDTH="1912"
                    HEIGHT="130">
            <Shape><Polygon POINTS="1159 2091 3071 2091 3071 2221 1159 2221"/></Shape>
	    <String CONTENT="Son âge, ſa beauté, ſa grace, ſon maintien,"
                    HPOS="1159"
                    VPOS="2091"
                    WIDTH="1912"
                    HEIGHT="130"></String>
          </TextLine>

          
          
          <TextLine ID="tl_16"
                    TAGREFS="LT75"
                    BASELINE="1149 2313 1489 2309 1701 2305 2159 2305 2243 2305 2415 2339 2775 2305 2917 2305 3189 2317" 
                    HPOS="1149"
                    VPOS="2219"
                    WIDTH="2040"
                    HEIGHT="120">
            <Shape><Polygon POINTS="1149 2219 3189 2219 3189 2339 1149 2339"/></Shape>
	    <String CONTENT="Forcent mes ſentimens à luy vouloir du bien,"
                    HPOS="1149"
                    VPOS="2219"
                    WIDTH="2040"
                    HEIGHT="120"></String>
          </TextLine>

          
          
          <TextLine ID="tl_17"
                    TAGREFS="LT75"
                    BASELINE="1149 2433 1257 2433 1455 2433 1595 2433 1781 2433 2085 2427 2173 2427 2555 2433 3071 2433" 
                    HPOS="1149"
                    VPOS="2343"
                    WIDTH="1922"
                    HEIGHT="124">
            <Shape><Polygon POINTS="1149 2343 3071 2343 3071 2467 1149 2467"/></Shape>
	    <String CONTENT="Et l’air de fon viſage a quelque mignardiſe"
                    HPOS="1149"
                    VPOS="2343"
                    WIDTH="1922"
                    HEIGHT="124"></String>
          </TextLine>

          
          
          <TextLine ID="tl_18"
                    TAGREFS="LT75"
                    BASELINE="1149 2581 1323 2555 1467 2555 1657 2559 1829 2555 2035 2551 2123 2551 2365 2555 2507 2551 2855 2551" 
                    HPOS="1149"
                    VPOS="2461"
                    WIDTH="1706"
                    HEIGHT="126">
            <Shape><Polygon POINTS="1149 2461 2855 2461 2855 2587 1149 2587"/></Shape>
	    <String CONTENT="Qui ne tire pas mal à celle de Doriſe."
                    HPOS="1149"
                    VPOS="2461"
                    WIDTH="1706"
                    HEIGHT="126"></String>
          </TextLine>

          
          
          <TextLine ID="tl_19"
                    TAGREFS="LT75"
                    BASELINE="1155 2683 1287 2683 1345 2675 1543 2679 1753 2679 1899 2679 2335 2675 2851 2679 3269 2691" 
                    HPOS="1155"
                    VPOS="2589"
                    WIDTH="2114"
                    HEIGHT="124">
            <Shape><Polygon POINTS="1155 2589 3269 2589 3269 2713 1155 2713"/></Shape>
	    <String CONTENT="Ah! que tant de malheurs m’auroient favoriſé,"
                    HPOS="1155"
                    VPOS="2589"
                    WIDTH="2114"
                    HEIGHT="124"></String>
          </TextLine>

          
          
          <TextLine ID="tl_20"
                    TAGREFS="LT75"
                    BASELINE="1155 2807 1229 2807 1319 2807 1543 2801 2085 2801 2217 2801 2485 2801 2845 2801 2885 2797" 
                    HPOS="1155"
                    VPOS="2713"
                    WIDTH="1730"
                    HEIGHT="124">
            <Shape><Polygon POINTS="1155 2713 2885 2713 2885 2837 1155 2837"/></Shape>
	    <String CONTENT="Si c&#39;étoit elle-meſme en habit déguiſé!"
                    HPOS="1155"
                    VPOS="2713"
                    WIDTH="1730"
                    HEIGHT="124"></String>
          </TextLine>

          
          
          <TextLine ID="tl_21"
                    TAGREFS="LT75"
                    BASELINE="1149 2929 1309 2929 1609 2925 1815 2925 1953 2925 2221 2929 2353 2921 2595 2925 2815 2925 3067 2925" 
                    HPOS="1149"
                    VPOS="2837"
                    WIDTH="1918"
                    HEIGHT="120">
            <Shape><Polygon POINTS="1149 2837 3067 2837 3067 2957 1149 2957"/></Shape>
	    <String CONTENT="I’en meurs déja de joye, &amp; mon ame ravie"
                    HPOS="1149"
                    VPOS="2837"
                    WIDTH="1918"
                    HEIGHT="120"></String>
          </TextLine>

          
          
          <TextLine ID="tl_22"
                    TAGREFS="LT75"
                    BASELINE="1155 3053 1675 3049 1785 3049 2005 3049 2155 3045 2397 3049 2537 3053 2705 3049 2899 3061" 
                    HPOS="1155"
                    VPOS="2959"
                    WIDTH="1744"
                    HEIGHT="102">
            <Shape><Polygon POINTS="1155 2959 2899 2959 2899 3061 1155 3061"/></Shape>
	    <String CONTENT="Abandonne le ſoin du reste de ma vie,"
                    HPOS="1155"
                    VPOS="2959"
                    WIDTH="1744"
                    HEIGHT="102"></String>
          </TextLine>

          
          
          <TextLine ID="tl_23"
                    TAGREFS="LT75"
                    BASELINE="1149 3177 1235 3177 1367 3177 1551 3171 1763 3171 1843 3171 2111 3185 2419 3171 2525 3171 2785 3171 2863 3171 3171 3171" 
                    HPOS="1149"
                    VPOS="3083"
                    WIDTH="2022"
                    HEIGHT="124">
            <Shape><Polygon POINTS="1149 3083 3171 3083 3171 3207 1149 3207"/></Shape>
	    <String CONTENT="Ie ne ſuis plus à moy, quand je viens à penſer"
                    HPOS="1149"
                    VPOS="3083"
                    WIDTH="2022"
                    HEIGHT="124"></String>
          </TextLine>

          
          
          <TextLine ID="tl_24"
                    TAGREFS="LT75"
                    BASELINE="1155 3299 1229 3299 1489 3295 1953 3295 2115 3299 2525 3299 2987 3295" 
                    HPOS="1155"
                    VPOS="3211"
                    WIDTH="1832"
                    HEIGHT="120">
            <Shape><Polygon POINTS="1155 3211 2987 3211 2987 3331 1155 3331"/></Shape>
	    <String CONTENT="A quoy l’occaſion me pourroit dispenſer."
                    HPOS="1155"
                    VPOS="3211"
                    WIDTH="1832"
                    HEIGHT="120"></String>
          </TextLine>

          
          
          <TextLine ID="tl_25"
                    TAGREFS="LT75"
                    BASELINE="1149 3445 1411 3453 1639 3423 1771 3423 2001 3431 2349 3423 2569 3423 2701 3423 2841 3423 3101 3423 3573 3435" 
                    HPOS="1149"
                    VPOS="3329"
                    WIDTH="2424"
                    HEIGHT="128">
            <Shape><Polygon POINTS="1149 3329 3573 3329 3573 3457 1149 3457"/></Shape>
	    <String CONTENT="Quoy qu’il en ſoit, voyant tant de ſes traits enſemble,"
                    HPOS="1149"
                    VPOS="3329"
                    WIDTH="2424"
                    HEIGHT="128"></String>
          </TextLine>

          
          
          <TextLine ID="tl_26"
                    TAGREFS="LT75"
                    BASELINE="1149 3547 1235 3551 1503 3547 1657 3541 2005 3541 2089 3547 2221 3547 2389 3547 2565 3581 3031 3547" 
                    HPOS="1149"
                    VPOS="3457"
                    WIDTH="1882"
                    HEIGHT="124">
            <Shape><Polygon POINTS="1149 3457 3031 3457 3031 3581 1149 3581"/></Shape>
	    <String CONTENT="Ie porte du respect à ce qui luy reſſemble."
                    HPOS="1149"
                    VPOS="3457"
                    WIDTH="1882"
                    HEIGHT="124"></String>
          </TextLine>

          
          
          <TextLine ID="tl_27"
                    TAGREFS="LT75"
                    BASELINE="1273 3669 1705 3669 2185 3679 2419 3669 2679 3669 2807 3669 2917 3673 3171 3669" 
                    HPOS="1273"
                    VPOS="3581"
                    WIDTH="1898"
                    HEIGHT="124">
            <Shape><Polygon POINTS="1273 3581 3171 3581 3171 3705 1273 3705"/></Shape>
	    <String CONTENT="Miſerable Pymante, ainſi donc tu te pers!"
                    HPOS="1273"
                    VPOS="3581"
                    WIDTH="1898"
                    HEIGHT="124"></String>
          </TextLine>

          
          
          <TextLine ID="tl_28"
                    TAGREFS="LT75"
                    BASELINE="1149 3793 1423 3793 1643 3789 1965 3793 2107 3793 2299 3793 2445 3793 2679 3797 2877 3797 3005 3797 3221 3805" 
                    HPOS="1149"
                    VPOS="3703"
                    WIDTH="2072"
                    HEIGHT="124">
            <Shape><Polygon POINTS="1149 3703 3221 3703 3221 3827 1149 3827"/></Shape>
	    <String CONTENT="Encor qu’il tienne un peu de celle que tu ſers,"
                    HPOS="1149"
                    VPOS="3703"
                    WIDTH="2072"
                    HEIGHT="124"></String>
          </TextLine>

          
          
          <TextLine ID="tl_29"
                    TAGREFS="LT75"
                    BASELINE="1149 3915 1485 3915 1605 3915 1947 3915 2199 3915 2569 3915 2687 3915 2947 3911" 
                    HPOS="1149"
                    VPOS="3827"
                    WIDTH="1798"
                    HEIGHT="120">
            <Shape><Polygon POINTS="1149 3827 2947 3827 2947 3947 1149 3947"/></Shape>
	    <String CONTENT="Etouffe ce témoin pour aſſeurer ta teſte:"
                    HPOS="1149"
                    VPOS="3827"
                    WIDTH="1798"
                    HEIGHT="120"></String>
          </TextLine>

          
          
          <TextLine ID="tl_30"
                    TAGREFS="LT75"
                    BASELINE="1159 4043 1287 4039 1481 4049 1851 4039 1939 4039 2053 4039 2251 4049 2493 4039 2767 4039 3215 4053" 
                    HPOS="1159"
                    VPOS="3951"
                    WIDTH="2056"
                    HEIGHT="124">
            <Shape><Polygon POINTS="1159 3951 3215 3951 3215 4075 1159 4075"/></Shape>
	    <String CONTENT="S’il eſt, comme il le dit, batu d&#39;une tempeſte,"
                    HPOS="1159"
                    VPOS="3951"
                    WIDTH="2056"
                    HEIGHT="124"></String>
          </TextLine>

          
          
          <TextLine ID="tl_31"
                    TAGREFS="LT75"
                    BASELINE="1159 4163 1291 4163 1485 4163 1763 4163 1877 4163 2211 4163 2305 4163 2679 4167 3067 4167 3325 4175" 
                    HPOS="1159"
                    VPOS="4073"
                    WIDTH="2166"
                    HEIGHT="130">
            <Shape><Polygon POINTS="1159 4073 3325 4073 3325 4203 1159 4203"/></Shape>
	    <String CONTENT="Au lieu qu’en ta cabane il cherche quelque port,"
                    HPOS="1159"
                    VPOS="4073"
                    WIDTH="2166"
                    HEIGHT="130"></String>
          </TextLine>

          
          
          <TextLine ID="tl_32"
                    TAGREFS="LT75"
                    BASELINE="1159 4291 1309 4321 1499 4285 1731 4285 1979 4285 2283 4291 2375 4285 2845 4291 2957 4291 3229 4285" 
                    HPOS="1159"
                    VPOS="4201"
                    WIDTH="2070"
                    HEIGHT="120">
            <Shape><Polygon POINTS="1159 4201 3229 4201 3229 4321 1159 4321"/></Shape>
	    <String CONTENT="Fay que dans cette grotte il rencontre ſa mort."
                    HPOS="1159"
                    VPOS="4201"
                    WIDTH="2070"
                    HEIGHT="120"></String>
          </TextLine>

          
          
          <TextLine ID="tl_33"
                    TAGREFS="LT75"
                    BASELINE="1159 4409 1507 4409 1727 4423 1947 4413 2111 4409 2471 4409 2881 4413" 
                    HPOS="1159"
                    VPOS="4325"
                    WIDTH="1722"
                    HEIGHT="120">
            <Shape><Polygon POINTS="1159 4325 2881 4325 2881 4445 1159 4445"/></Shape>
	    <String CONTENT="Modere toy, cruel, &amp; plûtoſt examine"
                    HPOS="1159"
                    VPOS="4325"
                    WIDTH="1722"
                    HEIGHT="120"></String>
          </TextLine>

          
          
          <TextLine ID="tl_34"
                    TAGREFS="LT75"
                    BASELINE="1163 4537 1257 4533 1613 4545 1797 4537 2071 4545 2203 4533 2313 4537 2609 4545 2745 4537 2863 4537 3149 4555" 
                    HPOS="1163"
                    VPOS="4447"
                    WIDTH="1986"
                    HEIGHT="120">
            <Shape><Polygon POINTS="1163 4447 3149 4447 3149 4567 1163 4567"/></Shape>
	    <String CONTENT="Sa parole, ſon teint, &amp; ſa taille, &amp; ſa mine;"
                    HPOS="1163"
                    VPOS="4447"
                    WIDTH="1986"
                    HEIGHT="120"></String>
          </TextLine>

          
          
          <TextLine ID="tl_35"
                    TAGREFS="LT75"
                    BASELINE="1163 4661 1243 4655 1459 4655 1789 4661 1843 4669 2089 4661 2481 4661 2639 4661 2947 4673" 
                    HPOS="1163"
                    VPOS="4571"
                    WIDTH="1784"
                    HEIGHT="124">
            <Shape><Polygon POINTS="1163 4571 2947 4571 2947 4695 1163 4695"/></Shape>
	    <String CONTENT="Si c’eſt Doriſe, alors revoque cét arreſt,"
                    HPOS="1163"
                    VPOS="4571"
                    WIDTH="1784"
                    HEIGHT="124"></String>
          </TextLine>

          
          
          <TextLine ID="tl_36"
                    TAGREFS="LT75"
                    BASELINE="1163 4787 1467 4793 1665 4783 1775 4787 2005 4787 2233 4787 2309 4787 2493 4787 2731 4787 2873 4787" 
                    HPOS="1163"
                    VPOS="4695"
                    WIDTH="1710"
                    HEIGHT="124">
            <Shape><Polygon POINTS="1163 4695 2873 4695 2873 4819 1163 4819"/></Shape>
	    <String CONTENT="Sinon, que la pitié cede à ton intereſt."
                    HPOS="1163"
                    VPOS="4695"
                    WIDTH="1710"
                    HEIGHT="124"></String>
          </TextLine>

          
        </TextBlock>
        
        <TextBlock HPOS="1714"
                   VPOS="396"
                   WIDTH="1498"
                   HEIGHT="179"
                   ID="eSc_textblock_48480499"
                   TAGREFS="BT176">
          <Shape><Polygon POINTS="1714 396 1714 575 3212 575 3212 396"/></Shape>
          
          
          <TextLine ID="tl_2"
                    TAGREFS="LT75"
                    BASELINE="1735 535 1821 535 2309 529 3163 547" 
                    HPOS="1735"
                    VPOS="427"
                    WIDTH="1428"
                    HEIGHT="120">
            <Shape><Polygon POINTS="1735 427 3163 427 3163 547 1735 547"/></Shape>
	    <String CONTENT="CLITANDRE,"
                    HPOS="1735"
                    VPOS="427"
                    WIDTH="1428"
                    HEIGHT="120"></String>
          </TextLine>

          
        </TextBlock>
        

        
      </PrintSpace>
    </Page>
  </Layout>
</alto>
