4267 6834
991 523 176 131 84

1800 347 1356 188 CLITANDRE,

632 4105 285 98 a Il regar¬

628 4204 304 70 de une ai¬

623 4297 306 95 guille que

625 4390 199 93 Doriſe

622 4488 173 74 avoit

623 4581 306 94 laißée par

623 4675 259 99 mégarde

624 4776 244 92 dans ſes

624 4869 263 72 cheveux

621 4959 312 91 en ſe dé¬

612 5059 253 96 guiſant.

1185 565 2361 163 Mais vous ſçaurez montrer, embraſſant ma défenſe,

1178 694 2392 169 Que qui vous vange ainſi puiſſamment vous offenſe.

1176 822 2013 158 Les perfides autheurs de ce complot maudit,

1175 948 1969 152 Qu'à me perſecuter voſtre abſence enhardit,

1172 1072 2331 141 A voſtre heureux retour, verront que ces tempeſtes,

1171 1198 2107 151 Clitandre preſervé, n'abatront que leurs teſtes.

1170 1322 2551 157 Mais on ouvre, & quelqu'un dans cette ſombre horreur

1169 1454 1987 148 Par ſon viſage affreux redouble ma terreur.

1559 1712 1834 195 SCENE IV

1057 2052 2797 163 CLITANDRE, LE GEOLIER.

985 2266 285 148 GEO.

1492 2312 2182 153 Ermettez que ma main de ces fers vous détache.

1293 2307 199 255 P

1505 2426 2414 182 CLI. Suis-je libre déja? GEO. Non encor, que je ſçache.

980 2573 2239 148 CLI. Quoy, ta ſeule pitié s'y hazarde pour moy?

983 2697 2717 153 GEO. Non, c’eſt un ordre exprès de vous conduire au Roy,

974 2817 2601 154 CLI. Ne m’apprendras-tu point le crime qu'on m'impute,

1161 2946 2005 146 Et quel laſche imposteur ainſi me perſecute?

978 3071 2459 149 GEO, Descendons, un Prevoſt qui vous attend là-bas

1161 3200 2267 146 Vous pourra mieux que moy contenter ſur ce cas.

1511 3462 1866 199 SCENE V.

1405 3821 2129 145 PYMANTE, DORISE.

962 4014 348 211 PYM.a

1532 4049 1965 170 N vain pour m'ébloüir vous uſez de la ruſe,

1532 4211 2236 127 Mon esprit, quoy que lourd, aiſément ne s’abuſe,

1327 4037 176 296 E

1136 4333 2188 143 ce que vous me cachez, je le lis dans vos yeux:

1137 4451 2297 132 Quelque revers d’amour vous conduit en ces lieux,

1149 4574 2328 157 N'eſt-il pas vray, Monſieur? & meſme cette aiguille

1140 4699 1954 143 Sent aſſez les faveurs de quelque belle fille;

1139 4822 2044 158 Elle eſt, ou je me trompe, un gage de ſa foy.

950 4950 2518 153 DOR. O malheureuſe aiguille, helas! c'eſt fait de moy.

942 5062 2491 168 PYM. Sans doute voſtre playe à ce mot s’eſt r'ouverte.

1143 5204 2311 149 Monſieur, regrettez-vous ſon abſence, ou ſa perte?

1140 5330 1973 146 Vous auroit-elle bien pour un autre quitté,

1139 5448 1635 139 Et payé vos ardeurs d'une infidelité?

1144 5572 2231 160 Vous ne répondez point! cette longueur confuſe,

1143 5704 2383 139 Quoy que vous vous taiſiez, clairement vous accuſe.
