4267 6791
1017 424 137 93 82

1793 396 1410 139 C LITANDRE,

1701 703 1582 196 SCENE II

1450 1020 2069 158 ROSIDOR, CALISTE.

1014 1261 274 182 ROS.

1564 1290 2213 158 H que ce grand couroux ſenſiblement m’afflige!

1577 1435 2169 150 CAL. C’eſt ainſi que le Roy te refuſant t’oblige,

1203 1561 1882 145 Il te donne beaucoup en ce qu’il t’interdit,

1198 1687 2023 147 Et tu gagnes beaucoup d’y perdre ton credit.

1193 1813 1957 136 On voit dans ces refus une marque certaine

1194 1933 1877 141 Que contre Roſidor toute priere eſt vaine,

1194 2057 2063 147 Ses violents transports ſont d’aſſeurez témoins

1193 2181 2129 140 Qu'il t’écouteroit mieux s’il te cheriſſoit moins.

1190 2309 2093 148 Mais un plus long ſejour pourroit icy te nuire,

1184 2432 2293 149 Ne perdons plus de temps, laiſſe-moy te conduire

1189 2557 2173 150 Iusques dans l’antichambre où Lyſarque t’attend,

1184 2682 1975 141 Et montre deſormais un esprit plus content.

1004 2803 2642 155 ROS. Si près de te quitter.... CAL. N’acheve pas ta plainte.

1185 2931 2335 126 Tous deux nous reſſentons cette commune atteinte,

1182 3052 1995 153 Mais d’un faſcheux respect la tyrannique loy

1180 3178 2090 154 M’appelle chez la Reine, & m’éloigne de toy.

1181 3302 2111 155 Il me luy faut conter comme l’on m’a ſurpriſe,

1182 3424 1835 132 Excuſer mon abſence en accuſant Doriſe,

1174 3552 1938 145 Et l’informer comment par un cruel destin

1177 3674 2057 154 Mon devoir auprès d’elle a manqué ce matin.

992 3799 2485 158 ROS. Va donc, & quand ſon ame, après la choſe ſçeuë

1171 3922 1861 144 Fera voir la pitié qu'elle en aura conceuë,

1171 4046 1789 151 Figure luy ſi bien Clitandre tel qu’il eſt,

1176 4170 2111 153 Quelle n’oſe en ſes feux prendre plus d’intereſt.

987 4296 2527 151 CAL. Ne crains pas deſormais que mon amour s’oublie,

1175 4420 1724 147 Répare ſeulement ta vigueur affoiblie,

1176 4542 1863 160 Sçache bien te ſervir de la faveur du Roy,

1171 4672 1997 157 Et pour tout le ſurplus, repoſe-t’en ſur moy.

1309 1295 266 272 A
