4267 6701
915 441 95 134 8

1781 346 1207 223 MELITE,

921 615 2628 132 MEL. Et quoy! tous les miroirs ont-ils de fauſſes glaces!

917 747 2492 122 ERA. Penſeriez-vous y voir la moindre de vos graces?

1105 873 1846 118 De ſi freſles ſujets ne ſçauroient exprimer

1105 991 2412 132 Ce qu'Amour dans les cœurs peut luy ſeul imprimer,

1099 1113 2314 132 Et quand vous en voudrez croire leur impuiſſance,

1105 1239 1794 132 Cette legere idée & foible connoiſſance

1105 1367 1928 122 Que vous aurez par eux de tant de raretez

1105 1489 2152 122 Vous mettra hors du pair de toutes les beautez.

921 1615 2410 122 MEL. Voila trop vous tenir dans une complaiſance,

1105 1741 2342 118 Que vous deuſſiez quitter, du moins en ma preſence,

1099 1863 1956 120 Et ne démentir pas le rapport de vos yeux,

1099 1985 1960 120 Afin d’avoir ſujet de m'entreprendre mieux.

917 2103 2643 128 ERA. Le rapport de mes yeux aux dépens de mes larmes

1099 2235 2274 122 Ne m'a que trop appris le pouvoir de vos charmes.

913 2357 2360 126 TIR. Sur peine d’eſtre ingrate, il faut de voſtre part

1105 2479 2090 122 Reconnoiſtre les dons que le Ciel vous départ.

913 2605 2330 124 ERA. Voyez que d’un ſecond mon droit ſe fortifie.

917 2727 2414 124 MEL. Voyez que ſon ſecours montre qu’il s’en défie.

913 2849 1858 128 TIR. Ie me range toûjours avec la verité.

913 2971 2456 106 MEL. Si vous la voulez ſuivre, elle eſt de mon cofté.

911 3103 2328 118 TIR. Ouy ſur voſtre visage, & non en vos paroles:

1091 3225 2008 96 Mais ceſſez de chercher ces refuites frivoles,

1091 3351 2122 118 Et prenant deſormais des ſentimens plus doux,

1091 3473 2108 124 Ne ſoyez plus de glace à qui bruſle pour vous.

907 3595 2222 124 MEL. Vn ennemy d'amour me tenir ce langage!

1095 3717 2030 124 Accordez voſtre bouche avec voſtre courage,

1091 3839 2130 124 Pratiquez vos conſeils, ou ne m’en donnez pas.

907 3961 2262 124 TIR. I'ay connu mon erreur auprés de vos appas,

1091 4083 2230 124 Il vous l’avoit bien dit. ERA. Ainſi ma prophetie

1091 4211 1898 122 Eſt, à ce que je voy, de tout point reüſſie.

907 4333 2354 122 TIR. Si tu pouvois produire en elle un meſme effet,

1091 4459 2396 124 Croy-moy, que ton bon-heur ſeroit bien-toſt parfait.

907 4581 2436 124 MEL. Pour voir ſi peu de choſe auſſi-toſt vous dédire

1091 4703 2100 128 Me donne à vos dépens de beaux ſujets de rire,

1091 4829 2070 120 Mais je pourrois bien-toſt à m'entendre flater,

1091 4953 2296 126 Concevoir quelque orgueil qu’il vaut mieux éviter.

1091 5079 2378 96 Excusez ma retraite. ERA. Adieu, belle inhumaine,

1095 5197 2086 126 De qui ſeule dépend, & ma joye, & ma peine.

907 5319 2376 132 MEL. Plus ſage à l’avenir, quittez ces vains propos,

1095 5441 1908 132 Et laiſſez voſtre esprit & le mien en repos.

3237 5799 564 110 SCENE
