4267 6647
1311 399 1132 104 TRAGEDIE.

3163 441 162 88 77

619 577 1958 116 A mon empreſſement pardonnez cét Adieu,

615 693 2086 122 Ie perdrois trop, Monſieur, à tarder en ce lieu.

433 819 2130 122 DOR. Amy, qui que tu ſois, ſi ton ame ſenſible

615 939 1844 118 A la compaſſion peut ſe rendre acceſſible,

611 1061 2012 122 Vn jeune Gentilhomme implore ton ſecours;

615 1181 2278 128 Prens pitié de mes maux pour trois ou quatre jours,

611 1307 1948 118 Durant ce peu de temps accorde une retraite

611 1429 2034 118 Sous ton chaume rustique à ma fuite ſecrette,

607 1549 1934 122 D’un ennemy puiſſant la haine me pourſuit,

611 1671 1904 126 Et n'ayant pû qu'à peine éviter cette nuit...

429 1797 2194 122 PYM. L'affaire qui me preſſe eſt aſſez importante

607 1917 2462 122 Pour ne pouvoir, Monſieur, répondre à voſtre attente;

607 2043 2108 96 Mais ſi vous me donniez le loiſir d’un moment,

607 2159 1964 122 Ie vous aſſeurerois d’eſtre icy promptement,

607 2285 1640 122 Et j’estime qu’alors il me ſeroit facile

607 2407 1874 122 Contre cét ennemy de vous faire un azile.

425 2527 2324 128 DOR. Mais avant ton retour ſi quelque instant fatal

607 2653 2090 122 M’expoſoit par malheur aux yeux de ce brutal,

597 2779 2084 118 Et que l’emportement de ſon humeur altiere...

425 2899 2406 96 PYM. Pour ne rien hazarder, cachez-vous là derriere.

425 3021 2390 126 DOR. Souffre que je te ſuive, & que mes tristes pas...

425 3143 2544 126 PYM. I’ay des ſecrets, Monſieur, qui ne le ſouffrent pas,

601 3263 2394 126 Et ne puis rien pour vous à moins que de m’attendre,

611 3393 1800 118 Aviſez au party que vous avez à prendre.

425 3509 2788 124 DOR. Va donc, je t’attendray. PYM. Cette touſſe d’ormeaux

601 3635 2144 118 Vous pourra cependant couvrir de ſes rameaux.

964 3892 1960 192 SCENE VIII.

1213 4229 1260 108 PYMANTE.

603 4483 2190 228 ENfin, graces au Ciel, ayant ſçeu m’en défaire

823 4609 1706 118 Ie puis ſeul aviſer à ce que je dois faire.

601 4731 1746 122 Qui qu'il ſoit, il a veu Roſidor attaqué,

601 4847 2092 122 Et ſçait aſſeurément que nous l’avons manqué:

601 4969 2208 122 N’en étant point connu, je n’en ay rien à craindre,

601 5089 2136 126 Puisqu’ainſi déguiſé, tout ce que je veux feindre

607 5211 1986 122 Sur ſon esprit credule obtient un tel pouvoir.

607 5331 1978 138 Toutefois plus j’y ſonge, & plus je penſe voir

607 5453 1964 126 Par quelque grand effet de vangeance divine

607 5579 1900 92 En ce foible témoin l’autheur de ma ruïne;

2723 5691 208 114 K iij
