4267 6626
3218 474 89 98 5

1245 420 1192 125 COMEDIE

2657 5675 245 112 A iij

609 582 1723 140 Ces viſages d'éclat ſont bons à cajoler,

604 704 2107 141 C’eſt-là qu’un apprentif doit s'instruire à parler,

603 826 2329 145 I’aime à remplir de feux ma bouche en leur preſence,

596 946 1925 141 La mode nous oblige à cette complaiſance,

605 1070 2080 117 Tous ces discours de Livre alors ſont de ſaiſon,

591 1192 1905 141 Il faut feindre du mal, demander gueriſon,

592 1310 2123 141 Donner ſur le Phœbus, promettre des miracles,

587 1434 1947 139 Iurer qu’on briſera toutes ſortes d'obstacles,

586 1554 1923 111 Mais du vent & cela doivent eſtre tout un.

411 1674 2425 146 ERA. Paſſe pour des beautez qui ſont dans le commun.

586 1798 1833 144 C’eſt ainſi qu’autrefois j’amuſay Criſolite,

583 1920 2121 137 Mais c'eſt d’autre façon qu’on doit ſervir Melite.

578 2036 1823 140 Malgré tes ſentimens il me faut accorder

583 2158 1935 139 Que le souverain bien n’eſt qu’à la poſſeder.

578 2280 2337 145 Le jour qu'elle naſquit, Venus, quoy qu’immortelle,

578 2402 1970 142 Penſa mourir de bonte en la voyant ſi belle,

577 2522 1897 141 Les Graces à l’envy deſcendirent des Cieux

578 2646 2237 148 Pour ſe donner l’honneur d’accompagner ſes yeux,

577 2770 2117 149 Et l’Amour qui ne pût entrer dans ſon courage,

578 2884 1823 152 Voulut obstinément loger ſur ſon viſage.

401 3008 2405 148 TIR. Tu le prens d’un haut ton, & je croy qu’au besoin

582 3134 1961 138 Ce discours emphatique iroit encor bien loin.

587 3258 2267 142 Pauvre amant, je te plains, qui ne ſçais pas encore

586 3376 2023 142 Que bien qu’une beauté merite qu'on l’adore,

581 3498 2041 138 Pour en perdre le gouſt, on n’a qu’à l'épouſer.

582 3618 1915 133 Vn bien qui nous eſt dû ſe fait ſi peu priſer,

583 3736 1927 129 Qu'une femme fuſt-elle entre toutes choiſie,

581 3856 1815 134 On en voit en ſix mois paſſer la fantaiſie.

586 3976 2161 142 Tel au bout de ce temps n’en voit plus la beauté

587 4100 1828 140 Qu'avec un esprit ſombre, inquiet, agité;

590 4222 2099 139 Au premier qui luy parle, ou jette l’œil fur elle,

587 4342 2073 139 Mille ſottes frayeurs luy broüillent la cervelle;

590 4462 2047 143 Ce n’eſt plus lors qu’une aide à faire un favory,

591 4584 2199 146 Vn charme pour tout autre & non pour un mary.

418 4703 2247 136 ERA. Ces caprices honteux, & ces chimeres vaines

591 4826 2121 137 Ne ſçauroient ébranler des cervelles bien ſaines,

600 4948 2141 140 Et quiconque a ſceu prendre une fille d’honneur,

601 5066 1925 138 N’a point à redouter l’appas d’un ſuborneur.

424 5185 2231 142 TIR. Peut-eſtre dis-tu vray, mais ce choix difficile

608 5310 1921 136 Aſſez & trop ſouvent trompe le plus habile,

607 5426 2169 144 Et l’Hymen de ſoy-meſme eſt un ſi lourd fardeau,

616 5547 1953 143 Qu'il faut l’apprehender à l'égal du tombeau.
