4267 6735
1004 319 163 180 12

1875 286 1145 213 MELITE,

1571 600 1725 201 SCENE V.

1000 927 2857 159 TIRCIS, PHILANDRE, CLORIS.

988 1206 252 152 TIR.

2436 1088 180 303 S

2644 1240 999 163 I j’en croy l’apparence,

1175 1375 1937 147 Mon arrivée icy fait quelque contre-temps.

986 1495 2727 149 PHI. Que t’en ſemble, Tircis? TIR. Ie vous voy ſi contens,

1171 1619 2301 142 Qu'à ne vous rien celer touchant ce qu’il me ſemble

1165 1743 2051 146 Du divertiſſement que vous preniés enſemble,

1162 1865 2303 146 De moins ſorciers que moy pourroient bien deviner

1157 1991 2047 142 Qu'un troiſiéme ne fait que vous importuner.

974 2111 2747 155 CLO. Dy ce que tu voudras, nos feux n'ont point de crimes,

1153 2239 2033 146 Et pour t’apprehender ils ſont trop legitimes,

1153 2361 2130 151 Puis qu’un Hymen ſacré promis ces jours paſſez

1159 2487 1900 112 Sous ton conſentement les authoriſe aſſez.

969 2611 2237 140 TIR. Ou je te connois mal, ou ſon heure tardive

1152 2733 1771 143 Te deſoblige fort de ce qu’elle n’arrive.

965 2855 2835 123 CLO. Ta belle humeur te tient, mon frere. TIR. Aſſeurément.

960 2981 2591 147 CLO. Le ſujet? TIR. I’en ay trop dans ton contentement.

960 3101 2707 152 CLO. Le cœur t’en dit ailleurs. TIR. Il eſt vray, je te jure,

1139 3227 2599 151 I’ay veu je ne ſçay quoy... CLO. Dy tout, je t’en conjure.

960 3351 2441 148 TIR. Ma foy, ſi ton Philandre avoit veu de mes yeux,

1139 3475 2197 151 Tes affaires, ma ſœur, n’en iroient gueres mieux.

952 3597 2291 146 CLO. I'ay trop de vanité pour croire que Philandre

1136 3725 2199 139 Trouve encor aprés moy qui puiſſe le ſurprendre.

945 3839 2077 146 TIR. Tes vanitez à part, repoſe-t’en ſur moy,

1136 3965 2079 146 Que celle que j’ay veuë eſt bien autre que toy.

943 4087 2393 141 PHI. Parle mieux de l’objet dont mon ame eſt ravie,

1128 4211 2093 144 Ce blaspheſme à tout autre auroit coûté la vie.

946 4335 2833 159 TIR. Nous tomberons d’accord ſans nous mettre en pourpoint.

939 4459 2321 148 CLO. Encor cette beauté, ne la nomme-t’on point?

942 4585 2405 147 TIR. Non pas ſi-toſt, Adieu, ma preſence importune

1123 4709 2099 142 Te laiſſe à la mercy d’Amour, & de la Brune,

1124 4833 1909 144 Continuez les jeux que vous avez quittez.

933 4953 1991 143 CLO. Ne croy pas éviter mes importunitez;

1117 5079 1951 141 Ou tu diras le nom de cette incomparable,

1114 5199 1941 142 Ou je vay de tes pas me rendre inſeparable.

937 5315 2073 142 TIR. Il n’eſt pas fort aiſé d’arracher ce ſecret,

1118 5441 2595 151 Adieu, ne perds point temps. CLO. O l’amoureux diſcret!

1115 5565 2045 143 Et bien, nous allons voir ſi tu ſçauras te taire.
