4267 6701
873 459 124 62 10

1789 401 1128 128 MELITE,

1057 585 2068 124 Et les meilleurs amis lors que ſon feu les preſſe

1057 707 2038 124 Font bien-toſt vanité d'oublier leur promeſſe.

1446 978 1768 176 SCENE IV

1118 1298 2444 132 PHILANDRE, CLORIS.

882 1552 218 145 PHI.

1301 1535 1932 157 E meure, mon ſoucy, tu dois bien me haïr,

1189 1535 84 268 I

1285 1677 2146 140 Tous mes ſoins depuis peu ne vont qu'à te trahir.

879 1815 2132 124 CLO. Ne m'épouvante point, à ta mine je penſe

1069 1933 2112 128 Que le pardon ſuivra de fort prés cette offenſe,

1069 2059 2152 124 Si-toſt que j'auray ſçeu quel eſt ce mauvais tour.

883 2187 2518 122 PHI. Sçache donc qu’il ne vient ſinon de trop d’amour.

881 2309 2318 126 CLO. I’euſſe oſé le gager, qu'ainſi par quelque ruſe

1069 2431 1868 122 Ton crime officieux porteroit ſon excuſe.

887 2557 2282 124 PHI. Ton adorable objet, mon unique vainqueur,

1069 2679 2274 124 Fait naiſtre chaque jour tant de feux en mon cœur,

1073 2801 2366 120 Que leur excez m’accable, & que pour m’en défaire

1069 2923 2140 128 I'y cherche des defauts qui puiſſent me déplaire:

1073 3045 1944 128 I'examine ton teint dont l'éclat me ſurprit,

1073 3173 2114 122 Tes traits de ton viſage, & ceux de ton esprit,

1073 3295 2310 122 Mais je n’en puis trouver un ſeul qui ne me charme

891 3421 2212 118 CLO. Et moy je ſuis ravie, aprés ce peu d’alarme,

1073 3543 1986 128 Qu'ainſi tes ſens trompez te puiſſent obliger

1083 3665 1850 128 A cherir ta Cloris, & jamais ne changer.

899 3787 2152 120 PHI. Ta beauté te répond de ma perſeverance,

1083 3905 2174 124 Et ma foy qui t'en donne une entiere aſſeurance.

899 4031 2186 128 CLO. Voila fort doucement dire que ſans ta foy

1091 4153 1942 124 Ma beauté ne pourroit te conſerver à moy.

905 4281 2120 118 PHI. Ie traiterois trop mal une telle Maiſtreſſe,

1091 4403 2078 122 De l’aimer ſeulement pour tenir ma promeſſe,

1091 4525 1868 122 Ma paſſion en eſt la cauſe, & non l'effet;

1095 4651 1926 124 Outre que tu n'as rien qui ne soit ſi parfait,

1095 4773 2134 124 Qu'on ne peut te ſervir, ſans voir ſur ton viſage

1095 4895 2204 124 Dequoy rendre constant l’homme le plus volage.

913 5021 2268 120 CLO. Ne m'en conte point tant de ma perfection,

1099 5145 1738 96 Tu dois eſtre aſſeuré de mon affection,

1099 5267 1800 122 Et tu perds tout l’effort de ta galanterie

1105 5389 1750 122 Si tu crois l’augmenter par une flaterie.

1105 5511 1810 122 Vne fauſſe loüange eſt un blaſme ſecret,

1105 5633 2064 128 Epargne-moy, de grace, & ſonge plus discret,
