4267 6647
443 593 2259 131 PYM. Le couroux d’une femme impetueux d’abord

619 714 2118 132 Promet tout ce qu’il oſe à ſon premier transport,

618 836 2341 137 Mais comme il n’a pour luy que ſa ſeule impuiſſance,

632 962 1866 127 A force de groſſir il meurt en ſa naiſſance,

619 1078 2005 131 Ou s’étouffant ſoy-meſme, à la fin ne produit

619 1202 2286 131 Que point, ou peu d’effet, après beaucoup de bruit.

434 1327 2363 125 DOR. Va, va, ne pretens pas que le mien s'adouciſſe,

613 1444 1937 131 Il faut que ma fureur, ou l’Enfer te puniſſe,

615 1566 1844 123 Le reste des Humains ne ſçauroit inventer

614 1688 1997 135 De geſne qui te puiſſe à mon gré tourmenter.

620 1810 2280 113 Si tu ne crains mes bras, crains de meilleures armes,

619 1934 2243 134 Crains tout ce que le Ciel m'a departy de charmes;

614 2058 2335 131 Tu ſçais quelle eſt leur force, & ton cœur la reſſent.

614 2178 2308 133 Crains quelle ne m’aſſeure un vangeur plus puiſſant.

619 2300 1909 131 Ce couroux dont tu ris en fera la conqueſte

615 2420 1896 133 De quiconque à ma haine expoſera ta teſte,

614 2548 2257 129 De quiconque mettra ma vangeance en mon choix.

620 2668 2100 128 Adieu, j'en perds le temps à crier dans ces bois,

615 2790 2135 132 Mais tu verras bien-toſt ſi je vaux quelque choſe,

618 2912 2023 133 Et ſi ma rage en vain ſe promet ce qu’elle oſe.

442 3031 2090 134 PYM. I’aime tant cette ardeur à me faire perir,

619 3158 2199 130 Que je veux bien moy-meſme avec vous y courir.

441 3281 2780 133 DOR. Traiſtre, ne me ſuy point. PYM. Prendre ſeule la fuite!

614 3400 2015 135 Vous vous égareriez à marcher ſans conduite,

615 3522 2129 130 Et d’ailleurs voſtre habit où je ne comprens rien

619 3644 1988 129 Peut avoir du mystere auſſi-bien que le mien.

614 3766 1911 99 L’azile dont tantoſt vous faiſiez la demande

614 3886 2260 135 Montre quelque beſoin d'un bras qui vous défende,

619 4012 1907 131 Et mon devoir vers vous ſeroit mal acquité

615 4132 1790 102 S’il ne vous avoit miſe en lieu de ſeureté.

614 4254 2215 136 Vous penſez m'échaper quand je vous le témoigne,

615 4380 2157 132 Mais vous n’irez pas loin que je ne vous rejoigne,

615 4500 2272 135 L’amour que j’ay pour vous, malgré vos dures loix,

622 4622 2223 132 Sçait trop ce qu’il vous doit, & ce que je me dois.

1312 417 1136 127 TRAGEDIE.

3162 454 149 107 87
