4267 6633
1291 368 1188 102 COMEDIE.

3226 410 130 96 19

661 533 1949 107 Chacun en ſon affaire eſt ſon meilleur amy,

657 657 1926 131 Et tout autre intereſt ne touche qu'à demy.

477 774 2224 133 TIR. Que du foudre à tes yeux j’éprouve la furie,

656 901 1677 123 Si rien que ce rival cauſe ma reſverie.

472 1016 2432 135 CLO C’eſt donc aſſeurément ſon bien qui t’eſt ſuspect,

654 1143 2074 130 Son bien te fait reſver, & non pas ſon respect,

647 1263 2015 131 Et toute amitié bas, tu crains que ſa richeſſe

653 1389 1974 123 En dépit de tes feux n’obtienne ta Maîtreſſe.

467 1512 2192 98 TIR. Tu devines, ma ſœur, cela me fait mourir.

470 1632 2313 133 CLO. Ce ſont vaines frayeurs dont je veux te guerir.

648 1757 2174 126 Depuis quand ton Eraste en tient-il pour Melite?

472 1880 2376 131 TIR. Il rend depuis deux ans hommage à ſon merite,

467 1998 2407 127 CLO. Mais dit-il les grands mots? parle-t'il d'epouſer?

467 2118 2670 130 TIR. Presque à chaque moment. CLO. Laiſſe-le donc jaſer,

649 2243 2314 130 Ce malheureux amant ne vaut pas qu’on le craigne,

652 2363 1997 131 Quelque riche qu’il ſoit, Melite le dédaigne:

648 2487 2036 127 Puisqu’on voit ſans effet deux ans d'affection,

648 2611 1784 123 Tu ne dois plus douter de ſon averſion;

651 2733 2313 130 Le temps ne la rendra que plus grande & plus forte,

643 2857 2200 122 On prend ſoudain au mot les hommes de ſa ſorte,

643 2977 1988 133 Et ſans rien hazarder à la moindre longueur

644 3099 2165 128 On leur donne la main dés qu’ils offrent le cœur,

466 3222 1992 126 TIR. Sa mere peut agir de puiſſance abſoluë.

468 3344 2042 128 CLO. Croy que déja l’affaire en ſeroit reſoluë,

647 3467 1769 125 Et qu’il auroit déja dequoy ſe contenter

649 3587 1658 94 Si ſa mere étoit femme à la violenter.

467 3704 2290 125 TIR. Ma crainte diminuë, & ma douleur s’appaiſe,

648 3827 2083 126 Mais ſi je t’abandonne, excuſe mon trop d’aiſe,

652 3947 1552 96 Avec cette lumiere & ma dexterité

648 4071 1672 123 I'en veux aller ſçavoir toute la verité.

657 4193 2403 131 Adieu! CLO. Moy, je m'en vay paiſiblement attendre

653 4317 1762 123 Le retour deſiré du pareſſeux Philandre.

653 4437 1788 95 Vn moment de froideur le fera ſouvenir

656 4561 2015 113 Qu'il faut une autre fois tarder moins à venir.

2741 5637 185 116 C ij
