4267 6647
2625 5691 196 117 L ij

1186 414 1332 108 TRAGEDIE.

3125 403 183 211 83

3297 1177 266 92 a il parle

3293 1272 273 82 en priſon

938 706 1720 180 SCENE III

1162 1026 1360 112 CLITANDRE.a

674 1279 1664 155 E ne ſçay ſi je veille, ou ſi ma reſverie

576 1268 112 282 I

703 1412 1929 138 A mes ſens endormis fait quelque tromperie,

581 1549 1830 96 Peu s'en faut dans l’excès de ma confuſion

581 1679 1766 114 Que je ne prenne tout pour une illuſion.

581 1797 2000 122 Clitandre priſonnier! je n'en fais pas croyable,

581 1917 1948 122 Ny l'air ſale & puant d’un cachot effroyable,

581 2043 1696 118 Ny de ce foible jour l'incertaine clarté,

577 2165 1808 116 Ny le poids de ces fers dont je ſuis arreté;

577 2285 2086 118 Ie les ſens, je les voy, mais mon ame innocente

577 2407 2180 122 Dément tous les objets que mon œil luy preſente,

581 2527 1632 96 Et le deſavoüant, défend à ma raiſon

581 2653 1658 118 De me perſuader que je ſois en priſon,

577 2775 1870 96 Iamais aucun forfait, aucun deſſein infame

571 2895 2238 122 N’a pû fouiller ma main, ny gliſſer dans mon ame,

577 3021 1732 110 Et je ſuis retenu dans ces funestes lieux!

577 3143 2276 116 Non, cela ne ſe peut, vous vous trompez, mes yeux,

577 3263 2160 122 I’aime mieux rejetter vos plus clairs témoignages,

577 3381 2238 122 I’aime mieux démentir ce qu’on me fait d’outrages,

577 3505 1726 122 Que de m’imaginer ſous un ſi juste Roy

581 3627 2164 118 Qu’on peuple les priſons d’innocens comme moy.

659 3743 2130 122 Cependant je m’y trouve, & bien que ma penſée

571 3869 1902 122 Recherche à la rigueur ma conduite paſſée,

571 3995 1694 92 Mon exacte cenſure a beau l’examiner,

567 4115 1802 118 Le crime qui me perd ne ſe peut deviner,

571 4237 2052 122 Et quelque grand effort que faſſe ma memoire,

571 4359 1862 122 Elle ne me fournit que des ſujets de gloire.

571 4479 2130 118 Ah Prince, c’eſt quelqu’un de vos faveurs jaloux

571 4601 1974 122 Qui m’impute à forfait d’eſtre chery de vous,

571 4721 2222 122 Le temps qu’on m’en ſepare, on le donne à l’Envie,

571 4843 1832 96 Comme une liberté d’attenter ſur ma vie,

567 4969 2062 112 Le cœur vous le diſoit, & je ne ſçay comment

577 5085 1968 122 Mon destin me pouſſa dans cét aveuglement,

571 5207 1754 118 De rejetter l’avis de mon Dieu tutelaire;

577 5327 1938 100 C’eſt là ma ſeule faute, & c’en eſt le ſalaire.

577 5453 1674 118 C’en eſt le châtiment que je reçois icy,

577 5575 2180 122 On vous vange, mon Prince , en me traitant ainſi;
