4267 6606
1739 368 1113 121 DISCOVRS

776 313 99 176 x

777 529 3031 158 s'énoncer ſur les Maximes de la Morale, & de la Politique. Tous

774 653 3033 154 mes Poëmes demeureroient bien estropiez, ſi on en retranchoit ce que j'y

773 769 3033 168 en ay meſlé; mais encor un coup, il ne les faut pas pouſſer loin ſans les

774 889 3035 168 appliquer au particulier, autrement c'eſt un lieu commun, qui ne man¬

767 1013 3041 164 que jamais d'ennuyer l’Auditeur, parce qu'il fait languir l’action, &

770 1133 3033 168 quelque heureuſement que reüſſiſſe cet étalage de Moralitez, il faut toû¬

760 1257 3046 160 jours craindre que ce ne ſoit un de ces ornements ambitieux, qu'Horace

766 1385 1150 104 nous ordonne de retrancher.

898 1502 2905 157 I’avoüeray toutefois que les discours generaux ont ſouvent grace,

757 1621 3045 164 quand celuy qui les prononce & celuy qui les écoute ont tous deux l’es¬

748 1735 3043 166 prit aſſeZ tranquille, pour ſe donner raiſonnablement cette patience.

753 1861 3049 156 Dans le quatriéme Acte de Melite, la joye quelle a d'eſtre aimée de

752 1983 3045 156 Tircis luy fait ſouffrir ſans chagrin la remontrance de ſa Nourrice,

753 2105 3047 154 qui de ſon coſté fatisfait à cette démangeaifon, qu'Horace attribuë

748 2225 3049 156 aux vieilles gens, de faire des leçons aux jeunes; mais ſi elle ſçavoit

728 2345 3064 153 que Tircis la crûſt infidelle, & qu'il en fuſt au deſespoir, comme elle

747 2453 3046 170 l'apprend en ſuite, elle tien ſouffriroit pas quatre vers. Quelquefois

744 2577 3051 164 meſme ces discours ſont neceſſaires, pour appuyer des ſentimens, dont

741 2709 3047 156 le raiſonnement ne ſe peut fonder ſur aucune des actions particulieres

736 2831 3047 152 de ceux dont on parle. Rodogune au premier Acte ne ſçauroit justi¬

711 2952 3081 157 fier la défiance qu'elle a de Cleopatre, que par le peu de ſincerité qu'il

714 3073 3065 158 y a d’ordinaire dans les reconciliations des Grands après une offenſe ſi¬

731 3195 3053 154 gnalée, parce que depuis le Traité de Paix, cette Reine n’a rien fait

732 3305 3047 172 qui la doive rendre ſuspecte de cette haine, qu'elle luy conſerve dans

727 3421 3049 168 le cœur. L’aſſeurance que prend Meliſſe au quatriéme de la Suite du

727 3553 3044 159 Menteur ſur les premieres protestations d’amour que luy fait Dorante,

722 3675 3049 160 qu'elle n’a veu qu’une feule fois, ne ſe peut authoriſer que ſur la faci¬

723 3793 3043 157 lité & la promptitude que deux Amants neZ l’un pour l’autre ont à

722 3915 3043 163 donner croyance à ce qu’ils s’entrediſent; & les douze vers qui expri¬

719 4037 3043 163 ment cette Moralité en termes generaux ont tellement plû, que beau¬

718 4157 3035 161 coup de gens d’esprit n’ont pas dédaigné d’en charger leur memoire.

713 4261 3045 183 Vous en trouvereZ icy quelques autres de cette nature. La ſeule regle

714 4399 3047 163 qu’on y peut établir, c'eſt qu'il les faut placer judicieuſement, & ſur

711 4515 3037 167 tout les mettre en la bouche de gens qui ayent l’esprit ſans embarras, &

710 4643 2367 145 qui ne ſoient point emportez, par la chaleur de l'action.

844 4762 2899 166 La ſeconde utilité du Poëme Dramatique ſe rencontre en la naïfve

691 4880 3049 168 peinture des vices & des vertus, qui ne manque jamais à faire ſon

700 4988 3035 184 effet, quand elle eſt bien achevée, & que les traits en ſont ſi reconnoiſ¬

675 5108 3057 184 ſables, qu’on ne les peut confondre l’un dans l’autre, ny prendre le vice

690 5246 3039 168 pour vertu. Celle-cy ſe fait alors toûjours aimer, quoy que mal-heureuſe,

705 5359 3023 177 & celuy-là ſe fait toûjours haïr, bien que triomphant. Les Anciens ſe

676 5480 3047 176 ſont fort ſouvent contentez de cette peinture, ſans ſe mettre en peine de
