<?xml version="1.0" encoding="UTF-8"?>
<alto xmlns:xsi="http://www.w3.org/2001/XMLSchema-instance"
      xmlns="http://www.loc.gov/standards/alto/ns-v4#"
      xsi:schemaLocation="http://www.loc.gov/standards/alto/ns-v4# https://gitlab.inria.fr/scripta/escriptorium/-/raw/develop/app/escriptorium/static/alto-4-1-baselines.xsd">
  <Description>
    <MeasurementUnit>pixel</MeasurementUnit>
    <sourceImageInformation>
      <fileName>Corneille1664_Theatre_bpt6k10403751_corrected_0077.png</fileName>
    </sourceImageInformation>
  </Description>
  
  <Tags>
    <OtherTag ID="BT1" LABEL="Title" DESCRIPTION="block type Title"/><OtherTag ID="BT2" LABEL="Main" DESCRIPTION="block type Main"/><OtherTag ID="BT169" LABEL="Damage" DESCRIPTION="block type Damage"/><OtherTag ID="BT170" LABEL="Decoration" DESCRIPTION="block type Decoration"/><OtherTag ID="BT171" LABEL="DropCapital" DESCRIPTION="block type DropCapital"/><OtherTag ID="BT172" LABEL="Figure" DESCRIPTION="block type Figure"/><OtherTag ID="BT173" LABEL="Margin" DESCRIPTION="block type Margin"/><OtherTag ID="BT174" LABEL="MusicNotation" DESCRIPTION="block type MusicNotation"/><OtherTag ID="BT175" LABEL="Numbering" DESCRIPTION="block type Numbering"/><OtherTag ID="BT176" LABEL="RunningTitle" DESCRIPTION="block type RunningTitle"/><OtherTag ID="BT177" LABEL="Seal" DESCRIPTION="block type Seal"/><OtherTag ID="BT178" LABEL="Signatures" DESCRIPTION="block type Signatures"/><OtherTag ID="BT179" LABEL="Stamp" DESCRIPTION="block type Stamp"/><OtherTag ID="BT180" LABEL="Table" DESCRIPTION="block type Table"/>
    <OtherTag ID="LT75" LABEL="Default" DESCRIPTION="line type Default"/><OtherTag ID="LT76" LABEL="DropCapitalLine" DESCRIPTION="line type DropCapitalLine"/><OtherTag ID="LT77" LABEL="Interlinear" DESCRIPTION="line type Interlinear"/><OtherTag ID="LT78" LABEL="MusicLine" DESCRIPTION="line type MusicLine"/><OtherTag ID="LT79" LABEL="Rubric" DESCRIPTION="line type Rubric"/>
  </Tags>
  
  <Layout>
    <Page WIDTH="4267"
          HEIGHT="6626"
          PHYSICAL_IMG_NR="21"
          ID="eSc_dummypage_">
      <PrintSpace HPOS="0"
                  VPOS="0"
                  WIDTH="4267"
                  HEIGHT="6626">
        
        <TextBlock HPOS="1304"
                   VPOS="440"
                   WIDTH="1178"
                   HEIGHT="110"
                   ID="r_1_1"
                   TAGREFS="BT176">
          <Shape><Polygon POINTS="1304 440 2482 440 2482 550 1304 550"/></Shape>
          
          
          <TextLine ID="tl_1"
                    TAGREFS="LT75"
                    BASELINE="1305 541 2481 549" 
                    HPOS="1305"
                    VPOS="441"
                    WIDTH="1176"
                    HEIGHT="108">
            <Shape><Polygon POINTS="1305 441 2481 441 2481 549 1305 549"/></Shape>
	    <String CONTENT="COMEDIE."
                    HPOS="1305"
                    VPOS="441"
                    WIDTH="1176"
                    HEIGHT="108"></String>
          </TextLine>

          
        </TextBlock>
        
        <TextBlock HPOS="3271"
                   VPOS="482"
                   WIDTH="95"
                   HEIGHT="98"
                   ID="r_2_1"
                   TAGREFS="BT175">
          <Shape><Polygon POINTS="3271 482 3366 482 3366 580 3271 580"/></Shape>
          
          
          <TextLine ID="tl_2"
                    TAGREFS="LT75"
                    BASELINE="3272 579 3365 579" 
                    HPOS="3272"
                    VPOS="483"
                    WIDTH="93"
                    HEIGHT="96">
            <Shape><Polygon POINTS="3272 483 3365 483 3365 579 3272 579"/></Shape>
	    <String CONTENT="7"
                    HPOS="3272"
                    VPOS="483"
                    WIDTH="93"
                    HEIGHT="96"></String>
          </TextLine>

          
        </TextBlock>
        
        <TextBlock HPOS="767"
                   VPOS="1342"
                   WIDTH="252"
                   HEIGHT="264"
                   ID="eSc_textblock_002b034b"
                   TAGREFS="BT171">
          <Shape><Polygon POINTS="767 1342 767 1606 1019 1606 1019 1342"/></Shape>
          
        </TextBlock>
        
        <TextBlock HPOS="288"
                   VPOS="719"
                   WIDTH="3080"
                   HEIGHT="5118"
                   ID="eSc_textblock_ac1d5404"
                   TAGREFS="BT2">
          <Shape><Polygon POINTS="288 719 288 5837 3368 5837 3368 719"/></Shape>
          
          
          <TextLine ID="tl_3"
                    TAGREFS="LT75"
                    BASELINE="1023 880 2228 880 2748 885" 
                    HPOS="1023"
                    VPOS="704"
                    WIDTH="1725"
                    HEIGHT="181">
            <Shape><Polygon POINTS="1023 704 2748 704 2748 885 1023 885"/></Shape>
	    <String CONTENT="SCENE II"
                    HPOS="1023"
                    VPOS="704"
                    WIDTH="1725"
                    HEIGHT="181"></String>
          </TextLine>

          
          
          <TextLine ID="tl_4"
                    TAGREFS="LT75"
                    BASELINE="515 1159 1395 1173 2431 1176 3311 1167" 
                    HPOS="515"
                    VPOS="1038"
                    WIDTH="2796"
                    HEIGHT="141">
            <Shape><Polygon POINTS="515 1038 3311 1038 3311 1179 515 1179"/></Shape>
	    <String CONTENT="ERASTE, MELITE, TIRCIS."
                    HPOS="515"
                    VPOS="1038"
                    WIDTH="2796"
                    HEIGHT="141"></String>
          </TextLine>

          
          
          <TextLine ID="tl_5"
                    TAGREFS="LT75"
                    BASELINE="463 1440 549 1440 743 1437" 
                    HPOS="458"
                    VPOS="1314"
                    WIDTH="271"
                    HEIGHT="182">
            <Shape><Polygon POINTS="458 1435 480 1314 591 1314 619 1341 729 1325 729 1479 602 1496 563 1468 469 1468"/></Shape>
	    <String CONTENT="ERA."
                    HPOS="458"
                    VPOS="1314"
                    WIDTH="271"
                    HEIGHT="182"></String>
          </TextLine>

          
          
          <TextLine ID="eSc_line_a57cc764"
                    TAGREFS="LT76"
                    BASELINE="1007 1434 1075 1433 1325 1434 1603 1443 2077 1446 2473 1438 2585 1440 2995 1455" 
                    HPOS="1005"
                    VPOS="1303"
                    WIDTH="1985"
                    HEIGHT="165">
            <Shape><Polygon POINTS="1005 1430 1017 1330 1138 1314 1188 1336 1365 1303 1426 1330 1464 1308 1519 1341 1774 1308 1984 1347 2144 1314 2221 1336 2343 1319 2415 1347 2509 1319 2653 1319 2785 1352 2846 1319 2907 1352 2979 1352 2990 1452 2564 1468 2481 1441 2249 1463 2028 1463 1978 1441 1011 1441"/></Shape>
	    <String CONTENT="E deux amis, Madame, appaiſez la querelle,"
                    HPOS="1005"
                    VPOS="1303"
                    WIDTH="1985"
                    HEIGHT="165"></String>
          </TextLine>

          
          
          <TextLine ID="tl_6"
                    TAGREFS="LT76"
                    BASELINE="790 1567 863 1567 999 1567" 
                    HPOS="784"
                    VPOS="1303"
                    WIDTH="210"
                    HEIGHT="292">
            <Shape><Polygon POINTS="784 1562 795 1308 972 1303 994 1562 923 1595 795 1595"/></Shape>
	    <String CONTENT="D"
                    HPOS="784"
                    VPOS="1303"
                    WIDTH="210"
                    HEIGHT="292"></String>
          </TextLine>

          
          
          <TextLine ID="eSc_line_9a545af8"
                    TAGREFS="LT75"
                    BASELINE="1039 1566 1175 1558 1513 1555 1943 1558 2055 1554 2383 1563 2613 1564 2986 1581" 
                    HPOS="1033"
                    VPOS="1435"
                    WIDTH="1951"
                    HEIGHT="160">
            <Shape><Polygon POINTS="1033 1562 1039 1435 1127 1468 1276 1468 1337 1435 1376 1468 1437 1474 1497 1441 1702 1446 1730 1474 1823 1479 2111 1446 2144 1479 2210 1485 2304 1485 2343 1452 2382 1479 2492 1452 2525 1485 2603 1490 2724 1457 2874 1457 2907 1490 2968 1485 2984 1579 2890 1595 2680 1573 2630 1595 2503 1590 2481 1568 2221 1584 2166 1562 1917 1584 1807 1562 1050 1568"/></Shape>
	    <String CONTENT="Vn esclave d’Amour le défend d’un rebelle,"
                    HPOS="1033"
                    VPOS="1435"
                    WIDTH="1951"
                    HEIGHT="160"></String>
          </TextLine>

          
          
          <TextLine ID="tl_7"
                    TAGREFS="LT75"
                    BASELINE="644 1684 726 1680 1158 1679 1308 1680 1576 1679 1754 1679 1916 1684 2232 1681 2504 1694" 
                    HPOS="644"
                    VPOS="1590"
                    WIDTH="1860"
                    HEIGHT="128">
            <Shape><Polygon POINTS="644 1590 2504 1590 2504 1718 644 1718"/></Shape>
	    <String CONTENT="Si toutefois un cœur qui n’a jamais aimé,"
                    HPOS="644"
                    VPOS="1590"
                    WIDTH="1860"
                    HEIGHT="128"></String>
          </TextLine>

          
          
          <TextLine ID="tl_8"
                    TAGREFS="LT75"
                    BASELINE="640 1810 726 1804 900 1801 1158 1801 1390 1800 1530 1805 1722 1813 1960 1804 2194 1809 2418 1805 2820 1809" 
                    HPOS="640"
                    VPOS="1712"
                    WIDTH="2180"
                    HEIGHT="129">
            <Shape><Polygon POINTS="640 1712 2820 1712 2820 1841 640 1841"/></Shape>
	    <String CONTENT="Fier &amp; vain qu’il en eſt, peut dire ainſi nommé."
                    HPOS="640"
                    VPOS="1712"
                    WIDTH="2180"
                    HEIGHT="129"></String>
          </TextLine>

          
          
          <TextLine ID="tl_9"
                    TAGREFS="LT75"
                    BASELINE="643 1930 999 1925 1171 1926 1287 1922 1701 1925 1899 1930 2007 1930 2253 1929 2391 1967 2677 1934" 
                    HPOS="643"
                    VPOS="1834"
                    WIDTH="2035"
                    HEIGHT="134">
            <Shape><Polygon POINTS="643 1834 2678 1834 2678 1968 643 1968"/></Shape>
	    <String CONTENT="Comme dés le moment que je vous ay ſervie"
                    HPOS="643"
                    VPOS="1834"
                    WIDTH="2035"
                    HEIGHT="134"></String>
          </TextLine>

          
          
          <TextLine ID="tl_10"
                    TAGREFS="LT75"
                    BASELINE="643 2050 803 2084 1023 2047 1249 2046 1525 2047 1727 2047 1843 2048 2267 2051 2473 2060" 
                    HPOS="643"
                    VPOS="1958"
                    WIDTH="1830"
                    HEIGHT="132">
            <Shape><Polygon POINTS="643 1958 2473 1958 2473 2090 643 2090"/></Shape>
	    <String CONTENT="I&#39;ay creu qu’il eſtoit feul la veritable vie,"
                    HPOS="643"
                    VPOS="1958"
                    WIDTH="1830"
                    HEIGHT="132"></String>
          </TextLine>

          
          
          <TextLine ID="tl_11"
                    TAGREFS="LT75"
                    BASELINE="638 2176 709 2172 801 2172 931 2169 1103 2167 1655 2167 1853 2168 1979 2168 2173 2169 2313 2167 2677 2172" 
                    HPOS="638"
                    VPOS="2078"
                    WIDTH="2039"
                    HEIGHT="128">
            <Shape><Polygon POINTS="638 2078 2677 2078 2677 2206 638 2206"/></Shape>
	    <String CONTENT="Il n&#39;eſt pas merveilleux que ce peu de rapport"
                    HPOS="638"
                    VPOS="2078"
                    WIDTH="2039"
                    HEIGHT="128"></String>
          </TextLine>

          
          
          <TextLine ID="tl_12"
                    TAGREFS="LT75"
                    BASELINE="642 2296 890 2293 1076 2291 1318 2292 1628 2293 1774 2291 2020 2292 2128 2292 2516 2292" 
                    HPOS="642"
                    VPOS="2202"
                    WIDTH="1874"
                    HEIGHT="124">
            <Shape><Polygon POINTS="642 2202 2516 2202 2516 2326 642 2326"/></Shape>
	    <String CONTENT="Entre nos deux esprits ait ſemé le discord."
                    HPOS="642"
                    VPOS="2202"
                    WIDTH="1874"
                    HEIGHT="124"></String>
          </TextLine>

          
          
          <TextLine ID="tl_13"
                    TAGREFS="LT75"
                    BASELINE="648 2418 730 2418 898 2421 1084 2413 1338 2414 1614 2415 1938 2418 2060 2418 2568 2430" 
                    HPOS="648"
                    VPOS="2322"
                    WIDTH="1920"
                    HEIGHT="128">
            <Shape><Polygon POINTS="648 2322 2568 2322 2568 2450 648 2450"/></Shape>
	    <String CONTENT="Ie me ſuis donc piqué contre ſa médiſance,"
                    HPOS="648"
                    VPOS="2322"
                    WIDTH="1920"
                    HEIGHT="128"></String>
          </TextLine>

          
          
          <TextLine ID="tl_14"
                    TAGREFS="LT75"
                    BASELINE="651 2538 874 2539 1086 2539 1222 2534 1661 2547 1810 2539 2024 2538 2659 2556" 
                    HPOS="651"
                    VPOS="2446"
                    WIDTH="2009"
                    HEIGHT="110">
            <Shape><Polygon POINTS="651 2446 2660 2446 2660 2556 651 2556"/></Shape>
	    <String CONTENT="Avec tant de malheur, ou tant d’inſuffiſance,"
                    HPOS="651"
                    VPOS="2446"
                    WIDTH="2009"
                    HEIGHT="110"></String>
          </TextLine>

          
          
          <TextLine ID="tl_15"
                    TAGREFS="LT75"
                    BASELINE="647 2684 843 2665 1015 2659 1305 2660 1391 2664 1689 2659 1823 2660 1921 2664 2207 2663 2589 2668" 
                    HPOS="647"
                    VPOS="2570"
                    WIDTH="1942"
                    HEIGHT="128">
            <Shape><Polygon POINTS="647 2570 2589 2570 2589 2698 647 2698"/></Shape>
	    <String CONTENT="Que des droits ſi ſacrez &amp; ſi pleins d’équité"
                    HPOS="647"
                    VPOS="2570"
                    WIDTH="1942"
                    HEIGHT="128"></String>
          </TextLine>

          
          
          <TextLine ID="tl_16"
                    TAGREFS="LT75"
                    BASELINE="647 2786 903 2785 1045 2779 1163 2786 1547 2785 1685 2783 1801 2787 2229 2799" 
                    HPOS="647"
                    VPOS="2696"
                    WIDTH="1582"
                    HEIGHT="125">
            <Shape><Polygon POINTS="647 2696 2229 2696 2229 2821 647 2821"/></Shape>
	    <String CONTENT="N’ont pu ſe garantir de ſa ſubtilité,"
                    HPOS="647"
                    VPOS="2696"
                    WIDTH="1582"
                    HEIGHT="125"></String>
          </TextLine>

          
          
          <TextLine ID="tl_17"
                    TAGREFS="LT75"
                    BASELINE="650 2910 752 2910 860 2909 1232 2910 1394 2940 1486 2909 1744 2909 1956 2910 2146 2911 2620 2926" 
                    HPOS="650"
                    VPOS="2816"
                    WIDTH="1971"
                    HEIGHT="130">
            <Shape><Polygon POINTS="650 2816 2621 2816 2621 2946 650 2946"/></Shape>
	    <String CONTENT="Et je l&#39;amene icy n&#39;ayant plus que répondre,"
                    HPOS="650"
                    VPOS="2816"
                    WIDTH="1971"
                    HEIGHT="130"></String>
          </TextLine>

          
          
          <TextLine ID="tl_18"
                    TAGREFS="LT75"
                    BASELINE="656 3030 726 3030 976 3027 1170 3030 1360 3026 1602 3031 1714 3031 2128 3034 2434 3039 2956 3035" 
                    HPOS="656"
                    VPOS="2940"
                    WIDTH="2300"
                    HEIGHT="127">
            <Shape><Polygon POINTS="656 2940 2956 2940 2956 3067 656 3067"/></Shape>
	    <String CONTENT="Aſſeuré que vos yeux le ſçauront mieux confondre."
                    HPOS="656"
                    VPOS="2940"
                    WIDTH="2300"
                    HEIGHT="127"></String>
          </TextLine>

          
          
          <TextLine ID="tl_19"
                    TAGREFS="LT75"
                    BASELINE="479 3160 618 3160 1072 3151 1374 3150 1792 3155 2120 3156 2348 3159 2840 3161" 
                    HPOS="479"
                    VPOS="3061"
                    WIDTH="2361"
                    HEIGHT="132">
            <Shape><Polygon POINTS="479 3061 2840 3061 2840 3193 479 3193"/></Shape>
	    <String CONTENT="MEL. Vous deviez l’aſſeurer plûtoſt qu’il trouveroit"
                    HPOS="479"
                    VPOS="3061"
                    WIDTH="2361"
                    HEIGHT="132"></String>
          </TextLine>

          
          
          <TextLine ID="tl_20"
                    TAGREFS="LT75"
                    BASELINE="657 3276 773 3274 907 3275 1231 3272 1635 3275 1817 3276 1929 3280 2499 3280" 
                    HPOS="657"
                    VPOS="3184"
                    WIDTH="1842"
                    HEIGHT="130">
            <Shape><Polygon POINTS="657 3184 2499 3184 2499 3314 657 3314"/></Shape>
	    <String CONTENT="En ce mépris d’amour qui le ſeconderoit."
                    HPOS="657"
                    VPOS="3184"
                    WIDTH="1842"
                    HEIGHT="130"></String>
          </TextLine>

          
          
          <TextLine ID="tl_21"
                    TAGREFS="LT75"
                    BASELINE="475 3402 577 3402 827 3396 933 3397 1201 3396 1339 3396 1595 3397 1727 3401 1925 3402 2037 3406 2401 3405 2827 3419" 
                    HPOS="475"
                    VPOS="3305"
                    WIDTH="2352"
                    HEIGHT="134">
            <Shape><Polygon POINTS="475 3305 2827 3305 2827 3439 475 3439"/></Shape>
	    <String CONTENT="TIR. Si le cœur ne dédit ce que la bouche exprime,"
                    HPOS="475"
                    VPOS="3305"
                    WIDTH="2352"
                    HEIGHT="134"></String>
          </TextLine>

          
          
          <TextLine ID="tl_22"
                    TAGREFS="LT75"
                    BASELINE="650 3522 753 3518 891 3521 1073 3521 1211 3522 1581 3521 1785 3527 1999 3526 2275 3531 2624 3534" 
                    HPOS="650"
                    VPOS="3432"
                    WIDTH="1975"
                    HEIGHT="126">
            <Shape><Polygon POINTS="650 3432 2625 3432 2625 3558 650 3558"/></Shape>
	    <String CONTENT="Et ne fait de l’amour une plus haute estime,"
                    HPOS="650"
                    VPOS="3432"
                    WIDTH="1975"
                    HEIGHT="126"></String>
          </TextLine>

          
          
          <TextLine ID="tl_23"
                    TAGREFS="LT75"
                    BASELINE="656 3642 740 3642 1028 3639 1180 3640 1744 3643 1830 3642 2008 3642 2250 3643 2392 3645 2762 3642" 
                    HPOS="656"
                    VPOS="3552"
                    WIDTH="2106"
                    HEIGHT="128">
            <Shape><Polygon POINTS="656 3552 2762 3552 2762 3680 656 3680"/></Shape>
	    <String CONTENT="Ie plains les malheureux à qui vous en donnez"
                    HPOS="656"
                    VPOS="3552"
                    WIDTH="2106"
                    HEIGHT="128"></String>
          </TextLine>

          
          
          <TextLine ID="tl_24"
                    TAGREFS="LT75"
                    BASELINE="660 3760 1016 3759 1102 3759 1576 3761 1852 3760 2034 3764 2242 3763 2444 3763 2862 3763" 
                    HPOS="660"
                    VPOS="3670"
                    WIDTH="2202"
                    HEIGHT="131">
            <Shape><Polygon POINTS="660 3670 2862 3670 2862 3801 660 3801"/></Shape>
	    <String CONTENT="Comme à d’étranges maux par leur ſort destinez."
                    HPOS="660"
                    VPOS="3670"
                    WIDTH="2202"
                    HEIGHT="131"></String>
          </TextLine>

          
          
          <TextLine ID="tl_25"
                    TAGREFS="LT75"
                    BASELINE="475 3886 615 3886 959 3885 1383 3880 1581 3879 1843 3886 2073 3884 2369 3889 2857 3897" 
                    HPOS="475"
                    VPOS="3793"
                    WIDTH="2383"
                    HEIGHT="128">
            <Shape><Polygon POINTS="475 3793 2858 3793 2858 3921 475 3921"/></Shape>
	    <String CONTENT="MEL. Ce reproche ſans cauſe avec raiſon m’étonne,"
                    HPOS="475"
                    VPOS="3793"
                    WIDTH="2383"
                    HEIGHT="128"></String>
          </TextLine>

          
          
          <TextLine ID="tl_26"
                    TAGREFS="LT75"
                    BASELINE="657 4006 739 4006 877 4005 1153 4035 1603 4013 1727 4005 1943 4006 2257 4009 2345 4009 2805 4023" 
                    HPOS="657"
                    VPOS="3914"
                    WIDTH="2148"
                    HEIGHT="131">
            <Shape><Polygon POINTS="657 3914 2805 3914 2805 4045 657 4045"/></Shape>
	    <String CONTENT="Ie ne reçoy d’amour, &amp; n’en donne à perſonne,"
                    HPOS="657"
                    VPOS="3914"
                    WIDTH="2148"
                    HEIGHT="131"></String>
          </TextLine>

          
          
          <TextLine ID="tl_27"
                    TAGREFS="LT75"
                    BASELINE="660 4126 809 4126 1185 4126 1325 4126 1671 4125 1801 4131 2003 4130 2111 4134 2361 4135 2669 4134 2711 4130" 
                    HPOS="660"
                    VPOS="4036"
                    WIDTH="2051"
                    HEIGHT="130">
            <Shape><Polygon POINTS="660 4036 2711 4036 2711 4166 660 4166"/></Shape>
	    <String CONTENT="Les moyens de donner ce que je n’eus jamais?"
                    HPOS="660"
                    VPOS="4036"
                    WIDTH="2051"
                    HEIGHT="130"></String>
          </TextLine>

          
          
          <TextLine ID="tl_28"
                    TAGREFS="LT75"
                    BASELINE="484 4248 572 4248 904 4247 1144 4247 1360 4250 1584 4283 1770 4255 1962 4250 2180 4255 2422 4255 2880 4255" 
                    HPOS="484"
                    VPOS="4161"
                    WIDTH="2396"
                    HEIGHT="128">
            <Shape><Polygon POINTS="484 4161 2880 4161 2880 4289 484 4289"/></Shape>
	    <String CONTENT="ERA. Ils vous ſont trop aiſez, &amp; par vous deſormais"
                    HPOS="484"
                    VPOS="4161"
                    WIDTH="2396"
                    HEIGHT="128"></String>
          </TextLine>

          
          
          <TextLine ID="tl_29"
                    TAGREFS="LT75"
                    BASELINE="664 4368 784 4368 1112 4367 1352 4372 1584 4407 1948 4376 2132 4377 2578 4390" 
                    HPOS="664"
                    VPOS="4288"
                    WIDTH="1914"
                    HEIGHT="124">
            <Shape><Polygon POINTS="664 4288 2578 4288 2578 4412 664 4412"/></Shape>
	    <String CONTENT="La Nature pour moy montre ſon injustice,"
                    HPOS="664"
                    VPOS="4288"
                    WIDTH="1914"
                    HEIGHT="124"></String>
          </TextLine>

          
          
          <TextLine ID="tl_30"
                    TAGREFS="LT75"
                    BASELINE="669 4488 740 4488 1154 4489 1338 4492 1614 4493 1862 4498 2232 4501 2470 4502 2869 4497" 
                    HPOS="669"
                    VPOS="4408"
                    WIDTH="2201"
                    HEIGHT="125">
            <Shape><Polygon POINTS="669 4408 2870 4408 2870 4533 669 4533"/></Shape>
	    <String CONTENT="A pervertir ſon cours pour croiſtre mon ſupplice."
                    HPOS="669"
                    VPOS="4408"
                    WIDTH="2201"
                    HEIGHT="125"></String>
          </TextLine>

          
          
          <TextLine ID="tl_31"
                    TAGREFS="LT75"
                    BASELINE="487 4618 623 4618 1205 4614 1749 4627 1873 4618 2051 4620 2249 4621 2431 4621 2891 4617" 
                    HPOS="487"
                    VPOS="4525"
                    WIDTH="2404"
                    HEIGHT="134">
            <Shape><Polygon POINTS="487 4525 2891 4525 2891 4659 487 4659"/></Shape>
	    <String CONTENT="MEL. Supplice imaginaire, &amp; qui ſent ſon moqueur."
                    HPOS="487"
                    VPOS="4525"
                    WIDTH="2404"
                    HEIGHT="134"></String>
          </TextLine>

          
          
          <TextLine ID="tl_32"
                    TAGREFS="LT75"
                    BASELINE="489 4736 573 4736 1167 4736 1335 4734 1727 4747 1845 4740 2081 4742 2331 4755 2469 4748 2715 4746 3005 4739" 
                    HPOS="489"
                    VPOS="4643"
                    WIDTH="2516"
                    HEIGHT="130">
            <Shape><Polygon POINTS="489 4643 3005 4643 3005 4773 489 4773"/></Shape>
	    <String CONTENT="ERA. Supplice qui déchire, &amp; mon ame, &amp; mon cœur."
                    HPOS="489"
                    VPOS="4643"
                    WIDTH="2516"
                    HEIGHT="130"></String>
          </TextLine>

          
          
          <TextLine ID="tl_33"
                    TAGREFS="LT75"
                    BASELINE="492 4860 628 4860 908 4855 1050 4855 1256 4854 1534 4859 1804 4859 2030 4868 2120 4864 2332 4867 2620 4868" 
                    HPOS="492"
                    VPOS="4769"
                    WIDTH="2128"
                    HEIGHT="133">
            <Shape><Polygon POINTS="492 4769 2620 4769 2620 4902 492 4902"/></Shape>
	    <String CONTENT="MEL. Il eſt rare qu’on porte avec ſi bon viſage"
                    HPOS="492"
                    VPOS="4769"
                    WIDTH="2128"
                    HEIGHT="133"></String>
          </TextLine>

          
          
          <TextLine ID="tl_34"
                    TAGREFS="LT75"
                    BASELINE="678 4976 942 4981 1068 4981 1184 4976 1438 4980 1882 4984 2020 4984 2120 4984 2382 4989 2836 4985" 
                    HPOS="678"
                    VPOS="4890"
                    WIDTH="2158"
                    HEIGHT="135">
            <Shape><Polygon POINTS="678 4890 2836 4890 2836 5025 678 5025"/></Shape>
	    <String CONTENT="L&#39;ame &amp; le cœur ensemble en ſi triste équipage."
                    HPOS="678"
                    VPOS="4890"
                    WIDTH="2158"
                    HEIGHT="135"></String>
          </TextLine>

          
          
          <TextLine ID="tl_35"
                    TAGREFS="LT75"
                    BASELINE="499 5102 584 5102 1098 5101 1542 5105 1848 5106 2354 5105 2560 5110 3018 5053" 
                    HPOS="499"
                    VPOS="5011"
                    WIDTH="2519"
                    HEIGHT="128">
            <Shape><Polygon POINTS="499 5011 3018 5011 3018 5139 499 5139"/></Shape>
	    <String CONTENT="ERA. Voſtre charmant aspect ſuspendant mes douleurs,"
                    HPOS="499"
                    VPOS="5011"
                    WIDTH="2519"
                    HEIGHT="128"></String>
          </TextLine>

          
          
          <TextLine ID="tl_36"
                    TAGREFS="LT75"
                    BASELINE="683 5220 895 5223 1195 5226 1335 5226 1633 5225 2093 5226 2243 5231 2663 5234" 
                    HPOS="683"
                    VPOS="5138"
                    WIDTH="1980"
                    HEIGHT="124">
            <Shape><Polygon POINTS="683 5138 2663 5138 2663 5262 683 5262"/></Shape>
	    <String CONTENT="Mon viſage du voſtre emprunte les couleurs."
                    HPOS="683"
                    VPOS="5138"
                    WIDTH="1980"
                    HEIGHT="124"></String>
          </TextLine>

          
          
          <TextLine ID="tl_37"
                    TAGREFS="LT75"
                    BASELINE="501 5346 631 5346 1101 5343 1447 5360 1689 5351 1905 5352 2089 5346 2357 5351 2487 5352 2785 5355 3043 5351" 
                    HPOS="501"
                    VPOS="5259"
                    WIDTH="2542"
                    HEIGHT="122">
            <Shape><Polygon POINTS="501 5259 3043 5259 3043 5381 501 5381"/></Shape>
	    <String CONTENT="MEL. Faites mieux, pour finir vos maux &amp; voftre flame"
                    HPOS="501"
                    VPOS="5259"
                    WIDTH="2542"
                    HEIGHT="122"></String>
          </TextLine>

          
          
          <TextLine ID="tl_38"
                    TAGREFS="LT75"
                    BASELINE="682 5464 1167 5468 1387 5472 1615 5469 1905 5472 2057 5472 2487 5476 2612 5476 2841 5477 3068 5467" 
                    HPOS="682"
                    VPOS="5382"
                    WIDTH="2387"
                    HEIGHT="125">
            <Shape><Polygon POINTS="682 5382 3069 5382 3069 5507 682 5507"/></Shape>
	    <String CONTENT="Empruntez tout d’un temps les froideurs de mon ame."
                    HPOS="682"
                    VPOS="5382"
                    WIDTH="2387"
                    HEIGHT="125"></String>
          </TextLine>

          
          
          <TextLine ID="tl_39"
                    TAGREFS="LT75"
                    BASELINE="506 5592 590 5592 1042 5587 1420 5602 1580 5593 1998 5592 2352 5597 2572 5596 2780 5597 3186 5602" 
                    HPOS="506"
                    VPOS="5498"
                    WIDTH="2680"
                    HEIGHT="132">
            <Shape><Polygon POINTS="506 5498 3186 5498 3186 5630 506 5630"/></Shape>
	    <String CONTENT="ERA. Vous voyant, les froideurs perdent tout leur pouvoir,"
                    HPOS="506"
                    VPOS="5498"
                    WIDTH="2680"
                    HEIGHT="132"></String>
          </TextLine>

          
          
          <TextLine ID="tl_40"
                    TAGREFS="LT75"
                    BASELINE="688 5712 788 5710 1024 5709 1236 5718 1692 5713 1886 5718 2136 5719 2268 5723 2504 5718 2734 5716" 
                    HPOS="687"
                    VPOS="5624"
                    WIDTH="2047"
                    HEIGHT="130">
            <Shape><Polygon POINTS="687 5624 2734 5624 2734 5754 687 5754"/></Shape>
	    <String CONTENT="Et vous n’en conſervez que faute de vous voir."
                    HPOS="687"
                    VPOS="5624"
                    WIDTH="2047"
                    HEIGHT="130"></String>
          </TextLine>

          
        </TextBlock>
        

        
      </PrintSpace>
    </Page>
  </Layout>
</alto>
