4267 6593
748 501 3043 162 l'effet, ne ſoit point achevé, & qu’il luy falloit quelque couſine de Me¬

752 625 3040 148 lite, ou quelque ſœur d’Eraste, pour le reünir avec les autres. Mais

747 741 3047 154 deſlors je ne m’aſſujettiſſois pas tout à fait à cette mode, & me contentay

751 855 3040 156 de faire voir l'aſſiette de ſon esprit, ſans prendre ſoin de le pourvoir d'une

754 1007 563 115 autre femme.

890 1106 2914 139 Quant à la durée de l’action, il eſt aſſez viſible qu'elle paſſe l'unité

751 1225 3055 142 de jour, mais ce n'en eſt pas le ſeul defaut; il y a de plus une inégalité

748 1347 3053 144 d'intervalle entre les Actes qu’il faut éviter. Il doit s’eſtre paſsé huit ou

752 1469 3047 148 quinze jours entre le premier & le ſecond, & autant entre le ſecond &

751 1589 3045 142 le troiſiéme; mais du troiſiéme au quatriéme il n'eſt pas beſoin de plus

747 1709 3056 140 d’une heure, & il en faut encor moins entre les deux derniers, de peur

748 1829 3053 140 de donner le temps de ſe rallentir à cette chaleur, qui jette Eraste dans

748 1949 3056 152 l’égarement d’esprit. Ie ne ſçay meſme ſi les Perſonnages qui paroiſſent

747 2073 3049 142 deux fois dans un meſme Acte (posé que cela ſoit permis, ce que j'exa¬

747 2187 3052 150 mineray ailleurs) je ne ſçay, dis-je, s’ils ont le loiſir d’aller d’un quar¬

744 2317 3075 140 tier de la Ville à l’autre, puisque ces quartiers doivent eſtre ſi éloigneZ

748 2435 3044 140 l’un de l’autre, que les Acteurs ayent lieu de ne pas s'entreconnoiſtre.

747 2557 3051 142 Au premier Acte, Tïrcis après avoir quitté Melite cheZ elle, n'a que

747 2677 3050 140 le temps d'environ ſoixante vers pour aller cheZ luy, où il rencontre

744 2797 3055 142 Philandre avec ſa ſœur, & n'en a guere davantage au ſecond à refai¬

752 2917 3046 142 re le meſme chemin. le ſçay bien que la repreſentation racourcit la

743 3039 3051 140 durée de l’action, & qu'elle fait voir en deux heures, ſans ſortir de la

742 3159 3055 146 Regle, ce qui ſouvent a beſoin d’un jour entier pour s’effectuer: mais

734 3281 3065 140 je voudrois, que pour mettre les choſes dans leur justeſſe, ce raccour¬

743 3403 3055 144 ciſſement ſe ménageaſt dans les intervalles des Actes, & que le temps

743 3521 3058 148 qu’il faut perdre s'y perdiſt, en ſorte que chaque Acte n'en euſt pour

744 3645 3047 144 la partie de l’action qu’il repreſente, que ce qu’il en faut pour ſa repre¬

712 3773 426 120 ſentation.

893 3890 2901 141 Ce coup d’eſſay a ſans doute encor d’autres irregularitez, mais je ne

747 4011 3044 140 m’attache pas à les examiner ſi ponctuellement, que je m’obstine à n’en

746 4123 3049 150 vouloir oublier aucune: je penſe avoir marqué les plus notables, & pour

734 4253 3046 144 peu que le Lecteur aye d'indulgence pour moy, j’espere qu’il ne s’offence¬

743 4373 1843 135 ra pas d’un peu de negligence pour le reste.

1588 4739 1336 114 CLITANDRE.

1000 4950 2766 159 N voyage que je fis à Paris pour voir le ſuccès de Melite, m'ap¬

747 4922 220 302 V

988 5099 2791 144 prit qu'elle n’étoit pas dans les vingt & quatre heures. C’étoit

739 5215 3033 154 l'unique Regle que l’on connûſt en ce temps-là. I’entendis que ceux du

741 5339 3024 150 métier la blâmoient de peu d’effets, & de ce que le ſtile en étoit trop fa¬

734 5455 3031 152 milier. Pour la iustifier contre cette cenſure par une espece de bravade,

742 357 231 120 xxx

1809 313 923 154 EXAMEN
