4267 6834
934 387 196 159 88

1757 411 1344 126 CLITANDRE,

1394 953 2033 250 ACTE IV

986 1488 2872 195 SCENE PREMIERE

1313 1828 2212 128 PYMANTE, DORISE.

945 2044 302 182 DOR.

1714 2067 1989 165 E te le dis encor, tu perds temps à me ſuivre.

1736 2228 1860 128 Souffre que de tes yeux ta pitié me delivre,

1401 2067 142 478 I

1726 2356 2000 120 Tu redoubles mes maux par de tels entretiens.

1708 2478 2142 128 PY. Prenez à voſtre tour quelque pitié des miens,

1136 2605 1892 124 Madame, & tariſſez ce deluge de larmes,

1136 2731 2206 125 Pour r’appeller un mort ce ſont de foibles armes,

1135 2855 2021 131 Et quoy que vous conſeille un inutile ennuy,

1135 2983 2270 131 Vos cris & vos ſanglots ne vont point jusqu'à luy.

953 3103 2500 135 DOR. Si mes ſanglots ne vont où mon cœur les envoye,

1135 3237 2168 129 Du moins par eux mon ame y trouvera la voye,

1139 3359 1808 132 S’il luy faut un paſſage afin de s’envoler,

1135 3485 1920 127 Ils le luy vont ouvrir en le fermant à l’air.

1143 3613 2414 131 Sus donc, ſus, mes ſanglots, redoublez vos ſecouſſes,

1131 3737 2162 127 Pour un tel deſespoir vous les avez trop douces,

1138 3861 2073 127 Faites pour m’étouffer de plus puiſſans efforts.

944 3987 2518 127 PYM. Ne songez plus, Madame, à rejoindre les morts:

1136 4113 2286 127 Penſez plûtoſt à ceux qui n’ont point d’autre envie

1136 4235 2052 129 Que d’employer pour vous le reste de leur vie;

1136 4365 1926 119 Penſez plûtoſt à ceux dont le ſervice offert,

1144 4485 1986 135 Accepté vous conſerve, & refuſé vous perd.

948 4613 2560 133 DOR. Crois-tu donc, aſſaſſin, m’acquerir par ton crime,

1139 4737 1973 129 Qu'innocent méprisé, coupable je t’estime?

1139 4867 1994 127 A ce conte tes feux n’ayant pû m’émouvoir,

1143 4991 1866 132 Ta noire perfidie obtiendroit ce pouvoir?

1135 5115 1808 132 Ie cherirois en toy la qualité de traiſtre,

1135 5241 1880 98 Et mon affection commencerait à naiſtre

1135 5369 1914 117 Lors que tout l'Vnivers a droit de te haïr?

953 5485 2142 137 PYM. Si j'oubliay l'honneur jusques à le trahir,

1140 5615 2113 127 Si pour vous poſſeder mon esprit tout de flame

1140 5739 2268 109 N a rien creu de honteux, n’a rien trouvé d'infame,

3604 5874 276 114 Voyez
