4267 6587
1032 285 143 159 iv

1801 285 1373 181 AV LECTEVR.

1154 473 2714 192 Nous prononçons l'ſ de quatre diverses manieres: tantoſt nous

1029 586 2838 201 l'aſpirons, comme en ces mots, peſte, chaſte; tantoft elle allonge

1030 692 2833 209 la ſyllabe, comme en ceux-cy, paſte, teſte; tantoſt elle ne fait au¬

1025 824 2836 205 cun ſon, comme à eſbloüir, eſbranler, il eſtoit; & tantoſt elle ſe

1020 942 2838 213 prononce comme vn z; comme à preſider, preſumer. Nous n’a¬

1019 1066 2838 203 uons que deux differens caracteres, ſ & s, pour ces quatre diffe¬

1016 1186 2838 201 rentes prononciations; il faut donc eſtablir quelques maximes ge¬

1015 1310 2838 193 nerales pour faire les diſtinctions entieres. Cette lettre ſe rencon¬

1014 1426 2836 175 tre au commencement des mots, ou au milieu, ou à la fin. Au

1014 1544 2835 197 commencement elle aſpire toûjours; ſoy, ſien, ſauuer, ſuborner:

1011 1666 2839 195 à la fin, elle n’a preſque point de ſon, & ne fait qu’allonger tant

1006 1788 2842 193 ſoit peu la ſyllabe; quand le mot qui ſuit ſe commence par vne

1007 1906 2838 193 conſone, & quand il commence par vne voyelle, elle ſe détache

1002 2028 2834 192 de celuy qu'elle finit pour ſe joindre auec elle, & ſe prononce toû¬

999 2146 2838 196 jours comme vn z, ſoit quelle ſoit précedée par vne conſone, ou

996 2271 693 136 par vne voyelle.

1113 2393 2724 190 Dans le milieu du mot, elle eſt, ou entre deux voyelles, ou aprés

990 2511 2838 189 vne conſone, ou auant vne conſone. Entre deux voyelles elle paſ¬

989 2631 2840 189 ſe touſiours pour z, & aprés vne conſone elle aſpire touſiours, &

985 2753 2843 191 cette difference ſe remarque entre les verbes compoſez qui viennent

984 2871 2841 201 de la meſme racine. On prononce prezumer, reZiſter, mais on ne

977 2995 2842 195 prononce pas conzumer, ny perzifler: Ces régles n’ont aucune ex¬

976 3111 2842 189 ception, & j’ay abandonné en ces rencontres le choix des caracteres

977 3233 2838 197 à l’Imprimeur, pour ſe ſeruir du grand ou du petit, ſelon qu’ils ſe

968 3353 2844 197 ſont le mieux accommodez auec les lettres qui les joignent. Mais ie

961 3473 2850 191 n'en ay pas fait de meſme, quand l'ſ eſt auant vne conſone dans le

964 3591 2842 195 milieu du mot, & ie n’ay pû ſouffrir que ces trois mots, reſte, tem¬

951 3711 2852 197 peſte, vous eſtes, fuſſent eſcrits l’vn comme l’autre, ayant des pro¬

959 3827 2839 207 nonciations ſi differentes. I’ay reſerué la petite s pour celle où la ſylla¬

952 3947 2843 209 be eſt aſpirée, la grande pour celle où elle eſt ſimplement allongée,

951 4065 2845 209 & l'ay ſupprimée entierement au troiſiéme mot où elle ne fait point

950 4189 2841 205 de ſon, la marquant ſeulement par vn accent ſur la lettre qui la

941 4307 2849 201 précede. I’ay donc fait ortographer ainſi les mots ſuiuants & leurs

942 4429 2840 207 ſemblables, peste , funeste, chaste, reſiste, espoir: tempeſte, haſte,

939 4549 2838 205 teſte: vous étes, il étoit, ébloüir, écouter, épargner, arréter. Ce der¬

934 4671 2838 205 nier verbe ne laiſſe pas d’auoir quelques temps dans ſa conjugaiſon,

933 4789 2840 207 où il faut luy rendre l'ſ parce qu'elle allonge la ſyllabe; comme à

930 4911 2838 193 l'imperatif arreſte, qui rime bien auec teſte: mais à l’infinitif & en

928 5029 2835 208 quelques autres où elle ne fait pas cet effet, il eſt bon de la ſupprimer

926 5151 2750 198 & eſcrire, j'arrétois, j'ay arrété, j'arréteray, nom arrétons, &c.

1036 5272 2719 207 Quant à l'e nous en auons de trois ſortes. L’e feminin qui ſe

919 5389 2829 204 rencontre touſiours, ou ſeul, ou en diphtongue dans toutes les der¬
