4267 6626
1318 358 1175 97 COMEDIE.

3239 397 119 109 13

3382 613 302 64 a il retient

3387 708 297 81 Cloris qui

3382 798 259 82 ſuit ſon

3378 884 165 87 frere.

2748 5591 212 118 B iij

500 527 2610 123 PHI.a C’eſt donc ainſi qu'on quitte un amant pour un frere!

496 647 1930 124 CLO. Philandre, avoir un peu de curioſité,

674 773 1826 122 Ce n'eſt pas envers toy grande infidélité:

674 893 2092 120 Souffre que je deſrobe un moment à ma flame

670 1013 2110 124 Pour lire malgré luy jusqu’au fond de ſon ame,

663 1139 1885 120 Nous en rirons aprés enſemble, ſi tu veux.

489 1255 2462 130 PHI. Quoy, c’eſt-là tout l'état que tu fais de mes feux!

483 1381 2116 122 CLO. Ie ne t’aime pas moins pour eſtre curieuſe,

657 1501 2204 126 Et ta flame à mon cœur n’eſt pas moins precieuſe,

661 1631 2002 104 Conſerve-moy le tien, & ſois ſeur de ma foy.

479 1751 2412 126 PHI. Ah folle, qu’en t’aimant, il faut ſouffrir de toy!
