4267 6647
1309 390 1122 114 TRAGEDIE,

3164 402 126 88 81

416 564 2255 128 ROS. Mais, Sire, que ſçait-on? peut-eſtre ce rival,

597 680 2126 135 Qui m’a fait après tout plus de bien que de mal,

597 809 1930 124 Si-toſt qu’il vous plaira d'ecouter ſa defenſe,

597 929 1845 128 Sçaura de ce forfait purger ſon innocence,

416 1048 2290 132 ALC. Et par où la purger? la main d’un trait mortel

598 1173 1715 148 A ſigné ſon Arreſt en ſignant ce cartel.

593 1295 1910 128 Peut-il deſavoüer ce qu’aſſeure un tel gage.

593 1417 1900 130 Envoyé de ſa part, & rendu par ſon Page?

593 1535 1745 134 Peut-il deſavoüer que les gens déguiſez,

594 1662 1996 97 De ſon commandement ne ſoient authoriſez?

596 1778 2651 137 Les deux, tous morts qu’ils ſont, qu’on les traiſne à la bouë,

597 1906 2000 127 L'autre auſſi-toſt que pris ſe verra ſur la rouë,

593 2033 1819 124 Et pour le ſcelerat que je tiens priſonnier,

598 2153 1952 130 Ce jour que nous voyons luy ſera le dernier.

598 2269 2398 130 Qu'on l’améne au Conſeil; par forme il faut l'entendre,

594 2396 2039 131 Et voir par quelle adreſſe il pourra ſe defendre.

597 2522 2174 129 Toy, penſe à te guerir, & croy que pour le mieux

601 2643 1971 130 Ie ne veux pas montrer ce perfide à tes yeux:

602 2766 2030 129 Sans doute qu’auſſi-toſt qu’il ſe feroit paroiſtre

602 2889 1784 134 Ton ſang rejalliroit au viſage du traiſtre.

420 3015 2069 125 ROS. L’apparence deçoit, & ſouvent on a veu

601 3134 1654 129 Sortir la verité d’un moyen impréveu,

597 3256 2027 131 Bien que la conjecture y fuſt encor plus forte:

602 3377 2376 130 Du moins, Sire, appaiſez l’ardeur qui vous transporte,

606 3500 2131 127 Que l'ame plus tranquille, & l’esprit plus remis,

611 3623 1926 126 Le ſeul pouvoir des loix perde nos ennemis.

425 3739 2458 133 ALC. Sans plus m’importuner, ne ſonge qu’à tes playes.

611 3867 1883 126 Non, il ne fut jamais d’apparences ſi vrayes,

606 3989 1948 128 Douter de ce forfait c'eſt manquer de raiſon.

614 4113 1919 128 Derechef, ne prens ſoin que de ta gueriſon.

1013 5445 346 87 Tome 1.

2791 5440 66 78 L
