4267 6701
974 489 69 85 6

1848 433 1149 139 MELITE

1164 608 2089 154 S’attacher pour jamais aux coſtez d'une femme!

1165 735 1962 151 Perdre pour des enfans le repos de ſon ame!

1165 857 2179 145 Voir leur nombre importun remplir une maison!

1168 981 1987 153 Ah! qu'on aime ce joug avec peu de raison!

991 1099 2392 159 ERA. Mais il y faut venir, c’eſt en vain qu’on recule,

1173 1220 2301 158 C’eſt en vain qu’on refuit, toſt ou tard on s'y brûle,

1174 1344 2084 156 Pour libertin qu’on ſoit, on s’y trouve attrapé:

1174 1470 1925 156 Toy-meſme qui fais tant du cheval échapé,

1177 1600 1931 144 Nous te verrons un jour ſonger au mariage.

995 1718 2105 150 TIR. Alors ne penſe pas que j'épouſe un viſage.

1174 1846 1777 144 Ie regle mes deſirs suivant mon intereſt,

1181 1960 1946 140 Si Doris me vouloit, toute laide qu'elle eſt,

1175 2075 2151 151 Ie l’estimerois plus qu’Aminte, & qu'Hyppolite,

1182 2202 2057 148 Son revenu chez moy tiendroit lieu de merite.

1181 2323 2201 123 C’eſt comme il faut aimer, l'abondance des biens

1181 2450 1891 146 Pour l’amour conjugal a de puiſſans liens,

1182 2572 2113 140 La beauté, les attraits, l’esprit, la bonne mine,

1188 2691 2191 143 Echauffent bien le cœur, mais non pas la cuiſine,

1181 2818 1937 146 Et l’Hymen qui ſuccede à ces folles amours

1190 2934 2216 154 Après quelques douceurs a bien de mauvais jours.

1188 3063 1837 145 Vne amitié ſi longue eſt fort mal aſſeurée

1187 3185 1818 141 Deſſus des fondemens de ſi peu de durée.

1187 3305 1995 151 L’argent dans le ménage a certaine ſplendeur

1190 3428 2093 134 Qui donne un teint d’éclat à la meſme laideur,

1188 3553 1963 139 Et tu ne peux trouver de ſi douces careſſes,

1187 3670 2235 146 Dont le gouſt dure autant que celuy des richeſſes.

1010 3789 2307 145 ERA. Auprés de ce bel œil qui tient mes sens ravis,

1200 3918 1761 138 A peine pourrois-tu conſerver ton avis.

1015 4033 2189 149 TIR. La raiſon en tous lieux eſt également forte.

1014 4151 2318 155 ERA. L’eſſay n’en coûte rien, Melite eſt à fa porte;

1204 4280 1917 124 Allons, & tu verras dans ſes aimables traits

1201 4399 2169 147 Tant de charmans appas, tant de brillans attraits,

1205 4521 1995 147 Que tu ſeras forcé toy-meſme à reconnoiſtre

1208 4645 2117 147 Que ſi je suis un fou, j’ay bien raiſon de l'eſtre.

1025 4768 2054 146 TIR. Allons, & tu verras que toute ſa beauté

1203 4894 1723 140 Ne ſçaura me tourner contre la vérité.
