4267 6593
817 505 3047 149 deux Reines dans Don Sanche. Il ne paroiſt enfin que comme Iuge,

816 623 3045 165 quand il eſt introduit ſans aucun intereſt pour ſon Etat, ny pour ſa per¬

791 745 3069 159 ſonne, ny pour ſes affections, mais ſeulement pour regler celuy des au¬

810 863 3047 151 tres, comme dans ce Poëme, & dans le Cid, & l'on ne peut pas deſa¬

807 983 3053 163 voüer qu'en cette derniere posture il remplit aſſez, mal la dignité d'un

782 1105 3079 165 ſi grand Tiltre, n'ayant aucune part en l’action, que celle qu’il y veut

795 1225 3063 165 prendre pour d’autres, & demeurant bien éloigné de l’éclat des deux au¬

804 1347 3055 151 tres manieres. Auſſi l'on ne le donne jamais à repreſenter aux meilleurs

803 1465 3053 155 Acteurs, mais il faut qu’il ſe contente de paſſer par la bouche de ceux

804 1591 3053 157 du ſecond, ou du troiſiéme ordre. Il peut paroiſtre comme Roy, & com¬

799 1713 3057 147 me homme tout à la fois, quand il a un grand intereſt d’état, & une

774 1828 3079 158 forte paſſion tout enſemble a ſoûtenir, comme Antiochus dans Rodogu¬

797 1943 3057 161 ne, & Nicomede dans la Tragedie qui porte ſon nom; & c'eſt à mon

794 2071 3057 153 avis la plus digne maniere, & la plus avantageuſe de mettre ſur la

795 2195 3053 151 Scene des gens de cette condition; parce qu’ils attirent alors toute l’action

789 2315 3059 153 à eux, & ne manquent jamais d’eſtre repreſenteZ par les premiers

790 2437 3055 151 Acteurs. Il ne me vient point d'exemple en la memoire où un Roy pa¬

789 2559 3053 150 roiſſe comme homme & comme Iuge, avec un intereſt de paſſion pour luy,

790 2681 3049 148 & un ſoin de régler ceux des autres, ſans aucun peril pour ſon Etat:

781 2799 3063 151 mais pour voir les trois manieres enſemble, on les peut aucunement re¬

782 2921 3053 154 marquer dans les deux Gouverneurs d'Armenie, & de Syrie, que j’ay

777 3043 3057 148 introduits, l’un dans Polyeucte, & l’autre dans Theodore. Ie dis au¬

780 3165 3055 152 cunement, parce que la tendreſſe que l’un a pour ſon gendre, & l’autre

765 3286 3067 153 pour ſon fils, qui eſt ce qui les fait paroiſtre comme hommes, agit ſi foi¬

774 3407 3057 150 blement, qu'elle ſemble étouffée ſous le ſoin qu'a l’un & l’autre de con¬

751 3526 3097 158 ſerver ſa dignité, dont ils font tous deux leur capital, & qu’ainſi

768 3651 3063 148 on peut dire en rigueur, qu’ils ne paroiſſent que comme Gouverneurs

769 3771 3063 150 qui craignent de ſe perdre, & comme juges qui par cette crainte

768 3889 3065 154 dominante condamnent, ou plutoſt s’immolent ce qu’ils voudroient

775 4014 413 120 conſerver.

901 4130 2918 155 Les Monoloques ſont trop longs, & trop frequents en cette Piece:

764 4251 3053 152 c'étoit une beauté en ce temps-là, les Comediens les ſouhaitoient, &

759 4372 3057 157 croyoient y paroiſtre avec plus d’avantage. La Mode a ſi bien changé,

760 4496 3053 157 que la pluspart de mes derniers Ouvrages n'en ont aucun, & vous n'en

759 4616 3047 149 trouverez, point dans Pompée, la Suite du Menteur, Theodore, & Per¬

756 4738 3049 157 tharite, ny dans Heraclius, Andromede, Oedipe, & la Toiſon d’Or, à

755 4854 949 125 la reſerve des Stances.

892 4982 2917 163 Pour le lieu, il a encor plus d’étenduë, ou ſi vous voulez, ſouffrir

755 5098 3047 163 ce mot, plus de libertinage icy, que dans Melite: il comprend un Chaſteau

754 5224 3047 165 d‘un Roy avec une foreſt voiſine, comme pourrait eſtre celuy de Saint

759 5341 3037 170 Germain, & eſt bien éloigné de l’exactitude que les ſeveres Critiques y

720 5460 489 94 demandent.

3109 5625 667 96 LA VEVFVE.

822 336 1997 161 xxxij EXAMEN
