4267 6647
1188 419 1302 118 TRAGEDIE.

3111 476 167 99 79

830 996 2009 257 ACTE III.

436 1498 2785 205 SCENE PREMIERE.

498 1875 2686 151 ALCANDRE, ROSIDOR, CALISTE,

1213 2037 1244 111 VN PREVOST.

407 2300 248 87 ALC.

1147 2259 1878 183 'ADMIRABLE rencontre a mon ame ravie,

1151 2426 2027 132 De voir que deux amants s’entredoivent la vie,

759 2265 293 471 L

1150 2546 1769 139 De voir que ton peril la tire de danger,

1152 2672 1897 137 Que le lien te fournit dequoy t’en dégager,

583 2786 1873 134 Qu’en deux deſſeins divers pareille jalouſie

581 2912 2316 115 Meſme lieu contre vous, & meſme heure a choiſie,

584 3032 2031 135 Et que l’heureux malheur qui vous a menacez

586 3160 1964 129 Avec tant de justeſſe a ſes temps compaſſez.

407 3279 2179 130 ROS. Sire, ajouſtez du Ciel l’occulte providence;

585 3400 2104 110 Sur deux amants il verſe une meſme influence,

580 3526 2171 126 Et comme l’un par l’autre il a ſçeu nous ſauver,

583 3640 2207 134 Il ſemble l’un pour l’autre exprès nous conſerver.

403 3763 2264 131 ALC. Ie t’entens, Roſidor, par là tu me veux dire

584 3886 2115 134 Qu'il faut qu’avec le Ciel ma volonté conspire,

584 4010 1652 129 Et ne s’oppoſe pas à ſes justes decrets

585 4132 2087 138 Qu'il vient de témoigner par tant d’avis ſecrets.

589 4254 2204 132 Et bien, je veux moy-meſme en parler à la Reine;

590 4376 1835 128 Elle se fléchira, ne t’en mets pas en peine.

594 4496 1694 100 Achevé ſeulement de me rendre raiſon

593 4620 1684 132 De ce qui t’arriva depuis ſa paſmoiſon.

420 4741 2325 131 ROS. Sire, un mot deſormais ſuffit pour ce qui reste.

714 4864 2044 130 Lyſarque & vos Archers depuis ce lieu funeste

601 4982 1967 125 Se laiſſerent conduire aux traces de mon ſang

597 5100 2066 134 Qui durant le chemin me dégouttoit du flanc,

600 5228 1995 121 Et me trouvant enfin deſſous un toit rustique

601 5346 1937 127 Ranimé par les ſoins de ſon amour pudique,

601 5462 1768 126 Leurs bras officieux m’ont icy rapporté,

606 5582 1833 136 Pour en faire ma plainte à voftre Majesté.
