4267 6587
2892 5593 195 113 õ iij

479 508 3087 146 justeſſe. Eraste y fait contrefaire des lettres de Melite, & les porter

494 626 3078 138 à Philandre. Ce Philandre eſt bien credule de ſe perſuader d'eſtre aimé

492 750 3063 146 d'une perſonne qu’il n'a jamais entretenuë, dont il ne connoit point l'é¬

497 868 3057 146 criture, & qui luy défend de l'aller voir; cependant qu'elle reçoit les vi¬

472 988 3083 150 ſites d'un autre, avec qui il doit avoir une amitié aſſez, étroite, puis¬

497 1104 3056 158 qu'il eſt accordé de ſa ſœur. Il fait plus, ſur la legereté d'une croyance

485 1234 3071 152 ſi peu raiſonnable, il renonce à une affection dont il étoit aſſeuré, & qui

492 1352 3063 154 étoit preſte d’avoir ſon effet. Eraste n'eſt pas moins ridicule que luy, de

489 1474 3064 150 s’imaginer que ſa fourbe cauſera cette rupture, qui ſeroit toutefois inu¬

494 1598 3064 148 tile ſon deſſein, s’il ne ſçavoit de certitude que Philandre, malgré le

466 1718 3093 150 ſecret qu'il luy fait demander par Melite dans ces fauſſes lettres, ne

497 1838 3057 150 manquera pas à les montrer à Tircis; que cet Amant favorisé, croira

480 1962 3080 148 plûtoſt un caractere qu’il n'a jamais veu, que les aſſeurances d’amour

496 2084 3057 148 qu’il reçoit tous les jours de ſa Maîtreſſe; & qu’il rompra avec elle ſans

495 2202 3057 154 luy parler, de peur de s’en éclaircir. Cette pretenſion d'Eraste ne pou¬

496 2328 3057 150 voit eſtre ſupportable à moins dune revelation, & Tircis qui eſt l'hon¬

497 2444 3056 148 neſte homme de la Piece, n'a pas l’esprit moins leger que les deux au¬

497 2570 3055 144 tres, de s’abandonner au deſespoir par une meſme facilité de croyance,

498 2690 3055 144 à la veuë de ce caractere inconnu. Les ſentimens de douleur qu’il en

481 2816 3068 144 peut legitimement concevoir, devroient du moins l’emporter à faire quel¬

497 2936 3055 148 ques reproches à celle dont il ſe croit trahy, & luy donner par là l’occa¬

478 3056 3071 146 ſion de le deſabuſer. La folie d’Eraste, n'eſt pas de meilleure trempe.

505 3182 3053 142 Je la condamnois deſlors en mon ame; mais comme c'étoit un ornement

502 3300 3052 144 de Theatre qui ne manquoit jamais de plaire, & ſe faiſoit ſouvent ad¬

502 3412 3053 154 mirer, j’affectay volontiers ces grands égaremens, & en tiray un effet que

487 3544 3067 144 je tiendrois encor admirable en ce temps. C’eſt la maniere dont Eraste

476 3660 3080 144 fait connoiſtre à Philandre, en le prenant pour Minos, la fourbe qu’il

503 3782 3050 148 luy a faite, & l’erreur où il l’a jetté. Dans tout ce que j’ay fait

503 3904 3049 142 depuis, je ne penſe pas qu’il ſe rencontre rien de plus adroit pour un

464 4045 516 91 dénoüement.

649 4144 2904 145 Tout le cinquiéme Acte peut paſſer pour inutile: Tircis & Melite ſe

479 4266 3077 146 ſont raccommodez avant qu’il commence, & par conſequent l’action eſt

506 4386 3049 146 terminée. Il n'eſt plus question que de ſçavoir qui a fait la ſuppoſition

507 4506 3042 144 des lettres, & ils pouvoient l’avoir ſçeu de Cloris, à qui Philandre l’a¬

510 4626 3044 148 voit dit pour ſe justifier. Il eſt vray que cet Acte retire Eraste de folie,

514 4748 3041 142 qu’il le reconcilie avec les deux Amants, & fait ſon mariage avec Clo¬

515 4870 3043 146 ris; mais tout cela ne regarde plus qu’une action Epiſodique, qui ne doit

510 4990 3044 142 pas amuſer le Theatre, quand la principale eſt fini; & ſur tout ce ma¬

514 5104 3039 150 riage a ſi peu d’apparence, qu’il eſt aisé de voir qu’on ne le propoſe, que

501 5228 3049 144 pour ſatisfaire à la coûtume de ce temps-là, qui étoit de marier tout ce

520 5348 3034 146 qu’on introduiſoit ſur la Scene. Il ſemble meſme que le Perſonnage de

523 5470 3030 144 Philandre, qui part avec un reſſentiment ridicule, dont on ne craint pas

3327 450 226 11 xxix

1438 329 1187 143 DE MELITE.
