4267 6647
2541 5725 203 126 L iij

1336 434 1129 118 TRAGEDIE,

3213 472 147 115 85

641 597 2002 123 Briſons-là, ce discours vous faſcheroit enfin,

639 725 2141 142 Et c'étoit pour tromper la longueur du chemin,

636 843 2447 151 Qu'après pluſieurs discours, ne ſçachant que vous dire,

635 965 2267 147 I’ay touché ſur un point dont voſtre cœur ſoûpire,

632 1087 2075 139 Et dequoy fort ſouvent on aime mieux parler,

635 1209 2029 139 Que de perdre ſon temps à des propos en l'air.

447 1327 2371 146 DOR. Amy, ne porte plus la ſonde en mon courage,

622 1454 2089 144 Ton entretien commun me charme davantage,

623 1572 1841 142 Il me peut me laſſer, indifferent qu’il eſt;

614 1694 1967 145 Et ce n’eſt pas auſſi ſans ſujet qu’il me plaiſt.

619 1820 1607 112 Ta converſation eſt tellement civile,

610 1940 2145 141 Que pour un tel esprit ta naiſſance eſt trop vile,

610 2060 1935 145 Tu n'as de villageois que l’habit & le rang,

605 2184 1851 142 Tes rares qualitez te font d’un autre ſang;

606 2308 2063 140 Meſme plus je te voy, plus en toy je remarque

601 2428 2189 145 Des traits pareils à ceux d’un Cavalier de marque,

602 2548 2005 142 Il s’appelle Pymante, & ton air, & ton port,

593 2674 2071 138 Ont avec tous les ſiens un merveilleux rapport.

415 2791 2313 148 PYM. I’en ſuis tout glorieux, & de ma part je priſe

588 2918 1963 143 Voſtre rencontre autant que celle de Doriſe,

589 3040 1875 144 Autant que ſi le Ciel appaiſant ſa rigueur,

588 3162 2059 140 Me faiſoit maintenant un preſent de ſon cœur.

407 3280 2569 147 DOR. Qui nommes-tu Doriſe? PYM. Vne jeune cruelle

579 3406 2500 146 Qui me fuit pour un autre. DOR. Et ce rival s'appelle?

402 3522 2503 150 PTM. Le Berger Roſidor. DOR. Amy, ce nom ſi beau

575 3646 2209 145 Chez vous donc ſe profane à garder un troupeau?

394 3768 2573 147 PTM. Madame, il ne faut plus que mon feu vous déguiſe

571 3890 2011 129 Que ſous ces faux habits il reconnoit Doriſe.

568 4014 2109 140 Ie ne ſuis point ſurpris de me voir dans ces bois

566 4138 1994 145 Ne paſſer à vos yeux que pour un villageois,

565 4258 2063 142 Voſtre haine pour moy fut toujours aſſez forte

558 4378 2039 143 Pour déferer ſans peine à l’habit que je porte;

563 4500 2079 142 Cette fauſſe apparence aide, & fuit vos mépris:

554 4626 2175 137 Mais cette erreur vers vous ne m'a jamais ſurpris,

557 4742 1951 145 Ie ſçay trop que le Ciel n’a donné l’avantage

554 4864 1855 142 De tant de raretez qu'à voſtre ſeul viſage,

554 4984 2119 146 Si-toſt que je l’ay veu, j’ay creu voir en ces lieux

553 5108 1997 149 Doriſe déguiſée, ou quelqu'un de nos Dieux;

550 5232 2317 144 Et ſi j’ay quelque temps feint de vous méconnoiſtre,

545 5354 2339 142 En vous prenant pour tel que vous vouliez paroiſtre,

550 5476 1777 107 Admirez mon amour dont la discrétion

545 5596 1691 114 Rendoit à vos deſirs cette ſubmiſſion,
