4267 7538
1760 481 241 180 31.

485 690 2840 243 cette incertitude je vous demande la

477 915 2871 250 vie de mon amant, & je vous aban¬

482 1166 2853 243 donne l'armée, ouy mon dieu & non

463 1394 2876 255 ſeulement l’armée, mais l’eſtat &

479 1629 2877 248 tout le monde enſemble, depuis qu'on

492 1877 2868 232 m'a dit cette nouvelle ſans me rien

476 2109 2889 248 particulariſer de vous, je faits vingt

501 2333 2857 260 viſites par jour, j'ouvre de propos de

490 2573 2868 260 guerre pour voir ſi je n'en appren¬

506 2817 2861 252 dray rien qui me puiſſe conſoler, on

511 3053 2868 252 me dit par tout que vous avés eſté

511 3289 2861 248 battu, mais l’on ne me par le point de

516 3541 2864 231 vous en particulier, je n'oſerios de¬

505 3777 2880 236 mander ce que vous eſtes devenu, non

521 4017 2865 235 que je craigne de faire voir par la

526 4245 2864 239 que je vous aime, je ſuis en de trop

514 4489 2873 232 grandes alarmes pour avoir rien a

535 4721 2856 235 menager, mais je crains d’appren¬

535 4957 2861 235 dre plus que je ne voudrais ſçavoir,

544 5177 2853 251 voila l'eſtat ou je ſuis & ſeray juſ¬

545 5429 2856 239 ques au premier ordinaire, ſi j'ay la

517 5665 2885 232 force de l’attendre. Ce qui redou¬

546 5897 2864 251 ble mes inquietudes? c'eſt que vous

2985 6105 427 252 m'a¬

1809 6118 447 270 B 4
