4267 7692
1651 570 265 171 25.

375 724 2893 239 manqua pas, auſſy l’argent ne fut pas

359 929 2913 246 pluſtoſt Conté qu’elle luy tint parole

355 1143 2930 222 avec tout l’honneur qu’on peut avoir

356 1347 2933 221 en un tel traitté. Quoy que Caſtillan¬

356 1546 2934 237 te fuſt entré par la meſme porte que

365 1749 2917 235 Criſpin, elle en uſa mieux avec luy,

349 1959 2941 231 ſoit qu’elle eſperaſt en tirer de grands

353 2158 2938 233 avantages, ſoit qu’il euſt quelque

365 2358 2930 225 grand merite caché qui luy tint lieu

366 2557 2929 242 de liberalité, elle ne luy demanda pas

362 2758 2934 241 de nouvelles preuves d’amour pour

355 2966 2937 217 luy donner de nouvelles faveurs, ſes

359 3170 2925 194 dix mille livres le firent aimer trois

359 3370 2934 221 moys durant, c’eſt a dire traitter com¬

360 3575 2929 226 me s’il euſt eſté aimé, cepandant Can¬

364 3789 2929 221 dole ayant receu les lettres par leſ¬

360 3985 2938 230 quelles on luy mandoit les nouvelles

361 4186 2957 219 affaires de ſa Maiſtreſſe luy eſcrivit

365 4412 681 196 celle cy.

1211 4811 1250 186 LETTRE.

750 5134 2535 269 Uand vous pourriés vous juſti¬

719 5411 2578 255 fier a moy de toutes les choſes dont

375 5653 2922 251 on vous accuſe, je n'oſerois plus vous

375 5886 2923 257 aimer, quand vous ſeriés malheu¬

376 6122 2918 269 reuſe, vous y avés trop contribué pour

3092 6416 193 276 ne

1867 6371 167 340 B

372 5128 320 499 Q
