4267 7647
1751 501 259 171 15.

424 646 2889 214 trois rendéſvous, mais Ardeſile vou¬

413 858 2914 230 lant ſe prevaloir de l’amour de ce

415 1066 2897 226 Bourgeois, & de ſon bien, le pria a la

412 1266 2897 230 quatrieſme viſite de recommancer a

409 1470 2905 230 luy eſcrire de ces billets galants com¬

418 1670 2885 238 me celuy qu’elle avoit receu de luy.

635 1878 2686 224 Criſpin voyant que cela tiroit con¬

409 2074 2905 230 ſequence luy fit des reproches qui ne

406 2274 2909 226 luy ſervirent de rien, & tout ce qu’il

411 2471 2885 229 en peut obtenir fut qu’il ne ſeroit pas

416 2674 2897 222 chaſſé de chez elle. Et qu’il pourroit

421 2874 2890 230 venir joüer lors qu’elle le demande¬

415 3070 2897 234 roit. Ardeſile croyoit qu’en ſe laiſſant

412 3275 2877 233 voir qu’elle entretiendroit ſes deſirs,

421 3470 2889 238 & que peut eſtre ſeroit il aſſés fol

418 3682 2893 226 pour les vouloir ſatisfaire à quelque

419 3883 2886 225 prix que ce fuſt, cepandant il eſtoit

413 4078 2897 234 aſſés amoureux pour ne ſe pouvoir

418 4278 2893 230 empeſcher de la voir, mais il ne l’e¬

415 4479 2889 225 ſtoit pas aſſés pour achepter tous les

404 4682 2317 226 jours ſi cherement ſes faveurs.

621 4882 2689 185 Les choſes eſtant en ces termes ſoit

423 5087 2877 233 que le deſpit euſt fait par les Criſpin,

424 5286 2885 230 ſoit que ſes viſites frequentes ou l’ar¬

425 5479 2881 265 gent que joüoit Ardeſile euſſent peu

426 5690 2889 190 faire faire des reflexions a Candole,

431 5890 2878 238 il pria ſa maiſtreſſe, lors qu’il partit

433 6087 2873 249 pour les confins de l’Eſpagne, de ne

2982 6290 333 210 plus
