4267 7638
2332 502 242 195 14.

1002 680 2871 257 piſtolles dont ils eſtoyent convenus,

996 890 2866 228 elle les enferma dans une Caſette, &

995 1082 2886 265 ſe mettant ſur un petit lict de repos

989 1294 2886 235 aupres de luy, perſonne, luy dit elle

995 1494 2879 257 Mr. n’eſcrit en gaule comme vous, ce

986 1690 2881 236 que je vais dire n’eſt pas pour faire le

972 1885 2898 257 bel eſprit, mais il eſt certain que je

974 2085 2898 253 connois peu de gens qui en ayent: la

968 2297 2906 233 plus part ne vous diſent que des ſotti¬

963 2489 2901 237 ſes & quand ils veulent eſcrire des

957 2689 2906 241 lettres tendres ils penſent avoir bien

951 2897 2910 237 rencontré de vous dire qu’ils vous

949 3097 2914 237 adorent, & qu’ils vont mourir pour

944 3297 2913 245 vous ſi vous ne les aimés, que ſi vous

942 3497 2922 237 leur faittes cette grace ils vous ſervi¬

940 3701 2910 213 ront toute leur vie, comme ſi on avoit

939 3893 2905 225 bien affaire de leurs ſervices. Je ſuis

933 4093 2905 237 ravi, dit Criſpin, que mes lettres vous

935 4297 2910 237 plaiſent, Madame, Je n’en feray pas

929 4497 2914 237 de façon, mes lettres ne me couſtent

923 4697 2910 245 rien, voila interrompit elle, ce qui eſt

926 4897 2902 245 difficile a croire, il faut donc que vous

920 5101 2906 245 ayés un fort grand fond. Apres quel¬

918 5301 2906 245 ques autres diſcours, que l'amour in¬

917 5500 2903 241 terrompit deux ou trois fois, ils con¬

903 5717 2913 217 vinrent d’un autre entreveüe, & à celle

905 5905 2898 261 la, encor d'un autre, de ſorte que deux

907 6113 2882 249 mille Piſtolles valeürent a Criſpin

3422 6355 361 167 trois
