4267 7656
981 628 2866 216 ſens & d’honneur, quoy que naturelle¬

976 820 2746 239 ment il euſt averſion pour la guerre.

1188 1021 2668 191 Eſtant donc devenu amoureux

978 1216 2885 224 d’Ardeliſe il chercha les moyens de

965 1420 2897 224 luy deſcouvrir ſon amour, le voiſi¬

968 1616 2885 232 nage a Paris luy en donnait aſſés

967 1816 2897 232 d’occaſions, mais la legereté qu’elle

966 2024 2897 224 teſmoignoit en toutes choses luy fai¬

961 2220 2901 232 ſoit apprehender de s'embarquer

960 2428 2905 208 avec elle, enfin un jour s’eſtant trou¬

959 2616 2901 224 vé teſte a teſte, ſi je ne voulois, luy

958 2820 2901 232 dit il, Madame que vous faire ſcavoir

953 3032 2897 216 que je vous aime, mes ſoins & mes

948 3224 2909 224 regards vous ont aſſés dit ce que je

946 3428 2918 224 ſens pour vous, mais comme il faut

945 3628 2906 224 Madame que vous reſpondiés un jour

948 3828 2905 220 a ma paſſion, il eſt neceſſaire auſſy

947 4028 2905 236 que je la deſcouvre, & que je vous

942 4216 2913 236 aſſure en meſme temps, que vous m’ai¬

949 4432 2901 216 miés ou que vous ne m'aimiés pas, je

940 4620 2913 184 ſuis reſolu de vous aimer toute ma

943 4828 293 158 vie.

1162 5021 2685 231 Oroondate ayant ceſſé de parler,

937 5216 2905 228 je vous avoue Mr. reſpondit Ardeliſe,

940 5424 2901 232 que ce n’eſt pas d’aujourd’huy que je

943 5628 2889 232 connois que vous m’aimés, & quoy

934 5828 2889 228 que vous ne m'en ayés point parlé

937 6020 2885 236 pluſtoſt, je n'ay pas laissé de vous te¬

3603 6243 231 173 nir

2355 461 172 177 4.
