4267 7647
1610 447 265 166 23.

359 600 2881 224 vous eſt pas encor conneüe, car il y a

344 800 2889 236 longtemps que je vous aime, & je ſuis

345 1000 2893 232 deſia en de grandes advances de ſoins,

346 1204 2897 236 mais apres m'eſtre entierement don¬

347 1412 2897 232 né a vous il faut que je vous demande

340 1620 2905 212 la confirmation de mon bail, octroyés

341 1824 2909 224 la moy je vous ſupplie & remarqués

343 2024 2909 220 qu’avec les mille francs a quoy vous

352 2220 2893 212 m’avéz taxé, je vous en donne encor

353 2416 2901 228 neuf pour eſtre bien auprés de vous,

350 2620 2901 224 car ce que je vous ay dit de mes amys

351 2824 2905 224 n’a eſté que pour tromper ceux qui

348 3020 2913 216 eſtoient icy. Je vous avoüe Monſieur

357 3220 2909 232 reſpondit elle, que je ne vous ai point

354 3432 2921 212 cru amoureux juſques icy qu’aujour¬

351 3624 2930 228 d’huy, ce n’eſt pas que je n'aye remar¬

357 3824 2921 224 qué certaines mines en vous qui me

354 4024 2921 228 faiſoient ſoubçonner quelque choſe,

363 4224 2913 228 mais je ſuis tellement rebuttée de ces

360 4424 2913 232 façons, & les ſoupirs & les langueurs

357 4620 2929 232 ſont a mon gré une ſi pauvre mar¬

358 4816 2933 240 chandiſe & de ſi foibles marques d’a¬

379 5028 2905 232 mour que ſi vous n’euſſiés pris avec

376 5236 2910 220 moy une corduitte plus honeſte vous

378 5436 2913 232 euſſiés perdu vos peines toute voſtre

379 5640 2917 236 vie, pour ce qui eſt maintenant de

388 5844 2909 228 reconnoiſſance vous devés croire que

389 6044 2905 244 l’on eſt pas loing d’aimer quand on

3089 6245 227 161 eſt
