4267 7638
2237 484 262 140 12.

913 620 2867 283 pas la hardieſſe de faire un discours

906 828 2863 279 qui trainoit apres luy de faſcheuſes

903 1024 2855 255 ſuittes, & puis il n’euſt pas eſté bien

892 1220 2879 263 receu, il fit donc deſſein de luy eſcrire

905 1432 2055 243 & luy eſcrivit cette lettre.

1753 1856 1221 207 LETTRE.

1241 2240 2535 312 'Ay bien aimé de fois en ma vie,

1268 2513 2516 294 Madame, mais, je n'ay jamais

827 2270 378 702 J

1210 2762 2560 261 rien tant aimé que vous, ce qui me

873 2995 2903 280 le fait croire, c'eſt que je n'ay jamais

865 3227 2908 296 donné a chacune de mes Maiſtreſſes

854 3467 2915 280 plus de cent piſtolles pour avoir leurs

862 3699 2908 292 bonnes grâces, & pour les voſtres

835 3939 2935 284 j'iray juſques a deux mille, faittés

867 4168 2904 283 reflexion je vous prie la deſſus, &

836 4387 2939 316 ſongés que l'argent eſt plus rare qu'il

864 4628 1220 266 n'a jamais eſté.

1083 5067 2666 236 Quinette femme de chanbre d’Ar¬

855 5259 2915 268 deliſe, & ſa confidente luy rendit

844 5467 2907 260 cette lettre de Criſpin, incontinent

837 5671 2915 276 cette belle luy fit la reſponce qui

847 5851 551 193 ſenſuit.

3176 6331 543 168 LET-
