4267 7647
2361 493 222 119 10.

982 616 2862 255 faiſoit bonne fortune en deſpit d’elle

982 816 2851 271 meſme, & la choſe euſt duré plus

971 1020 2867 271 longtemps, ſi cette belle n’euſt gagné

977 1216 2866 240 ſur la modeſtie de luy faire tant d’a¬

969 1424 2871 256 vance, qu’il pouvoit tout entrepren¬

971 1624 2874 248 dre aupres d’elle ſans trop s'exposer,

963 1820 2891 256 ſon affaire eſtant conclue, il s’appar¬

953 2016 2898 216 cent bientoſt du commerce d’Oroon¬

949 2228 2895 248 date. Un pretendant d’ordinaire ne

938 2428 2895 256 regarde que devant luy, mais un

935 2628 2899 252 amant bien traitté regarde a droit & a

940 2828 2891 252 gauche, & n’eſt pas longtemps ſans

942 3028 2898 224 deſcouvrir ſon rival, ſur cela Candole

934 3228 2899 252 ſe plaint, ſa maiſtreſſe le traitte de bi¬

931 3424 2895 256 ſarre, & de tyran, & le prend ſur un

924 3628 2899 251 ton ſi hault qu’il luy demande par¬

929 3824 2895 256 don, & ſe croit trop heureux de l’a¬

918 4024 2895 255 voir adoucie. Ce calme ne dure pas

907 4228 2915 244 longtemps, Oroondate de ſon coſté

912 4420 2903 263 fait des reproches auſſy inutiles que

921 4624 2887 263 ceux de Candole & voyant qu’il ne

914 4816 2887 255 peut deſtruire ſon rival il fait ſoubs

915 5024 2883 259 main donner advis a Lenix qui def¬

904 5216 2891 247 fend a Ardeſile de le voir, c’eſt a dire

901 5424 2883 255 redouble l’amour de ces deux amans,

898 5628 2883 247 qui ayant plus d’envie de ſe voir de¬

895 5824 2875 235 puis les deffences, en trouverent mil¬

884 6023 2875 284 le moyens plus commodes que ceux

3356 6289 419 218 qu’ils
