4267 7683
2319 480 158 154 8.

936 676 2898 277 d'aimer, & je ne ſçaurois vous le

921 936 2914 257 dire que comme tout le monde vous

930 1176 2907 273 le dit, ne prenés donc point garde

924 1404 2918 273 aux paroles qui ſont foibles, & qui

901 1632 2951 285 peuvent eſtre trompeuſes, mais faites

906 1884 2939 269 reflexion ſur la conduite que je veux

912 2116 2930 269 avoir avec vous, & ſi elle vous teſ¬

909 2372 2942 257 moigne que pour la continuer tous¬

894 2600 2955 281 jours de meſme force il faut eſtre

900 2832 2950 253 vivement touché, rendés vous a ces

889 3072 2954 281 teſmoignages, & croyés que puis que

878 3316 2963 277 je vous aime ſi fort, n'eſtant point

895 3552 2943 273 aimé de vous, je vous adoreray,

889 3788 2946 281 quand vous m'aués obligé d’avoir

882 4032 1639 230 de la reconnoiſſance.

1116 4259 2718 234 Ardeliſe ayant receu cette lettre y

886 4448 1734 240 fiſt auſſy toſt reſponce.

1693 4921 1282 195 LETTRE.

1134 5288 2690 262 'Il y a quelque choſe que vous em¬

1140 5544 2672 256 peſche d’eſtre cru, quand vous par¬

878 5780 2931 277 lés de vos amours, ce n'eſt pas qu’ils

880 6016 2926 285 m’importunent, c'eſt que vous en

3524 6338 270 183 par

877 5282 235 422 S
