4267 7629
2319 525 274 140 20.

979 658 2871 273 d’aupres d’elle, elle alloit a la con¬

971 870 2872 261 queſte de quelque nouvel amant ou

964 1070 2875 269 du moins raſſuroit Oroondate par

969 1262 2869 275 mille douceurs, de crainte que Can¬

961 1466 1624 235 dole ne luy eſchapaſt.

1174 1661 2667 266 L’hiver ſe passa ainſy ſans que Can¬

950 1861 2900 266 dole ſoupçonnaſt quoy que ce ſoit des

947 2057 2895 274 meſchans tours qu’elle luy faiſoit, il

939 2265 2904 258 la quitta pour retourner a l’Armée

924 2465 2915 262 auſſy ſatisfait d’elle qu’il l’avoit jamais

929 2665 2899 258 eſté, il n’y fut pas deux mois, qu’il

917 2865 2919 262 apprit des nouvelles qui troublerent

918 3053 2923 270 ſa joye, ſes amys particuliers qui pre¬

922 3265 2903 250 noient garde a la conduitte de la Mai¬

907 3457 2930 260 ſtreſſe ne luy en avoient oſé rien dire,

907 3661 2920 258 tant ils le trouvoient preoccupé de

904 3861 2915 262 cet infidelle, mais s’eſtant paſſé depuis

892 4053 2928 270 ſon abſence quelque choſe d’extraor¬

897 4257 2919 258 dinaire, & ne craignans pas qu’elle

894 4445 2915 262 deſtruiſit par ſa veüe les impreſſions

894 4649 2915 258 qu’elle luy avoient donnée, ils haſar¬

887 4845 2912 246 derent tous d’accord enſemble, ſans

887 5049 2908 270 qu’ils fiſſent paroiſtre ce concert, de

888 5249 2887 261 luy apprendre ſa conduitte, ils luy

880 5457 2908 258 manderent donc chacun separement

877 5653 2895 265 que Caſtilante avoit un fort grand

877 5857 2880 269 attachement pour Ardeliſe, que ſes

875 6053 2894 226 aſſiduités faiſoient croire non ſeule¬

3367 6340 406 127 ment
