4267 7638
1764 545 245 115 11.

466 674 2887 265 qu'ils avoyent au paravant, cependant

465 877 2902 222 Oroondate eſtant demeuré maiſtre

464 1078 2895 257 du champ de bataille, Candole re¬

467 1285 2899 254 commance ſes plaintes contre luy, il

470 1482 2891 257 fait de nouveaux efforts pour le chaſ¬

469 1685 2898 258 ſer, mais inutilement; Ardeſile luy dit

476 1890 2890 257 qu'il ne conſidere que ſes intereſts, &

482 2089 2895 258 qu’il ne ſe ſoucie pas de la perdre,

481 2285 2903 266 puis que ſi elle deffendoit a Oroonda¬

488 2489 2899 242 te de la voir, ſon mary & tout le mon¬

491 2690 2879 253 de ne doutteroyent pas du Sacrifice.

494 2901 2903 238 Ardeſile qui n’aimoit pas tant Oroon¬

489 3097 2907 258 date que Candole, ne le veut pourtant

496 3301 2899 254 pas perdre, tant par ce qu’un & un

495 3505 2895 254 ſont deux, que parce que les coquettes

498 3713 2898 234 croyent mieux retenir leurs amans

497 3909 2906 246 par une petite jalouſie que par une

512 4125 1522 234 grande tranquillité.

730 4297 2671 247 Dans cette entrefaitte Criſpin,

525 4493 2879 258 homme aſſés aagé, de baſſe naiſſance,

520 4701 2883 226 mais fort riche, devint amoureux

515 4901 2895 262 d’Ardeſile, & ayant deſcouvert qu’el¬

502 5105 2907 258 le aimoit le jeu, il crut que ſon argent

521 5309 2890 238 luy tiendroit lieu de merite, & fonda

528 5513 2883 250 ſes plus belles Eſperances ſur la ſom¬

535 5717 2883 254 me qu’il reſolut de luy offrir, il avoit

538 5909 2874 262 aſſés d’accés chez elle pour luy parler

541 6117 2878 262 luy meſme s’il euſt oſé, mais il n’avoit

3152 6339 319 229 pas

1980 6339 433 242 A 6
