4267 7647
1678 447 274 139 21.

417 600 2853 199 ment un deſſein mais encor un heu¬

407 800 2869 243 reux ſuccés, & qu’enfin quand elle ne

388 1003 2897 241 ſeroit pas coupable, il deuroit n’eſtre

383 1204 2893 237 pas content d’elle devoir, qu’elle fut

386 1404 2886 247 ſoupçonnée de tout le monde, mais

376 1615 2906 237 pendant que ces nouvelles vont por¬

390 1812 2889 236 ter la rage dans l’ame de Candole, il

387 2003 2901 245 eſt a propos de parler de la naiſſance,

388 2208 2886 236 du progrés, & de la fin de la paſſion

390 2408 2881 192 de Caſtillanté. Caſtillante avoit la

387 2612 2890 232 taille belle, le viſage agreable, bien

389 2812 2881 236 de la propreté, fort peu d’Eſprit,

386 3012 2889 232 meſme naiſſance & meſme profeſſion

383 3216 2890 232 que Criſpin, & beaucoup de bien

389 3416 2893 228 comme luy, il eſtoit aſſés bien fait

382 3612 2898 232 pour faire croire que s'il euſt porté

376 3812 2905 236 l’eſpée, il euſt eu de bonnes fortunes

389 4004 2889 244 pour son merite ſeulement, mais ſa

382 4208 2898 236 profeſſion & ſes richeſſes faiſoient

392 4412 2889 236 ſoubçonner que toutes les femmes

385 4612 2901 228 qu'il avoit aimées eſtoient intereſſées,

391 4815 2901 233 ſi bien que quand on le vit amoureux

396 5019 2893 233 d’Ardeliſe, on ne douta point qu’il ne

401 5222 1914 234 fut aimé pour ſon argent.

611 5416 2673 254 Le Roy apres avoir paſſé les eſtés

404 5615 2885 217 ſur les frontieres, revenoit d’ordinaire

414 5827 2881 224 à Paris les hyvers ou tous les diver¬

419 6015 2877 252 tiſſemens du monde occupoient ſon

2876 6223 446 223 eſprit
