4267 7469
1788 435 256 165 29.

676 583 2625 229 La primiere lettre que Candole

481 775 2824 209 avoit eſcrit a Ardeliſe ſur le ſujet de

481 975 2833 217 Caſtillante, luy avoit fait tant de peur

474 1171 2841 229 de ſon retour qu’elle l’apprehendoit

490 1367 2829 225 comme la mort, & je penſe qu’elle

471 1575 2853 205 ſouhaittoit de ne le revoir jamais,

480 1775 2852 221 cepandant le bruit de l’extremité ou

480 1963 2849 217 il eſtoit, la mit au deſeſpoir, & la

489 2167 2853 205 nouvelle de ſa mort que luy donna

502 2359 2832 225 Feſique ſon amye faillit a la faire

502 2555 2845 217 mourir elle meſme, elle fut quelque

495 2747 2833 221 temps ſans connoiſſance, & elle ne

500 2947 2816 225 revint qu’au nom de Mirelle, qu’on

496 3147 2853 217 luy dit qu’il luy vouloit parler, Mi¬

505 3347 2840 217 relle eſtoit le principal confident de

525 3547 2817 213 Candole, qui apportoit a Ardeliſe de

514 3703 2837 257 la part de ſon Maiſtre la lettre, qu’il

527 3935 2836 209 luy avoit eſcritte en mourant, & la

535 4131 2817 181 caſſette ou il enfermoit les lettres &

540 4327 2821 221 toutes les autres faveurs qu’il avoit

545 4519 2828 217 eu d’elle, apres avoir bien leu cette

549 4715 2817 217 derniere lettre, elle ſe mit a pleu¬

546 4911 2820 221 rer plus fort qu’auparavant, la Com¬

554 5103 2833 225 teſſe qui ne la quittoit point dans un

579 5311 2801 217 eſtat ſi deplorable, luy propoſa pour

568 5499 2828 181 amuſer ſa douleur d’ouvrir cette

572 5703 2809 177 caſette, ou elles trouverent d’abord

573 5903 2809 221 un mouchoir marqué de ſang en

2983 6099 418 249 quel¬

1968 6112 361 305 B 3
