4267 7701
1028 706 2888 226 pour elle, qu'elles ne ſont pas tous¬

1015 910 2904 229 jours des coups du Ciel ou de la for¬

1026 1170 401 115 tune.

1237 1315 2677 213 Candole avait les yeux bleus &

1024 1518 2913 225 bien faits, les traits irreguliers, la bou¬

1022 1706 2906 242 che grande & deſagreable, mais de

1017 1922 2917 198 fort belle dens, les cheveux d’un

1028 2122 2909 230 blond doré en la plus grande quantité

1035 2322 2901 214 du monde, ſa taille eſtoit admirable,

1025 2526 2910 234 il s’habilloit bien & les plus propres

1024 2726 2921 226 taſchoyent de l’imiter, il avoit l’air

1027 2934 2917 226 d’un homme de qualité, & tenoit l’un

1026 3138 2909 222 des premieres rangs de France, com¬

1028 3338 2918 226 me on diroit a preſent de Duc & Pair,

1023 3538 2932 233 il eſtoit Gouverneur des Gergoniens

1022 3727 2943 247 en Chef, & des Bourguignons con¬

1017 3942 2945 230 jointement avec ſon pere Bernard

1015 4134 2946 220 d’Angleterre, & General de l’Infan¬

1026 4337 2936 228 terie gauloiſe, le genie en eſtoit me¬

1033 4534 2925 224 diocre, mais dans les premieres a¬

1036 4742 2913 182 mours il eſtoit tombé entre les mains

1027 4942 2925 226 d’une Dame qui avoit infiniment de

1029 5146 2925 227 l’Eſprit, & comme ils s’eſtoyent tous

1036 5346 2913 234 deux fort aimées elle avoit pris tant

1032 5542 2926 245 de ſoin a le dresser, & luy de plaire a

1034 5758 2905 226 cette belle, que l’Art avoit paſſé la

1036 5958 2897 234 nature, & qu’il eſtoit beaucoup plus

1039 6158 2897 242 honeſte homme que mille gens qui

3358 6381 577 167 avoient

2394 543 153 145 6.
