4267 7638
2364 444 237 153 30.

1007 582 2886 232 quelques endroits. Ah mon dieu eſt il

1003 771 2889 246 poſſible, s’eſcria Ardeliſe, que je voye

998 991 2897 238 cela ſans mourir, quoy ce pauvre gar¬

1005 1187 2873 238 çon qui avoit tant d’autres choſes de

985 1399 2908 222 plus grande conſequence, avoit gardé

980 1595 2909 222 juſques a ce mouchoir, il a t’il rien au

983 1799 2909 214 monde de plus touchant, & la deſſus

979 1999 2908 222 elle raconta a Feſique que s’eſtant

970 2207 2925 218 quelques années couppée en travail¬

965 2403 2921 218 lant aupres de luy, il luy avoit de¬

965 2607 2924 178 mandé ce mouchoir dont elle avoit

964 2803 2913 218 eſſuyé ſa main, & l’avoit touſiours

959 3015 2921 222 gardé depuis, apres cela elles trouve¬

959 3219 2920 194 rent des bracelets, des bourſes, des

962 3423 2921 210 cheveux & des portraits d’Ardeliſe,

966 3627 2900 174 & comme elles furent tombées ſur les

957 3815 2917 234 Lettres, Feſique pria ſon amye qu’elle

956 4031 2909 218 en peuſt lire quelques unes: Ardeliſe y

951 4231 2917 226 conſentit, & Feſique ouvrit celle cy la

947 4391 759 278 premiere.

1817 4858 1261 184 LETTRE.

1343 5219 2516 248 N dit icy que vous avés eſté

1343 5486 2497 243 battu, ce peut eſtre un faux

938 5719 2901 246 bruit de vos envieux, mais ce peut

926 5947 2908 250 eſtre une verité. Ah mon dieu! dans

3475 6263 376 128 cette

955 5193 335 414 O
