4267 7612
1762 566 148 156 5.

446 726 2856 200 nir Comte de tout ce que vous avéz

438 922 2872 208 fait pour moy des le premier jour que

438 1114 2864 184 vous m’avez veüe, & cela me doit ſer¬

426 1322 2876 212 vir d’excuse quand je vous avoueray

426 1518 2884 220 que je vous aime. Ne m'en eſtimés pas

430 1726 2884 204 moins, puis qu’il a longtemps que je

438 1918 2872 208 vous entens soupirer, & quand mesme

426 2118 2884 204 on pourroit trouver quelque choſe a

430 2310 2892 212 redire a mon peu de reſiſtance. Ce ſe¬

430 2506 2888 208 roit une marque de la force de voſtre

438 2710 2540 212 merite pluſtoſt que de ma facilité.

646 2918 2668 196 Apres cela l'on peut bien juger que

438 3114 2864 204 la Dame ne fut pas longtemps ſans

442 3310 2880 164 donner les dernieres faveurs au Ca¬

430 3510 2880 204 vailler, & cela dura quatre ou cinq

430 3714 2884 204 mois de part & d’autres ſans qu’il y

426 3906 2896 216 euſt aucun tracas, mais enfin la

442 4094 2872 212 beauté d’Ardeliſe faiſoit trop de

438 4298 2876 204 bruit, & cette conqueſte promettoit

430 4502 2892 204 trop de gloire a qui la feroit pour

430 4698 2888 208 laiſſer Oroondate en repos, & Can¬

438 4890 2880 212 dole qui eſtoit l’homme de la cour le

442 5098 2876 212 mieux fait, crut qu’il ne manquoit

442 5298 2876 208 rien a ſa reputation que cela, il ſe

450 5498 2864 208 reſolut donc trois mois apres la cam¬

446 5694 2872 204 pagne finie d’eſtre amoureux d’elle

458 5886 2860 212 ſitoſt qu’il la verroit, il fit voir par

466 6094 2852 216 une grande paſſion qu’il eut enſuite

1841 6267 444 387 A 3

2939 6298 375 222 pour
