4267 7692
986 796 2914 255 ne me pas deſadvover en vous ai¬

984 1024 2906 287 mant, tous les amans d'ordinaire ſont

982 1262 2932 264 bien aiſe d'entendre nommer leurs

988 1505 2919 289 Maiſtreſſes, mais pour moy je tremble

998 1741 2906 290 quand je lis ou que j'entends voſtre

993 1992 2917 275 nom, il me ſemble tousjours que je

991 2228 2931 282 vay apprendre une hiſtoire de vous,

961 2492 2954 255 pire que la premiere, cepandant je

983 2728 2934 259 n'ay que faire, pour vous meſpriſer,

993 2949 2922 282 d'en ſçavoir d’avantage, vous ne

971 3212 2947 320 pouveZ rien adjouſter a voſtre infa¬

989 3456 2926 252 mie, attendés vous auſſy a tous les

987 3684 2934 280 reſſentimens que merite une femme

965 3920 2954 288 ſans honneur d'un honneſte homme

995 4165 2918 275 qui l'a fort aimée, je n'entre en au¬

998 4425 2929 255 cun deſtail avec vous parce que je

996 4661 2921 263 ne recherche point voſtre juſtifica¬

998 4893 2926 271 tion, & que non ſeulement vous eſtes

1000 5129 2925 273 convaincue a mon eſgard, mais que

986 5344 2935 298 je ne puis jamais revenir pour vous.

1211 5842 2705 198 Candole eſcrivit cette Lettre ſur le

1001 6057 2913 239 temps qu’il alloit partir pour retour¬

1007 6261 2910 247 ner a la cour, il venoit de perdre un

3234 6481 694 197 combat,

2304 591 266 154 26.
