4267 7585
420 610 2845 233 rerent, & il en vint d’autres qui ne

409 810 2865 230 vouloyent qu’aimer, un des premiers

418 1010 2849 237 qui ſe preſenta fut Oroondate, a qui

415 1210 2861 230 le voiſinage d’Ardeliſe donnoit plus

417 1414 2861 202 de commodité de la voir, & cette rai¬

414 1610 2869 226 ſon fut cauſe qu’il l’aima aſſés long¬

423 1814 2865 229 temps ſans que l’on s'en aperceut, &

440 2002 2857 233 je croy que cet amour euſt touſiours

433 2210 2861 205 eſté caché, ſi Oroondate n’euſt jamais

439 2406 2865 205 eu de rivaux, mais Candole eſtant de¬

432 2602 2881 193 venu amoureux d’Ardeliſe deſcouvrit

437 2806 2877 225 bientoſt ce qui eſtoit caché faute de

434 3002 2874 237 gens intereſſés, ce n’eſt pas que Lenix

440 3210 2873 201 n’aimaſt ſa femme, mais les maris s’a¬

445 3406 2869 261 privoiſent & jamais les amants, & la

442 3602 2881 229 jalouſie de ceux cy eſt mille fois plus

443 3802 2881 237 penetrante, que celle des autres, cela

452 4006 2870 229 fit donc que Candole viſt des choſes

454 4202 2869 229 que Lenix ne voyoit pas, & qu’il n’a

447 4398 2885 221 jamais veves, car il eſt encor a ſcavoir

452 4590 2865 233 qu’Oroondate aimaſt ſa femme. O¬

461 4794 2869 225 roondate avoit les yeux noirs & le

466 4990 2870 229 nés bienfait, la bouche petite, le vi¬

468 5194 2865 225 sage long, les cheveux fort noirs

473 5394 2869 221 longs & eſpaix, la taille belle, il avoit

478 5590 2869 233 aſſés d’Eſprit, ce n’eſtoit pas de ces

487 5794 2862 221 gens qui brillent dans les converſa¬

489 5994 2857 205 tions, mais il eſtoit homme de bon

3015 6175 365 246 ſens

1719 464 147 155 3.

1984 6207 409 309 A 2
