4267 7647
1580 507 310 176 13.

1235 876 1233 193 LETTRE.

746 1238 2538 291 E m'eſtois bien apperceue que vous

778 1513 2509 242 aviés de l'Eſprit par les conver¬

691 1745 2605 258 ſations que j'ay eue avec vous,

400 1993 2897 239 mais je ne ſçavois pas encor que vous

393 2205 2909 267 eſcriviſſiés ſi bien que vous faittes, je

402 2457 2905 259 n'ay rien veu de ſi jolis que voſtre let¬

411 2685 2889 259 tre, & je ſeray ravie d'en recevoir

392 2937 2920 243 ſouvent de ſemblables, cepandant je

396 3177 2921 247 ſeray bien aiſe de m'entretenir avec

421 3417 1889 239 vous ſe ſoir a ſix heures.

1848 3701 1332 197 ARDELISE.

656 4105 2669 226 Criſpin ne manqua pas de ſe trou¬

425 4313 2893 207 ver au rendéſvous, & s’y trouva en

434 4505 2892 191 habit cecent, c’eſt a dire, avec ſon ſac

438 4713 2885 223 & ſes quilles, Quinette l’ayant in¬

427 4909 2905 179 troduit dans le cabinet de ſa maiſtreſ¬

428 5109 2905 215 ſe les laiſſa ſeuls. Voila, luy dit il, Ma¬

437 5313 2893 223 dame, luy monſtrant ce qu’il portoit

442 5485 2905 285 ce qui ne ſe trouve pas tous les jours,

442 5725 2897 230 voulés vous le recevoir, je le veus

455 5925 2889 187 bien dit Ardeliſe & cela nous amuſe¬

455 6117 2894 235 ra. Ayant donc conté les deux mille

2837 6321 509 226 piſtol-

376 1232 342 762 J
