4267 7765
1040 615 2939 234 eſt bien aſſurée d’eſtre aimée, il n’en

1036 823 2955 274 falut pas d’avantage a Caſtillante

1032 1031 2948 278 pour luy faire croire, qu’il eſtoit a

1037 1235 2935 274 l’heure du berger, il ſe jetta aux pieds

1034 1443 2935 230 d’Ardeliſe, & comme il ſe vouloit

1014 1647 2971 262 ſervir de cette action d’humilité pour

1030 1851 2944 266 un pretexte a de plus hautes entrepri¬

1031 2051 2947 266 ſes, non non luy dit elle cela ne va pas

1035 2263 2952 263 comme vous penſés, en quel pays

1024 2459 2955 270 avéz vous ouy dire que les femmes

1021 2667 2963 263 faſſent les advances quand vous m’au¬

1021 2875 2963 267 rés donné de veritables marques d’une

1013 3079 2964 270 grande paſſion, je n’en ſeray pas in¬

1014 3287 2959 262 grate. Caſtillante vit bien que chés

1010 3491 2976 279 elle l’argent ſe livroit avant la mar¬

1011 3687 2967 259 chandiſe, & luy dit qu’il avoit deux

1003 3887 2960 278 cent piſtolles, & qu’il les luy donne¬

1020 4095 2955 263 roit ſi elle vouloit, & les ayant recéus

1016 4295 2952 270 ſi vous vouliés, luy dit il, m’accorder

1013 4495 2955 279 quelques faveurs ſur & tant moins de

1006 4703 2967 267 ces deniers je vous ſerois fort obligé,

1011 4915 2962 215 ou ſi vous voulés toute la ſomme fait¬

1010 5115 2952 279 te moy voſtre billet de ce que je viens

1015 5319 2951 271 de vous donner comme pour valeur

1008 5531 2955 259 receüe, elle aima mieux le baiſer que

1016 5735 2939 258 d’eſcrire, & un moment apres Caſtil¬

1016 5923 2932 282 lante ſortit en aſſurant qu’il luy ap¬

1013 6143 2923 270 porteroit le reſte le lendemain, il n’y

3546 6411 402 146 man¬

2379 478 269 162 24.
