4267 7647
1757 522 258 171 19.

443 651 2863 258 des teſmoignages du dereglement

445 855 2867 254 naturel de ſa raiſon, quand elle avoit

436 1063 2886 266 quelque emportement pour luy qui

434 1271 2903 234 eſclatoit il la croyoit vivement tou¬

453 1470 2890 259 chée, & cepandant elle n’eſtoit que

459 1667 2878 246 folle, il eſtoit tellement perſuadé de

450 1874 2894 255 la paſſion qu'elle avoit pour luy que

456 2074 2907 275 quand il mourroit d’amour pour elle

462 2278 2887 247 il apprehendoit encor d’eſtre ingrat,

473 2478 2898 247 on peut bien juger que la conduite

475 2670 2902 251 de ces amans fit grand bruit, ils

477 2866 2899 255 avoyent tous deux des ennemys, & la

476 3074 2906 211 fortune de l’un & la beauté de l’autre

482 3278 2911 243 luy avoit fait beaucoup d’envieux,

481 3478 2918 247 quand tout le monde les auroit voulu

487 3678 2918 251 ſervir ils auroyent tout deſtruit par

486 3886 2922 243 leur Imprudence, & tout le monde

492 4082 2922 239 leur vouloit nuire, ils ſe donnoyent

506 4278 2910 242 des rendés vous par tout, ſans avoir

509 4482 2906 246 pris aucune meſure avec perſonne, ils

511 4682 2914 242 ſe voyoyent quelques fois dans une

517 4882 2903 246 maiſon que Candole tenoit ſoubs le

524 5090 2902 242 nom d’une Dame de Campagne

526 5286 2899 246 qu’Ardeſile faiſoit ſemblant d’aller

541 5494 2878 246 voir, & le plus ſouvent la nuict chez

547 5694 2882 206 elle meſme, tout ces rendéſvous

557 5898 2871 254 n’uſoyent pas tout le temps de cette

552 6102 2886 258 perfide, lors que Candole ſortoit

3038 6308 400 171 d'au¬
