<?xml version="1.0" encoding="UTF-8"?>
<alto xmlns:xsi="http://www.w3.org/2001/XMLSchema-instance"
      xmlns="http://www.loc.gov/standards/alto/ns-v4#"
      xsi:schemaLocation="http://www.loc.gov/standards/alto/ns-v4# https://gitlab.inria.fr/scripta/escriptorium/-/raw/develop/app/escriptorium/static/alto-4-1-baselines.xsd">
  <Description>
    <MeasurementUnit>pixel</MeasurementUnit>
    <sourceImageInformation>
      <fileName>Bussy1665_Histoire_corrected_0034.png</fileName>
    </sourceImageInformation>
  </Description>
  
  <Tags>
    <OtherTag ID="BT1" LABEL="Title" DESCRIPTION="block type Title"/><OtherTag ID="BT2" LABEL="Main" DESCRIPTION="block type Main"/><OtherTag ID="BT153" LABEL="Damage" DESCRIPTION="block type Damage"/><OtherTag ID="BT154" LABEL="Decoration" DESCRIPTION="block type Decoration"/><OtherTag ID="BT155" LABEL="DropCapital" DESCRIPTION="block type DropCapital"/><OtherTag ID="BT156" LABEL="Figure" DESCRIPTION="block type Figure"/><OtherTag ID="BT157" LABEL="Margin" DESCRIPTION="block type Margin"/><OtherTag ID="BT158" LABEL="MusicNotation" DESCRIPTION="block type MusicNotation"/><OtherTag ID="BT159" LABEL="Numbering" DESCRIPTION="block type Numbering"/><OtherTag ID="BT160" LABEL="RunningTitle" DESCRIPTION="block type RunningTitle"/><OtherTag ID="BT161" LABEL="Seal" DESCRIPTION="block type Seal"/><OtherTag ID="BT162" LABEL="Signatures" DESCRIPTION="block type Signatures"/><OtherTag ID="BT163" LABEL="Stamp" DESCRIPTION="block type Stamp"/><OtherTag ID="BT164" LABEL="Table" DESCRIPTION="block type Table"/>
    <OtherTag ID="LT70" LABEL="Default" DESCRIPTION="line type Default"/><OtherTag ID="LT71" LABEL="DropCapitalLine" DESCRIPTION="line type DropCapitalLine"/><OtherTag ID="LT72" LABEL="Interlinear" DESCRIPTION="line type Interlinear"/><OtherTag ID="LT73" LABEL="MusicLine" DESCRIPTION="line type MusicLine"/><OtherTag ID="LT74" LABEL="Rubric" DESCRIPTION="line type Rubric"/>
  </Tags>
  
  <Layout>
    <Page WIDTH="4267"
          HEIGHT="7612"
          PHYSICAL_IMG_NR="22"
          ID="eSc_dummypage_">
      <PrintSpace HPOS="0"
                  VPOS="0"
                  WIDTH="4267"
                  HEIGHT="7612">
        
        <TextBlock HPOS="2260"
                   VPOS="427"
                   WIDTH="351"
                   HEIGHT="185"
                   ID="eSc_textblock_dc33ce94"
                   TAGREFS="BT159">
          <Shape><Polygon POINTS="2260 427 2260 612 2611 612 2591 427"/></Shape>
          
          
          <TextLine ID="line_1554805379423_985"
                    TAGREFS="LT70"
                    BASELINE="2303 578 2577 578" 
                    HPOS="2303"
                    VPOS="445"
                    WIDTH="277"
                    HEIGHT="138">
            <Shape><Polygon POINTS="2306 445 2580 445 2577 583 2303 583"/></Shape>
	    <String CONTENT="22."
                    HPOS="2303"
                    VPOS="445"
                    WIDTH="277"
                    HEIGHT="138"></String>
          </TextLine>

          
        </TextBlock>
        
        <TextBlock HPOS="994"
                   VPOS="602"
                   WIDTH="2903"
                   HEIGHT="5845"
                   ID="eSc_textblock_4cea534a"
                   TAGREFS="BT2">
          <Shape><Polygon POINTS="994 602 994 6447 3897 6447 3897 602"/></Shape>
          
          
          <TextLine ID="tl_1"
                    TAGREFS="LT70"
                    BASELINE="1026 763 1456 757 1863 759 2004 757 2466 793 2644 760 3188 789 3290 818 3499 798 3870 792" 
                    HPOS="1025"
                    VPOS="586"
                    WIDTH="2856"
                    HEIGHT="279">
            <Shape><Polygon POINTS="1025 586 3881 586 3881 865 1025 865"/></Shape>
	    <String CONTENT="eſprit tour a tour, le billard, la pau¬"
                    HPOS="1025"
                    VPOS="586"
                    WIDTH="2856"
                    HEIGHT="279"></String>
          </TextLine>

          
          
          <TextLine ID="tl_2"
                    TAGREFS="LT70"
                    BASELINE="1034 956 1375 979 1592 955 2167 992 2352 967 3225 997 3864 1016" 
                    HPOS="1034"
                    VPOS="786"
                    WIDTH="2831"
                    HEIGHT="234">
            <Shape><Polygon POINTS="1034 786 3865 786 3865 1020 1034 1020"/></Shape>
	    <String CONTENT="me, la chaſſe, la comedie &amp; la dance"
                    HPOS="1034"
                    VPOS="786"
                    WIDTH="2831"
                    HEIGHT="234"></String>
          </TextLine>

          
          
          <TextLine ID="tl_3"
                    TAGREFS="LT70"
                    BASELINE="1019 1159 1645 1160 2253 1162 2629 1164 3145 1184 3864 1232" 
                    HPOS="1018"
                    VPOS="990"
                    WIDTH="2848"
                    HEIGHT="266">
            <Shape><Polygon POINTS="1018 990 3866 990 3866 1256 1018 1256"/></Shape>
	    <String CONTENT="avoyent chacun leur temps avec luy,"
                    HPOS="1018"
                    VPOS="990"
                    WIDTH="2848"
                    HEIGHT="266"></String>
          </TextLine>

          
          
          <TextLine ID="tl_4"
                    TAGREFS="LT70"
                    BASELINE="1020 1359 1578 1359 2034 1362 2286 1362 2902 1368 3281 1390 3418 1396 3865 1412" 
                    HPOS="1020"
                    VPOS="1186"
                    WIDTH="2846"
                    HEIGHT="226">
            <Shape><Polygon POINTS="1020 1186 3866 1186 3866 1412 1020 1412"/></Shape>
	    <String CONTENT="c’eſtoit alors les loteriés dont il eſtoit"
                    HPOS="1020"
                    VPOS="1186"
                    WIDTH="2846"
                    HEIGHT="226"></String>
          </TextLine>

          
          
          <TextLine ID="tl_5"
                    TAGREFS="LT70"
                    BASELINE="1016 1611 1753 1590 1971 1573 2402 1564 3106 1579 3863 1608" 
                    HPOS="1016"
                    VPOS="1386"
                    WIDTH="2885"
                    HEIGHT="279">
            <Shape><Polygon POINTS="1016 1386 3901 1390 3901 1665 1016 1661"/></Shape>
	    <String CONTENT="queſtion, &amp; elles eſtoyent tellement"
                    HPOS="1016"
                    VPOS="1386"
                    WIDTH="2885"
                    HEIGHT="279"></String>
          </TextLine>

          
          
          <TextLine ID="tl_6"
                    TAGREFS="LT70"
                    BASELINE="1018 1755 1099 1755 1303 1750 1823 1755 2195 1765 2843 1767 3083 1779 3607 1792 3875 1804" 
                    HPOS="1017"
                    VPOS="1590"
                    WIDTH="2859"
                    HEIGHT="250">
            <Shape><Polygon POINTS="1017 1590 3876 1590 3876 1840 1017 1840"/></Shape>
	    <String CONTENT="a la mode que chacun en faiſoit les"
                    HPOS="1017"
                    VPOS="1590"
                    WIDTH="2859"
                    HEIGHT="250"></String>
          </TextLine>

          
          
          <TextLine ID="tl_7"
                    TAGREFS="LT70"
                    BASELINE="1018 1951 1288 1942 2036 1962 2320 1963 2848 1975 3100 1979 3648 1992 3876 2012" 
                    HPOS="1018"
                    VPOS="1786"
                    WIDTH="2859"
                    HEIGHT="254">
            <Shape><Polygon POINTS="1018 1786 3877 1786 3877 2040 1018 2040"/></Shape>
	    <String CONTENT="uns d’argent les autres de bijoux &amp;"
                    HPOS="1018"
                    VPOS="1786"
                    WIDTH="2859"
                    HEIGHT="254"></String>
          </TextLine>

          
          
          <TextLine ID="tl_8"
                    TAGREFS="LT70"
                    BASELINE="1011 2151 1201 2149 1968 2161 2582 2175 2737 2174 2969 2181 3501 2194 3884 2200" 
                    HPOS="1011"
                    VPOS="1986"
                    WIDTH="2874"
                    HEIGHT="218">
            <Shape><Polygon POINTS="1011 1986 3885 1986 3885 2204 1011 2204"/></Shape>
	    <String CONTENT="de meubles. Ardeſile en voulut faire"
                    HPOS="1011"
                    VPOS="1986"
                    WIDTH="2874"
                    HEIGHT="218"></String>
          </TextLine>

          
          
          <TextLine ID="tl_9"
                    TAGREFS="LT70"
                    BASELINE="1016 2355 1302 2346 1578 2347 2042 2362 2745 2378 3260 2418 3673 2389 3889 2400" 
                    HPOS="1015"
                    VPOS="2186"
                    WIDTH="2875"
                    HEIGHT="242">
            <Shape><Polygon POINTS="1015 2186 3890 2186 3890 2428 1015 2428"/></Shape>
	    <String CONTENT="une de cette derniere ſorte, mais au"
                    HPOS="1015"
                    VPOS="2186"
                    WIDTH="2875"
                    HEIGHT="242"></String>
          </TextLine>

          
          
          <TextLine ID="tl_10"
                    TAGREFS="LT70"
                    BASELINE="1005 2550 1302 2550 1694 2557 2102 2555 2302 2567 2710 2581 3098 2587 3358 2592 3518 2634 3893 2572" 
                    HPOS="1004"
                    VPOS="2390"
                    WIDTH="2891"
                    HEIGHT="258">
            <Shape><Polygon POINTS="1004 2390 3895 2390 3895 2648 1004 2648"/></Shape>
	    <String CONTENT="lieu que dans la plus part on y em¬"
                    HPOS="1004"
                    VPOS="2390"
                    WIDTH="2891"
                    HEIGHT="258"></String>
          </TextLine>

          
          
          <TextLine ID="tl_11"
                    TAGREFS="LT70"
                    BASELINE="1005 2803 1595 2759 1991 2766 2675 2777 2991 2786 3339 2787 3463 2833 3895 2800" 
                    HPOS="1005"
                    VPOS="2594"
                    WIDTH="2891"
                    HEIGHT="254">
            <Shape><Polygon POINTS="1005 2594 3896 2594 3896 2848 1005 2848"/></Shape>
	    <String CONTENT="ployoit tout l’argent que l’on y avoit"
                    HPOS="1005"
                    VPOS="2594"
                    WIDTH="2891"
                    HEIGHT="254"></String>
          </TextLine>

          
          
          <TextLine ID="tl_12"
                    TAGREFS="LT70"
                    BASELINE="1002 2955 1267 2974 1500 2966 1852 2963 2056 2963 2384 2972 2820 2983 3324 2987 3512 2986 3883 2976" 
                    HPOS="1001"
                    VPOS="2782"
                    WIDTH="2884"
                    HEIGHT="270">
            <Shape><Polygon POINTS="1001 2782 3885 2782 3885 3052 1001 3052"/></Shape>
	    <String CONTENT="eu, &amp; que le ſort apres faiſoit le par¬"
                    HPOS="1001"
                    VPOS="2782"
                    WIDTH="2884"
                    HEIGHT="270"></String>
          </TextLine>

          
          
          <TextLine ID="tl_13"
                    TAGREFS="LT70"
                    BASELINE="1011 3155 1431 3185 1852 3167 2292 3178 2541 3218 2877 3184 3380 3184 3600 3196 3888 3200" 
                    HPOS="1010"
                    VPOS="2998"
                    WIDTH="2879"
                    HEIGHT="254">
            <Shape><Polygon POINTS="1010 2998 3889 2998 3889 3252 1010 3252"/></Shape>
	    <String CONTENT="tage, dans celle cy qui eſtoit de dix"
                    HPOS="1010"
                    VPOS="2998"
                    WIDTH="2879"
                    HEIGHT="254"></String>
          </TextLine>

          
          
          <TextLine ID="tl_14"
                    TAGREFS="LT70"
                    BASELINE="1004 3352 1421 3356 2016 3398 2222 3369 2557 3423 2793 3379 3158 3396 3465 3389 3889 3452" 
                    HPOS="1003"
                    VPOS="3190"
                    WIDTH="2887"
                    HEIGHT="262">
            <Shape><Polygon POINTS="1003 3190 3890 3190 3890 3452 1003 3452"/></Shape>
	    <String CONTENT="mille eſcus, il n&#39;y en euſt pas cinq"
                    HPOS="1003"
                    VPOS="3190"
                    WIDTH="2887"
                    HEIGHT="262"></String>
          </TextLine>

          
          
          <TextLine ID="tl_15"
                    TAGREFS="LT70"
                    BASELINE="996 3551 1922 3573 2155 3584 2482 3582 2858 3632 3026 3582 3526 3590 3889 3580" 
                    HPOS="996"
                    VPOS="3394"
                    WIDTH="2895"
                    HEIGHT="254">
            <Shape><Polygon POINTS="996 3394 3891 3394 3891 3648 996 3648"/></Shape>
	    <String CONTENT="d’employés &amp; ces cinq la furent par¬"
                    HPOS="996"
                    VPOS="3394"
                    WIDTH="2895"
                    HEIGHT="254"></String>
          </TextLine>

          
          
          <TextLine ID="tl_16"
                    TAGREFS="LT70"
                    BASELINE="981 3751 1483 3745 1791 3754 2387 3768 3358 3788 3891 3796" 
                    HPOS="980"
                    VPOS="3589"
                    WIDTH="2911"
                    HEIGHT="259">
            <Shape><Polygon POINTS="980 3589 3891 3589 3891 3848 980 3848"/></Shape>
	    <String CONTENT="tagées au choix d&#39;Ardeſile. Lors"
                    HPOS="980"
                    VPOS="3589"
                    WIDTH="2911"
                    HEIGHT="259"></String>
          </TextLine>

          
          
          <TextLine ID="tl_17"
                    TAGREFS="LT70"
                    BASELINE="993 3987 1532 3950 1768 3954 2040 3958 2887 3984 3895 3996" 
                    HPOS="993"
                    VPOS="3786"
                    WIDTH="2903"
                    HEIGHT="266">
            <Shape><Polygon POINTS="993 3786 3896 3786 3896 4052 993 4052"/></Shape>
	    <String CONTENT="qu’elle fit les premieres propoſitions"
                    HPOS="993"
                    VPOS="3786"
                    WIDTH="2903"
                    HEIGHT="266"></String>
          </TextLine>

          
          
          <TextLine ID="tl_18"
                    TAGREFS="LT70"
                    BASELINE="991 4151 1173 4148 1349 4147 1888 4156 2760 4178 3020 4226 3564 4195 3671 4225 3881 4212" 
                    HPOS="990"
                    VPOS="3986"
                    WIDTH="2891"
                    HEIGHT="254">
            <Shape><Polygon POINTS="990 3986 3881 3986 3881 4240 990 4240"/></Shape>
	    <String CONTENT="de la loterie Caſtillante s’y trouva, &amp;"
                    HPOS="990"
                    VPOS="3986"
                    WIDTH="2891"
                    HEIGHT="254"></String>
          </TextLine>

          
          
          <TextLine ID="tl_19"
                    TAGREFS="LT70"
                    BASELINE="992 4351 1585 4351 1973 4353 2769 4374 2905 4381 3525 4387 3893 4401" 
                    HPOS="991"
                    VPOS="4186"
                    WIDTH="2903"
                    HEIGHT="215">
            <Shape><Polygon POINTS="991 4186 3894 4186 3894 4401 991 4401"/></Shape>
	    <String CONTENT="comme elle demanda a chacun une"
                    HPOS="991"
                    VPOS="4186"
                    WIDTH="2903"
                    HEIGHT="215"></String>
          </TextLine>

          
          
          <TextLine ID="tl_20"
                    TAGREFS="LT70"
                    BASELINE="992 4547 1566 4547 2026 4550 2246 4558 2809 4587 3054 4587 3890 4636" 
                    HPOS="991"
                    VPOS="4386"
                    WIDTH="2900"
                    HEIGHT="262">
            <Shape><Polygon POINTS="991 4386 3891 4386 3891 4648 991 4648"/></Shape>
	    <String CONTENT="femme ſelon ſa force, &amp; qu&#39;elle luy"
                    HPOS="991"
                    VPOS="4386"
                    WIDTH="2900"
                    HEIGHT="262"></String>
          </TextLine>

          
          
          <TextLine ID="tl_21"
                    TAGREFS="LT70"
                    BASELINE="1005 4747 1304 4751 1591 4747 1992 4750 2531 4767 2919 4769 3543 4791 3894 4765" 
                    HPOS="1004"
                    VPOS="4582"
                    WIDTH="2893"
                    HEIGHT="239">
            <Shape><Polygon POINTS="1004 4582 3895 4582 3897 4821 1006 4821"/></Shape>
	    <String CONTENT="euſt dit qu’il falloit qu’il donnaſt mil¬"
                    HPOS="1004"
                    VPOS="4582"
                    WIDTH="2893"
                    HEIGHT="239"></String>
          </TextLine>

          
          
          <TextLine ID="tl_22"
                    TAGREFS="LT70"
                    BASELINE="998 4951 1144 4944 1735 4974 1880 4948 2160 5005 2916 4973 3304 4975 3483 4986 3890 4969" 
                    HPOS="991"
                    VPOS="4778"
                    WIDTH="2905"
                    HEIGHT="254">
            <Shape><Polygon POINTS="997 4778 3896 4783 3890 5032 991 5027"/></Shape>
	    <String CONTENT="le francs, il luy reſpondit qu’il le vou¬"
                    HPOS="991"
                    VPOS="4778"
                    WIDTH="2905"
                    HEIGHT="254"></String>
          </TextLine>

          
          
          <TextLine ID="tl_23"
                    TAGREFS="LT70"
                    BASELINE="995 5147 1284 5146 1767 5182 1997 5170 2405 5165 2728 5214 3668 5193 3892 5193" 
                    HPOS="994"
                    VPOS="4990"
                    WIDTH="2900"
                    HEIGHT="237">
            <Shape><Polygon POINTS="994 4990 3893 4990 3894 5227 995 5227"/></Shape>
	    <String CONTENT="loit bien, &amp; qu’il luy promettoit de"
                    HPOS="994"
                    VPOS="4990"
                    WIDTH="2900"
                    HEIGHT="237"></String>
          </TextLine>

          
          
          <TextLine ID="tl_24"
                    TAGREFS="LT70"
                    BASELINE="999 5403 1321 5343 1573 5351 1893 5400 2305 5363 3101 5380 3533 5391 3888 5377" 
                    HPOS="995"
                    VPOS="5179"
                    WIDTH="2893"
                    HEIGHT="252">
            <Shape><Polygon POINTS="998 5182 3888 5179 3885 5428 995 5431"/></Shape>
	    <String CONTENT="plus de luy faire parmy ſes amys juſ¬"
                    HPOS="995"
                    VPOS="5179"
                    WIDTH="2893"
                    HEIGHT="252"></String>
          </TextLine>

          
          
          <TextLine ID="tl_25"
                    TAGREFS="LT70"
                    BASELINE="999 5600 1354 5548 1502 5554 1899 5560 2163 5561 2665 5569 3365 5587 3868 5597" 
                    HPOS="995"
                    VPOS="5386"
                    WIDTH="2879"
                    HEIGHT="266">
            <Shape><Polygon POINTS="999 5386 3874 5390 3870 5652 995 5648"/></Shape>
	    <String CONTENT="ques a neuf mil livres. Quelque temps"
                    HPOS="995"
                    VPOS="5386"
                    WIDTH="2879"
                    HEIGHT="266"></String>
          </TextLine>

          
          
          <TextLine ID="tl_26"
                    TAGREFS="LT70"
                    BASELINE="1005 5743 1419 5745 1835 5763 2047 5763 3110 5788 3585 5828 3706 5794 3878 5796" 
                    HPOS="1004"
                    VPOS="5590"
                    WIDTH="2875"
                    HEIGHT="249">
            <Shape><Polygon POINTS="1004 5590 3879 5590 3879 5839 1004 5839"/></Shape>
	    <String CONTENT="apres tout le monde eſtant ſorti, a la"
                    HPOS="1004"
                    VPOS="5590"
                    WIDTH="2875"
                    HEIGHT="249"></String>
          </TextLine>

          
          
          <TextLine ID="tl_27"
                    TAGREFS="LT70"
                    BASELINE="1010 5947 1555 5959 1787 5959 2778 6015 2979 5986 3215 5994 3875 5997" 
                    HPOS="1009"
                    VPOS="5793"
                    WIDTH="2873"
                    HEIGHT="253">
            <Shape><Polygon POINTS="1009 5794 3882 5793 3882 6045 1009 6046"/></Shape>
	    <String CONTENT="reſerve de Caſtillante, je ne ſcay pas"
                    HPOS="1009"
                    VPOS="5793"
                    WIDTH="2873"
                    HEIGHT="253"></String>
          </TextLine>

          
          
          <TextLine ID="tl_28"
                    TAGREFS="LT70"
                    BASELINE="1022 6161 1213 6161 2100 6220 2384 6188 2627 6224 2825 6199 3116 6204 3876 6188" 
                    HPOS="1021"
                    VPOS="5994"
                    WIDTH="2856"
                    HEIGHT="274">
            <Shape><Polygon POINTS="1021 5994 3877 5994 3877 6268 1021 6268"/></Shape>
	    <String CONTENT="Madame, luy dit il, ſi ma paſſion ne"
                    HPOS="1021"
                    VPOS="5994"
                    WIDTH="2856"
                    HEIGHT="274"></String>
          </TextLine>

          
          
          <TextLine ID="line_1546015656707_6815"
                    TAGREFS="LT74"
                    BASELINE="3506 6397 3883 6397" 
                    HPOS="3505"
                    VPOS="6282"
                    WIDTH="378"
                    HEIGHT="120">
            <Shape><Polygon POINTS="3505 6282 3882 6282 3883 6402 3506 6402"/></Shape>
	    <String CONTENT="vous"
                    HPOS="3505"
                    VPOS="6282"
                    WIDTH="378"
                    HEIGHT="120"></String>
          </TextLine>

          
        </TextBlock>
        

        
      </PrintSpace>
    </Page>
  </Layout>
</alto>
