4267 7447
1741 641 252 152 27.

480 798 2801 202 combat, & cela n’avoit pas peu con¬

476 986 2824 214 tribue a l’aigreur de ſa lettre, il ne

463 1186 2833 218 pouvoit ſuffrir d’eſtre battu par¬

463 1386 2836 210 tout, & ce luy euſt eſté quelque con¬

455 1586 2832 206 ſolation dans le malheur de la guerre,

446 1778 2841 218 s’il euſt eſté plus heureux en amour. Il

450 1978 2840 214 commença ſon voyage avec un cha¬

453 2178 2833 206 grin eſpouvantable, en d’autres temps

453 2370 2832 206 il ſeroit venu en poſte, mais comme

440 2562 2841 238 s’il euſt eu quelque preſſentiment de

436 2762 2852 174 ſa mauvaiſe fortune, il venoit fort len¬

440 2958 2840 182 tement, il commença dans le chemin

443 3158 2829 218 de ſentir quelqu’ incommodité, a

447 3358 2824 186 Vienne il ſe trouva fort mal, mais

434 3562 2833 206 comme il n’eſtoit plus qu’a une jour¬

438 3754 2840 210 née de Lyon il y voulut aller ſca¬

434 3950 2840 218 chant bien qu’il y ſeroit mieux trait¬

433 4142 2841 210 té, cepandant les fatigues de la cam¬

433 4338 2828 218 pagne l’ayant fort abbatu, les deſplai¬

432 4534 2821 198 ſirs l’acheverent, & ſa jeuneſſe avec

420 4730 2836 214 les aſſiſtences des medecins ne peu¬

428 4930 2820 202 rent luy ſauver la vie, mais comme les

423 5130 2825 210 plus grands maux ne luy puerent fai¬

423 5326 2824 202 re perder le ſouvenir de l’infidelité

422 5518 2821 210 d’Ardeliſe, il luy eſcrivit cette Lettre

422 5718 1412 167 la veille de ſa mort.

2627 6249 590 273 LET¬

1515 6317 385 248 B 2
