4267 7629
2350 474 251 165 18.

1261 646 2648 285 Candole fut tout a fait raſſuré par

1031 841 2875 242 cette lettre, il fit en ſuitte des reſolu¬

1030 1045 2876 266 tions de ne point condamner ſa Mai¬

1022 1245 2888 286 ſtreſſe ſur des apparences qu’il jugea

1019 1445 2879 262 peut eſtre trompeuſes, il ſe jetta en

1007 1653 2895 262 l’autre extremité de la confiance, &

1011 1849 2892 278 prit en bonne part tout ce qu’elle fit

1007 2045 2892 282 pendant ſix mois de coqueterie, &

1008 2249 2895 230 d’infidelité: car elle continua de voir

1008 2449 2891 258 Criſpin, & de donner des faveurs à

1000 2653 2908 271 Oroondate, & quoy que l’on en eſcri¬

985 2841 2907 270 viſt de plus de cent endroits a Cando¬

961 3040 2939 284 le, il crut que cela venoit de ſon pere

981 3249 2919 279 & de ſes amys qui le vouloient de¬

973 3457 2919 278 tourner de l’amour qu’il avoit pour

961 3669 2936 271 elle, croyans que cette paſſion l’em¬

961 3865 2936 271 peſcheroit de ſonger au mariage: il

954 4060 2927 263 revint donc de l’Armée plus amou¬

958 4265 2931 259 reux qu’il n'avoit jamais eſté. Ardeſile

958 4469 2919 258 auſſi, aupres de qui une aſſés longue

958 4661 2912 266 abſence faiſoit paſſer Candole pour

947 4860 2935 268 un novel amant, redoubla ſes empreſ¬

958 5061 2912 294 ſemens pour luy a la veüe meſme de

951 5281 2919 254 toute la cour, cet amant prenoit tou¬

943 5468 2924 275 tes les Imprudences qu’elle faiſoit

947 5673 2908 270 pour le voir pour des marques d’une

951 5881 2896 270 paſſion dont elle n’eſtoit plus la Mai¬

951 6077 2888 282 ſtreſſe, quoy que ce ne fuſſent que

3573 6342 258 145 des
