4267 7612
1839 557 160 143 7.

475 687 2878 232 avoient plus d’Eſprit que luy, eſtant

473 887 2897 224 donc de retour des confins de l'Eſpa¬

466 1091 2898 236 gne, ou il avoit commandé l’Armée

460 1295 2909 188 ſoubs l’authorité du Prince comme

465 1499 2905 232 proche parent du Roy, il commence

466 1699 2914 236 a teſmoigner a Ardeſile par mille em¬

476 1903 2893 228 preſſements l’amour qu’il avoit pour

469 2099 2906 252 elle dans la penſée, qu’il eut qu’elle

474 2303 2894 220 n’avoit jamais rien aimé, & voyant

476 2491 2909 236 qu’elle ne reſpondoit pas a ſa paſſion,

481 2699 2913 224 il reſolut enfin de la luy apprendre de

482 2891 2906 240 maniere qu’elle ne peuſt faire ſem¬

480 3103 2913 228 blant de l’ignorer, mais comme il

485 3303 2906 228 avoit pour toutes les femmes un re¬

483 3503 2913 236 ſpect qui tenoit un peu de la honte, il

484 3695 2909 240 aima mieux eſcrire a Ardeſile que luy

489 3913 2566 222 parler, voicy ce qu’il luy eſcrivit.

1349 4392 1233 185 LETTRE.

730 4782 2667 292 E ſuis au Deſespoir, Madame,

723 5049 2686 247 que toutes les Declarations d’A¬

495 4827 203 533 J

499 5295 2909 260 mour ſe reſſemblent. Et qu'il y ait

512 5531 2882 252 tant de difference entre les ſentimens.

514 5743 2901 287 Je ſens bien que je vous aime plus

524 6015 2889 247 que tout le monde n'a de couſtume

2793 6202 616 299 d'aimer

1790 6241 445 260 A 4
