4267 7542
1818 517 145 113 I.

918 647 2404 195 Oubs le regne de Theodate la

919 854 2421 229 guerre qui duroit depuis vingt

933 1050 2402 229 ans n’empeſchoit point qu’on

924 1254 2425 226 ne fiſt quelquefois l’amour ,

466 1443 2874 232 mais comme la Cour eſtoit remplie

461 1647 2869 196 de vieux Cavalliers inſenſibles, ou de

464 1851 2873 220 jeunes gens nés dans le bruit des ar¬

462 2047 2866 228 mées & que ce meſtier avoit rendu

461 2239 2877 232 brutaux, cela avoit fait la plus part

463 2443 2874 216 des Dames un peu moins modeſtes

462 2635 2877 233 qu’autrefois, & voyant qu’elles euſ¬

457 2831 2877 228 ſent langui dans l'oiſiveté, ſi elles

467 3027 2866 204 n’euſſent fait des advances, ou du

462 3231 2877 213 moins ſi elles avoient eſté cruelles, il

460 3435 2870 228 y en avoit beaucoup de pitoyables &

451 3623 2005 230 quelqu'unes d’effrontées.

670 3833 2665 199 Ardeliſe eſtoit de ces dernieres, elle

456 4031 2874 224 avoit le viſage rond, le nés bien fait, la

467 4227 2861 220 bouche petite, les yeux brillans &

461 4415 2862 240 fins, & les traits delicats, le rire, qui

460 4607 2857 216 embellit tout le monde, faiſoit en elle

463 4803 2849 220 un effect tout contraire, elle avoit les

453 5015 2878 200 cheveux d’un chaſtain clair, le ſein

456 5215 2853 228 admirable, la gorge, les mains, &

454 5411 2870 224 les bras bien faits; elle avoit la taille

465 5611 2853 240 groſſiere & ſans ſon viſage on ne luy

464 5811 2849 224 auroit pas pardonné ſon air, cela fit

462 6011 2862 240 dire a ſes flatteurs, quand elle com¬

2794 6241 516 282 mença

1862 6215 214 271 A

465 663 439 719 S
