4267 7683
2288 462 259 164 16.

940 624 2908 283 plus voir Criſpin de qui le commerce

933 828 2883 267 nuiſoit a ſa reputation, elle luy pro¬

934 1024 2887 271 mit & n’en fit rien, de ſorte que Can¬

922 1247 2903 256 dole apprenant par ceux qui man¬

923 1435 2907 264 doient des nouvelles de Paris, que

924 1635 2915 252 Criſpin alloit plus souvent chéz Ar¬

917 1831 2907 264 deliſe qu’il n'avoit jamais fait, luy

914 2039 1503 201 eſcrivit une lettre.

1771 2473 1275 197 LETTRE.

1178 2874 2634 295 N vous diſant adieu, Madame,

1162 3150 2660 273 je vous pria de ne plus voir le

899 3383 2923 276 coquin de Criſpin, vous me le pro¬

894 3619 2965 349 miſtes y cepandant il ne bouge de chéZ

891 3859 2924 276 vous, n'avés vous point de honte de

883 4091 2940 288 me mettre en eſtat d'apprehender au¬

879 4331 2940 300 pres de vous un miſerable Bourgeois

896 4571 2919 284 qui ne peut jamais eſtre craint que

880 4803 2935 296 par l'audace que vous luy donnés, ſi

900 5032 2904 303 vous n'en rougiſſés, Madame, j'en

896 5280 2899 299 rougis pour vous & pour moy, & de

876 5531 2943 276 peur de meriter cette honte dont vous

888 5756 2896 303 me voulés accabler, je vais faire un

900 5996 2868 286 effort ſur mon amour pour ne vous

3457 6306 318 214 plus

896 2906 257 384 E
