4267 7647
1651 523 249 171 17.

357 700 2883 274 plus regarder que comme infame.

567 1032 2692 229 Ardeli

357 1210 2908 255 voir une lettre

363 1414 2909 281 conſcience luy faiſoit encor des

363 1637 2909 281 proches plus aigres que

369 1841 2896 236 elle ne chercha point des raiſons pour

369 2051 2915 255 ſe deffendre, & ſe contenta de reſpon

376 2281 1346 210 dre en

1179 2714 1231 223 LETTRE.

816 3077 2487 325 a conduite paſſée eſt ſi ridi¬

797 3358 2526 287 cule, mon cher, que je d

389 3632 2934 242 rerois de pouvoir jamais e

389 3836 2940 274 de vous, ſi je ne pouvois ſauver l'a

395 4097 2928 249 venir par les a

395 4301 2940 280 donne d'un procédé plus honeſte, mais

376 4562 2953 293 je vous jure par vous meſmes qui eſt

414 4817 2921 242 ce que j'ai de plus cher au monde,

414 5021 2928 300 que Criſpin n'entera jamais chés

420 5282 2915 236 moy, & qu'Oroondate que mon mary

427 5486 2889 332 me force de voir, me verra ſi rare

427 5760 2927 268 ment, que vous

420 5990 1831 427 ſeul me tenés lieu de tout.

2932 6271 429 260 Can¬

382 3116 377 433 M
