<?xml version="1.0" encoding="UTF-8"?>
<alto xmlns:xsi="http://www.w3.org/2001/XMLSchema-instance"
      xmlns="http://www.loc.gov/standards/alto/ns-v4#"
      xsi:schemaLocation="http://www.loc.gov/standards/alto/ns-v4# https://gitlab.inria.fr/scripta/escriptorium/-/raw/develop/app/escriptorium/static/alto-4-1-baselines.xsd">
  <Description>
    <MeasurementUnit>pixel</MeasurementUnit>
    <sourceImageInformation>
      <fileName>Bussy1665_Histoire_corrected_0021.png</fileName>
    </sourceImageInformation>
  </Description>
  
  <Tags>
    <OtherTag ID="BT1" LABEL="Title" DESCRIPTION="block type Title"/><OtherTag ID="BT2" LABEL="Main" DESCRIPTION="block type Main"/><OtherTag ID="BT153" LABEL="Damage" DESCRIPTION="block type Damage"/><OtherTag ID="BT154" LABEL="Decoration" DESCRIPTION="block type Decoration"/><OtherTag ID="BT155" LABEL="DropCapital" DESCRIPTION="block type DropCapital"/><OtherTag ID="BT156" LABEL="Figure" DESCRIPTION="block type Figure"/><OtherTag ID="BT157" LABEL="Margin" DESCRIPTION="block type Margin"/><OtherTag ID="BT158" LABEL="MusicNotation" DESCRIPTION="block type MusicNotation"/><OtherTag ID="BT159" LABEL="Numbering" DESCRIPTION="block type Numbering"/><OtherTag ID="BT160" LABEL="RunningTitle" DESCRIPTION="block type RunningTitle"/><OtherTag ID="BT161" LABEL="Seal" DESCRIPTION="block type Seal"/><OtherTag ID="BT162" LABEL="Signatures" DESCRIPTION="block type Signatures"/><OtherTag ID="BT163" LABEL="Stamp" DESCRIPTION="block type Stamp"/><OtherTag ID="BT164" LABEL="Table" DESCRIPTION="block type Table"/>
    <OtherTag ID="LT70" LABEL="Default" DESCRIPTION="line type Default"/><OtherTag ID="LT71" LABEL="DropCapitalLine" DESCRIPTION="line type DropCapitalLine"/><OtherTag ID="LT72" LABEL="Interlinear" DESCRIPTION="line type Interlinear"/><OtherTag ID="LT73" LABEL="MusicLine" DESCRIPTION="line type MusicLine"/><OtherTag ID="LT74" LABEL="Rubric" DESCRIPTION="line type Rubric"/>
  </Tags>
  
  <Layout>
    <Page WIDTH="4267"
          HEIGHT="7594"
          PHYSICAL_IMG_NR="9"
          ID="eSc_dummypage_">
      <PrintSpace HPOS="0"
                  VPOS="0"
                  WIDTH="4267"
                  HEIGHT="7594">
        
        <TextBlock HPOS="1754"
                   VPOS="499"
                   WIDTH="159"
                   HEIGHT="166"
                   ID="r_1_1"
                   TAGREFS="BT159">
          <Shape><Polygon POINTS="1754 499 1911 499 1913 665 1756 665"/></Shape>
          
        </TextBlock>
        
        <TextBlock HPOS="388"
                   VPOS="634"
                   WIDTH="3002"
                   HEIGHT="5839"
                   ID="r_1_2"
                   TAGREFS="BT2">
          <Shape><Polygon POINTS="388 634 3332 634 3390 6473 417 6444"/></Shape>
          
          
          <TextLine ID="tl_1"
                    TAGREFS="LT70"
                    BASELINE="1755 661 1860 661 1899 598" 
                    HPOS="1758"
                    VPOS="500"
                    WIDTH="155"
                    HEIGHT="164">
            <Shape><Polygon POINTS="1758 501 1913 500 1913 663 1758 664"/></Shape>
	    <String CONTENT="9."
                    HPOS="1758"
                    VPOS="500"
                    WIDTH="155"
                    HEIGHT="164"></String>
          </TextLine>

          
          
          <TextLine ID="tl_2"
                    TAGREFS="LT70"
                    BASELINE="405 918 666 852 922 842 1250 895 1366 834 1654 859 2570 818 2794 816 3289 784" 
                    HPOS="404"
                    VPOS="635"
                    WIDTH="2886"
                    HEIGHT="283">
            <Shape><Polygon POINTS="404 635 3290 635 3290 918 404 918"/></Shape>
	    <String CONTENT="par lés trop bien, d’ordinaire les gran¬"
                    HPOS="404"
                    VPOS="635"
                    WIDTH="2886"
                    HEIGHT="283"></String>
          </TextLine>

          
          
          <TextLine ID="tl_3"
                    TAGREFS="LT70"
                    BASELINE="407 1094 640 1093 1304 1070 2280 1057 2652 1058 3268 1024" 
                    HPOS="406"
                    VPOS="879"
                    WIDTH="2863"
                    HEIGHT="263">
            <Shape><Polygon POINTS="406 879 3269 879 3269 1142 406 1142"/></Shape>
	    <String CONTENT="des paſſions s’expliquent plus confu¬"
                    HPOS="406"
                    VPOS="879"
                    WIDTH="2863"
                    HEIGHT="263"></String>
          </TextLine>

          
          
          <TextLine ID="tl_4"
                    TAGREFS="LT70"
                    BASELINE="389 1382 686 1325 1059 1349 1354 1319 1534 1312 2082 1303 2406 1292 2794 1292 3278 1252" 
                    HPOS="389"
                    VPOS="1119"
                    WIDTH="2890"
                    HEIGHT="263">
            <Shape><Polygon POINTS="389 1119 3279 1119 3279 1382 389 1382"/></Shape>
	    <String CONTENT="ſement, &amp; il ſemble que vous eſcri¬"
                    HPOS="389"
                    VPOS="1119"
                    WIDTH="2890"
                    HEIGHT="263"></String>
          </TextLine>

          
          
          <TextLine ID="tl_5"
                    TAGREFS="LT70"
                    BASELINE="416 1570 685 1560 1317 1550 1569 1552 2185 1538 2489 1535 2657 1542 3041 1530 3297 1532" 
                    HPOS="415"
                    VPOS="1363"
                    WIDTH="2882"
                    HEIGHT="243">
            <Shape><Polygon POINTS="415 1363 3297 1363 3297 1606 415 1606"/></Shape>
	    <String CONTENT="viés comme un homme qui a bien de"
                    HPOS="415"
                    VPOS="1363"
                    WIDTH="2882"
                    HEIGHT="243"></String>
          </TextLine>

          
          
          <TextLine ID="tl_6"
                    TAGREFS="LT70"
                    BASELINE="413 1802 963 1798 1235 1792 1507 1788 1903 1789 2335 1773 2999 1762 3287 1795" 
                    HPOS="413"
                    VPOS="1587"
                    WIDTH="2874"
                    HEIGHT="275">
            <Shape><Polygon POINTS="413 1587 3287 1587 3287 1862 413 1862"/></Shape>
	    <String CONTENT="l’Eſprit &amp; qui n’eſt point amoureux,"
                    HPOS="413"
                    VPOS="1587"
                    WIDTH="2874"
                    HEIGHT="275"></String>
          </TextLine>

          
          
          <TextLine ID="tl_7"
                    TAGREFS="LT70"
                    BASELINE="420 2038 773 2027 1085 2020 1305 2026 1697 2023 2117 2015 2685 2037 3305 1995" 
                    HPOS="419"
                    VPOS="1827"
                    WIDTH="2887"
                    HEIGHT="271">
            <Shape><Polygon POINTS="419 1827 3306 1827 3306 2098 419 2098"/></Shape>
	    <String CONTENT="mais qui je veut faire croire, &amp; puis"
                    HPOS="419"
                    VPOS="1827"
                    WIDTH="2887"
                    HEIGHT="271"></String>
          </TextLine>

          
          
          <TextLine ID="tl_8"
                    TAGREFS="LT70"
                    BASELINE="434 2322 775 2263 1007 2257 1207 2255 1763 2250 1931 2257 2155 2247 2395 2268 2747 2244 3295 2228" 
                    HPOS="434"
                    VPOS="2063"
                    WIDTH="2862"
                    HEIGHT="259">
            <Shape><Polygon POINTS="434 2063 3296 2063 3296 2322 434 2322"/></Shape>
	    <String CONTENT="qu’il ne le ſemble a moy, qui meurs"
                    HPOS="434"
                    VPOS="2063"
                    WIDTH="2862"
                    HEIGHT="259"></String>
          </TextLine>

          
          
          <TextLine ID="tl_9"
                    TAGREFS="LT70"
                    BASELINE="420 2502 734 2500 1042 2529 1426 2485 1841 2481 2293 2473 2458 2480 2786 2500 3305 2471" 
                    HPOS="420"
                    VPOS="2295"
                    WIDTH="2886"
                    HEIGHT="263">
            <Shape><Polygon POINTS="420 2295 3306 2295 3306 2558 420 2558"/></Shape>
	    <String CONTENT="d’envie, que vous diſiés vray, jugés"
                    HPOS="420"
                    VPOS="2295"
                    WIDTH="2886"
                    HEIGHT="263"></String>
          </TextLine>

          
          
          <TextLine ID="tl_10"
                    TAGREFS="LT70"
                    BASELINE="439 2738 580 2737 1004 2729 1860 2717 2068 2715 2808 2696 2984 2715 3304 2707" 
                    HPOS="438"
                    VPOS="2519"
                    WIDTH="2866"
                    HEIGHT="271">
            <Shape><Polygon POINTS="438 2519 3304 2519 3304 2790 438 2790"/></Shape>
	    <String CONTENT="ce qu’il ſembleroit a d’autres a qui"
                    HPOS="438"
                    VPOS="2519"
                    WIDTH="2866"
                    HEIGHT="271"></String>
          </TextLine>

          
          
          <TextLine ID="tl_11"
                    TAGREFS="LT70"
                    BASELINE="437 2978 854 2967 1454 2965 1942 2952 2606 2946 3026 2970 3306 2935" 
                    HPOS="436"
                    VPOS="2767"
                    WIDTH="2871"
                    HEIGHT="275">
            <Shape><Polygon POINTS="436 2767 3307 2767 3307 3042 436 3042"/></Shape>
	    <String CONTENT="voſtre paſſion ſeroit indifferente, ils"
                    HPOS="436"
                    VPOS="2767"
                    WIDTH="2871"
                    HEIGHT="275"></String>
          </TextLine>

          
          
          <TextLine ID="tl_12"
                    TAGREFS="LT70"
                    BASELINE="443 3214 532 3214 1396 3202 1812 3190 1992 3192 2468 3183 2860 3180 3304 3171" 
                    HPOS="443"
                    VPOS="3007"
                    WIDTH="2862"
                    HEIGHT="251">
            <Shape><Polygon POINTS="443 3007 3305 3007 3305 3258 443 3258"/></Shape>
	    <String CONTENT="n&#39;heſiteroient pas a croire que vous"
                    HPOS="443"
                    VPOS="3007"
                    WIDTH="2862"
                    HEIGHT="251"></String>
          </TextLine>

          
          
          <TextLine ID="tl_13"
                    TAGREFS="LT70"
                    BASELINE="446 3454 882 3430 1139 3436 1459 3465 1926 3421 2347 3485 2662 3413 2910 3415 3306 3404" 
                    HPOS="445"
                    VPOS="3247"
                    WIDTH="2862"
                    HEIGHT="255">
            <Shape><Polygon POINTS="445 3247 3307 3247 3307 3502 445 3502"/></Shape>
	    <String CONTENT="voulés rire, pour moy qui ne veus"
                    HPOS="445"
                    VPOS="3247"
                    WIDTH="2862"
                    HEIGHT="255"></String>
          </TextLine>

          
          
          <TextLine ID="tl_14"
                    TAGREFS="LT70"
                    BASELINE="415 3746 797 3675 1425 3661 1705 3659 2549 3647 3320 3611" 
                    HPOS="415"
                    VPOS="3479"
                    WIDTH="2906"
                    HEIGHT="267">
            <Shape><Polygon POINTS="415 3479 3321 3479 3321 3746 415 3746"/></Shape>
	    <String CONTENT="faire jamais de jugements temerai¬"
                    HPOS="415"
                    VPOS="3479"
                    WIDTH="2906"
                    HEIGHT="267"></String>
          </TextLine>

          
          
          <TextLine ID="tl_15"
                    TAGREFS="LT70"
                    BASELINE="446 3918 755 3944 996 3966 1535 3900 1703 3895 2167 3898 2503 3891 2631 3894 3015 3891 3331 3843" 
                    HPOS="445"
                    VPOS="3707"
                    WIDTH="2886"
                    HEIGHT="263">
            <Shape><Polygon POINTS="445 3707 3331 3707 3331 3970 445 3970"/></Shape>
	    <String CONTENT="res, j&#39;accepte le partie que vous m&#39;of¬"
                    HPOS="445"
                    VPOS="3707"
                    WIDTH="2886"
                    HEIGHT="263"></String>
          </TextLine>

          
          
          <TextLine ID="tl_16"
                    TAGREFS="LT70"
                    BASELINE="428 4214 546 4214 806 4187 1069 4150 1289 4139 1681 4131 2057 4136 2533 4115 2861 4116 3321 4112" 
                    HPOS="428"
                    VPOS="3947"
                    WIDTH="2894"
                    HEIGHT="267">
            <Shape><Polygon POINTS="428 3947 3322 3947 3322 4214 428 4214"/></Shape>
	    <String CONTENT="frés, &amp; je veus bien juger par voſtre"
                    HPOS="428"
                    VPOS="3947"
                    WIDTH="2894"
                    HEIGHT="267"></String>
          </TextLine>

          
          
          <TextLine ID="tl_17"
                    TAGREFS="LT70"
                    BASELINE="462 4382 1131 4372 1527 4368 2427 4356 2843 4348 3315 4355" 
                    HPOS="462"
                    VPOS="4179"
                    WIDTH="2854"
                    HEIGHT="247">
            <Shape><Polygon POINTS="462 4179 3316 4179 3316 4426 462 4426"/></Shape>
	    <String CONTENT="conduitte des ſentimens que vous"
                    HPOS="462"
                    VPOS="4179"
                    WIDTH="2854"
                    HEIGHT="247"></String>
          </TextLine>

          
          
          <TextLine ID="tl_18"
                    TAGREFS="LT70"
                    BASELINE="465 4626 798 4615 1190 4596 1474 4597 1766 4622" 
                    HPOS="464"
                    VPOS="4430"
                    WIDTH="1302"
                    HEIGHT="240">
            <Shape><Polygon POINTS="464 4430 1766 4430 1766 4670 464 4670"/></Shape>
	    <String CONTENT="avés pour moy."
                    HPOS="464"
                    VPOS="4430"
                    WIDTH="1302"
                    HEIGHT="240"></String>
          </TextLine>

          
          
          <TextLine ID="tl_19"
                    TAGREFS="LT70"
                    BASELINE="676 5016 1117 5012 1669 4995 2005 4992 2313 4993 3325 4991" 
                    HPOS="676"
                    VPOS="4831"
                    WIDTH="2650"
                    HEIGHT="233">
            <Shape><Polygon POINTS="676 4831 3326 4831 3326 5064 676 5064"/></Shape>
	    <String CONTENT="Cette Lettre que les connoiſſeurs"
                    HPOS="676"
                    VPOS="4831"
                    WIDTH="2650"
                    HEIGHT="233"></String>
          </TextLine>

          
          
          <TextLine ID="tl_20"
                    TAGREFS="LT70"
                    BASELINE="474 5226 979 5214 1559 5200 1927 5197 2423 5188 2663 5186 2855 5184 3363 5191" 
                    HPOS="474"
                    VPOS="5030"
                    WIDTH="2890"
                    HEIGHT="232">
            <Shape><Polygon POINTS="474 5030 3364 5030 3364 5262 474 5262"/></Shape>
	    <String CONTENT="euſſent trouvé fort douce ne la parut"
                    HPOS="474"
                    VPOS="5030"
                    WIDTH="2890"
                    HEIGHT="232"></String>
          </TextLine>

          
          
          <TextLine ID="tl_21"
                    TAGREFS="LT70"
                    BASELINE="480 5470 717 5416 1118 5465 1273 5411 2069 5419 2749 5381 2885 5379 3329 5387" 
                    HPOS="480"
                    VPOS="5227"
                    WIDTH="2850"
                    HEIGHT="243">
            <Shape><Polygon POINTS="480 5227 3330 5227 3330 5470 480 5470"/></Shape>
	    <String CONTENT="pas trop a Candole, comme il avoit"
                    HPOS="480"
                    VPOS="5227"
                    WIDTH="2850"
                    HEIGHT="243"></String>
          </TextLine>

          
          
          <TextLine ID="tl_22"
                    TAGREFS="LT70"
                    BASELINE="474 5626 1208 5660 1459 5605 2059 5623 2271 5589 2699 5585 3331 5584" 
                    HPOS="474"
                    VPOS="5430"
                    WIDTH="2869"
                    HEIGHT="236">
            <Shape><Polygon POINTS="474 5430 3343 5430 3343 5666 474 5666"/></Shape>
	    <String CONTENT="beaucoup de vanité, il avoit attendu"
                    HPOS="474"
                    VPOS="5430"
                    WIDTH="2869"
                    HEIGHT="236"></String>
          </TextLine>

          
          
          <TextLine ID="tl_23"
                    TAGREFS="LT70"
                    BASELINE="480 5818 725 5816 1477 5809 2005 5796 2685 5818 3025 5810 3341 5763" 
                    HPOS="480"
                    VPOS="5627"
                    WIDTH="2861"
                    HEIGHT="211">
            <Shape><Polygon POINTS="480 5627 3341 5627 3341 5838 480 5838"/></Shape>
	    <String CONTENT="des douceurs moins envelopées, ce¬"
                    HPOS="480"
                    VPOS="5627"
                    WIDTH="2861"
                    HEIGHT="211"></String>
          </TextLine>

          
          
          <TextLine ID="tl_24"
                    TAGREFS="LT70"
                    BASELINE="482 6026 623 6017 1531 6009 1815 6002 2183 5994 2779 5981 3343 5959" 
                    HPOS="481"
                    VPOS="5827"
                    WIDTH="2862"
                    HEIGHT="239">
            <Shape><Polygon POINTS="481 5827 3343 5827 3343 6066 481 6066"/></Shape>
	    <String CONTENT="la l’empeſcha de tant preſſer Arde¬"
                    HPOS="481"
                    VPOS="5827"
                    WIDTH="2862"
                    HEIGHT="239"></String>
          </TextLine>

          
          
          <TextLine ID="tl_25"
                    TAGREFS="LT70"
                    BASELINE="487 6222 737 6224 1317 6219 1809 6206 2273 6198 2641 6198 3345 6183" 
                    HPOS="487"
                    VPOS="6027"
                    WIDTH="2858"
                    HEIGHT="251">
            <Shape><Polygon POINTS="487 6027 3345 6027 3345 6278 487 6278"/></Shape>
	    <String CONTENT="liſe qu’elle l’euſt bien deſiré, il la"
                    HPOS="487"
                    VPOS="6027"
                    WIDTH="2858"
                    HEIGHT="251"></String>
          </TextLine>

          
          
          <TextLine ID="eSc_line_bdd1df76"
                    TAGREFS="LT74"
                    BASELINE="2864 6388 3402 6370" 
                    HPOS="2861"
                    VPOS="6189"
                    WIDTH="526"
                    HEIGHT="284">
            <Shape><Polygon POINTS="2861 6385 2867 6227 2918 6195 3076 6220 3127 6189 3190 6246 3380 6239 3387 6423 3342 6397 3260 6442 3222 6404 3121 6435 3070 6416 2950 6473 2874 6473"/></Shape>
	    <String CONTENT="faiſoit"
                    HPOS="2861"
                    VPOS="6189"
                    WIDTH="526"
                    HEIGHT="284"></String>
          </TextLine>

          
        </TextBlock>
        
        <TextBlock HPOS="1715"
                   VPOS="6243"
                   WIDTH="448"
                   HEIGHT="195"
                   ID="eSc_textblock_bbdb21bc"
                   TAGREFS="BT162">
          <Shape><Polygon POINTS="2163 6438 2163 6243 1715 6243 1715 6438"/></Shape>
          
          
          <TextLine ID="tl_26"
                    TAGREFS="LT70"
                    BASELINE="1745 6414 1899 6414 2119 6414 2163 6413" 
                    HPOS="1740"
                    VPOS="6233"
                    WIDTH="406"
                    HEIGHT="278">
            <Shape><Polygon POINTS="1740 6410 1753 6233 1816 6233 1886 6290 1981 6290 2025 6246 2082 6239 2146 6265 2146 6461 2108 6454 2019 6511 1880 6511 1823 6454 1753 6454"/></Shape>
	    <String CONTENT="A 5"
                    HPOS="1740"
                    VPOS="6233"
                    WIDTH="406"
                    HEIGHT="278"></String>
          </TextLine>

          
        </TextBlock>
        

        
      </PrintSpace>
    </Page>
  </Layout>
</alto>
