4267 7665
2296 463 156 125 2.

943 606 2893 226 mença deparoitre qu’elle avoit aſ¬

934 806 2897 226 ſurement le corps bien fait, qui eſt ce

938 1014 2900 235 que diſent ordinairement ceux qui

933 1202 2913 235 veulent excuſer les femmes, qui ont

944 1414 2901 219 trop d’embonpoint, & cepandant

940 1610 2904 215 celle cy fut trop ſincere en ce rencon¬

939 1806 2905 223 tre pour laiſſer les gens dans l’erreur,

934 2010 2913 223 s’éclaircit du contraire qui volut, &

937 2218 2917 227 il ne tint pas à elle, qu’elle ne deſabu¬

925 2418 2924 207 ſaſt tout le monde; Ardeliſe avoit

932 2614 2929 227 l’Eſprit vif & plaiſant quand elle

931 2818 2929 223 eſtoit libre, elle eſtoit peu ſincere,

935 3018 2920 231 ineſgale, eſtourdie, point meſchante,

938 3218 2917 231 elle aimoit les plaiſirs juſques a la des¬

933 3426 2933 223 bauche & il y avoit de l’emportement

928 3622 2941 231 juſques dans ſes moindres divertiſſe¬

940 3830 2924 223 mens, ſa beauté autant que son bien,

931 4034 2941 215 quoy qu’il ne fuſt que mediocre, obli¬

938 4230 2929 215 gea Lenix a la rechercher en maria¬

942 4422 2928 223 ge, cettere cherche ne dura pas long¬

937 4626 2933 219 temps. Lenix qui eſtoit homme de

936 4826 2937 223 qualité & de grands biens fut receu

944 5026 2932 223 agreablement de la mere d’Ardeſile,

955 5230 2917 227 & n’eut pas le loiſir de soupirer pour

950 5434 2917 219 des charmes, qui avoient fait deux ans

953 5634 2913 207 durant les ſouhais de toute la cour,

957 5834 2904 231 ce mariage eſtant achevé les amans

964 6042 2901 215 qui avoient voulu eſtre mariés ſe reti¬

3295 6303 553 138 rerent,
