4267 7629
1868 1013 1205 190 LETTRE.

1316 1360 2575 242 I je pouvois en mourant conſer¬

1030 1341 222 413 S

1309 1613 2605 236 ver de l'eſtime pour vous, il me

1003 1836 2913 256 faſcheroit fort de mourir, mais ne

1018 2076 2905 256 pouvant plus vous eſtimer je ne ſçau¬

1036 2329 2889 239 rois plus avoir de regret à la vie, je

1043 2557 2885 243 ne l'aimois que pour la paſſer douce¬

1038 2801 2897 239 ment avec vous, puis qu'un peu de

1048 3029 2886 255 merite que j’avois & la plus grande

1027 3277 2905 243 paſſion du monde ne m'en ont peu fai¬

1050 3501 2885 255 re venir à bout, je n'ay plus d'atta¬

1057 3749 2885 255 chement, & je voy bien que la mort

1051 3989 2894 243 me va delivrer de beaucoup de peines,

1030 4213 2921 255 ſi vous eſtiés capable de quelque ten¬

1065 4457 2873 247 dreſſe vous ne me pourriés pas voir en

1068 4689 2873 251 l'eſtat ou je ſuis, ſans eſtouffer de dou¬

1058 4937 2889 247 leur, mais, dieu mercy, la nature y a

1069 5177 2877 239 mis bon ordre, & puis que vous pou¬

1076 5413 2881 243 viés tous les jours mettre au deſeſ¬

1054 5645 2894 243 poir l'homme du monde qui vous ai¬

1085 5901 2853 231 moit le plus, vous me pourriés bien

1084 6125 2417 245 voir mourir ſans en eſtre touchée.

3771 6423 177 153 La

2341 600 295 188 28.
