1026 1754
210 72 309 108 DE
359 68 794 107 NAVARRE.
888 78 913 116 9

118 121 152 149 ït
169 121 192 157 je
199 131 230 149 ne
244 121 297 149 cele
313 122 387 159 point
400 131 451 159 que
457 120 552 155 Maurois
566 119 598 147 de
610 119 723 150 l’ennui,

121 161 182 194 Que
197 160 221 188 la
236 161 318 200 gloire
332 169 364 188 en
378 158 419 188 fut
432 159 498 187 dcüe
514 159 529 186 à
545 159 722 196 quelqtfautrc
731 156 792 195 qu’à
807 155 842 185 lui
851 167 859 187 ;

119 201 173 227 Car
188 210 223 227 un
237 209 310 228 coeur
323 208 469 227 amoureux
482 197 562 235 prend
577 208 611 225 un
627 195 710 235 plaifir
726 205 862 228 extrême,

118 241 141 266 A
160 237 184 265 fc
200 248 255 266 voir
272 237 421 269 redevable,
440 236 520 269 Elifc,
539 237 555 264 à
571 247 599 264 ce
613 236 679 274 qu’il
693 237 779 268 aime;

119 277 151 304 Et
167 276 191 305 (à
207 277 287 305 flâme
301 277 393 304 timide
405 277 448 304 oie
464 285 553 303 mieux
571 275 679 307 éclater,

117 318 182 344 Lors
196 317 274 355 qu'en
288 314 442 347 favorifant,
461 316 507 342 elle
524 313 590 342 croît
606 314 755 351 s’acquiter.

119 356 190 386 Oui,
209 357 298 388 j’aime
312 356 395 393 qu’un
409 358 507 381 lccours
521 363 566 392 qui
581 352 690 381 hazarde
707 352 732 382 fâ
746 351 799 380 tête

117 395 221 422 Semble
237 394 253 422 à
268 392 294 422 fa
309 393 404 432 paflion
419 393 518 421 donner
533 392 616 420 droiâ
631 392 661 420 de
677 391 825 432 conquête*,

119 434 214 469 l'aime
229 443 279 471 que
297 443 360 460 mon
375 431 437 470 péril
448 434 522 459 m’ait
534 431 610 468 jette'e
627 441 658 458 en
674 430 712 459 fes
726 432 827 462 mains,

121 473 153 499 Et
169 471 186 499 fi
205 472 239 500 les
253 473 334 499 bruits
347 481 489 499 communs
503 480 533 498 ne
548 469 605 498 font
613 480 656 508 pas
670 470 712 497 des
726 471 807 498 bruits
814 469 885 498 vains

117 513 142 538 Si
160 509 182 538 là
197 510 278 538 bonté
294 511 329 538 du
343 511 399 538 Ciel
416 520 483 538 nous
495 510 610 538 rameinc
625 519 689 536 mon
705 511 795 539 Frcre,

119 551 167 576 Les
174 560 251 578 voeux
260 550 294 577 les
301 550 323 588 pi
328 559 357 576 us
363 549 469 580 ardens,
491 558 542 587 que
561 558 625 576 mon
633 557 705 575 coeur
721 546 801 586 puifle
816 546 881 576 faire

115 587 190 615 C’effc
205 599 255 627 que
270 587 316 617 son
331 589 389 616 bras
405 597 499 620 encor,
519 587 558 615 fur
574 597 609 615 un
626 586 722 625 perfide
737 587 798 627 fang

112 625 202 661 .PuifTe
217 628 286 656 aider
302 627 316 655 à
330 637 358 654 ce
374 629 464 657 Frere,
484 627 499 654 à
515 625 648 665 reprendre
666 626 710 654 ton
727 636 816 666 rang,,

119 667 152 694 Et
169 676 212 704 par
225 666 367 694 d’heureux
383 665 471 694 fuccez
483 665 560 693 d’une
574 664 651 692 haute
665 665 788 693 vaillance

119 707 226 733 Mériter
244 714 301 733 cous
320 705 354 733 les
368 705 434 733 (oins
450 704 482 732 de
498 703 521 733 fa
537 701 764 733 reconnoi(Tance..

121 745 191 772 Mais
206 754 264 772 avec
279 753 337 772 tour
352 744 403 771 cela
420 763 428 776 ,
445 744 486 772 s’il
501 754 551 781 pou
555 741 588 771 (Te
604 752 669 770 mon
683 752 812 771 courroux
820 760 838 775 ».

117 783 162 810 S’il
179 793 212 811 11e
227 793 308 823 purge
323 781 358 811 fes
374 781 436 811 feux
450 782 481 810 de
497 783 564 810 leurs
580 781 717 820 transports
729 782 817 819 jaloux
825 800 835 813 ,

119 822 151 849 Et
165 832 198 851 ne
214 822 249 850 les
262 832 339 861 range
355 831 406 850 aux
421 822 491 852 loix,
511 831 562 859 que
569 821 593 858 je
609 821 645 850 lui
652 831 717 849 veux
735 821 863 859 prêcxire,

118 858 189 888 C’eft
205 861 368 889 inutilement
383 861 447 898 qu’il
457 860 569 898 prétend.
577 861 655 888 Donc
670 861 775 890 Eluire..

117 899 248 938 L’hymen
256 910 287 928 ne
295 908 354 937 peut
362 910 427 928 nous
433 899 552 935 joindre,
568 904 593 928 &
610 899 737 933 j’abhorre
747 899 794 928 des-
806 898 915 934 noeuds,

119 938 173 975 Qui
189 938 381 970 dcy;cndroicnt
394 937 450 966 fans
464 938 542 966 doute
549 949 584 966 un
599 937 678 967 Enfer
693 949 759 977 pour
774 949 833 971 tous
839 939 917 971 deux.

438 979 605 1008 Elise..

118 1016 180 1044 Bien
196 1026 249 1055 que
257 1016 310 1044 Ton
319 1025 364 1055 put
379 1017 449 1044 avoir
463 1017 507 1044 des
522 1014 661 1045 fentimens
675 1026 732 1045 tout
739 1026 824 1046 autres
832 1037 842 1049 ,

118 1055 187 1083 C’efl
203 1066 235 1084 au
251 1056 358 1087 Prince,
380 1055 521 1087 Madame,
538 1056 554 1083 à
569 1054 746 1095 ferégler.aux
762 1056 863 1089 vôtres,

118 1095 150 1122 Et
165 1094 228 1123 dans
245 1093 316 1122 vôtre
332 1094 403 1122 billet
418 1095 448 1123 ils
465 1094 521 1122 font
535 1094 552 1122 fi
569 1094 630 1122 bien
647 1105 811 1134 marquez....

377 1134 413 1160 D.
451 1135 472 1162 E
491 1143 505 1161 l
524 1143 540 1160 u
560 1144 567 1160 1
591 1143 608 1161 R
628 1145 652 1162 1.

115 1173 144 1208 Je
162 1173 206 1210 n'y
222 1181 287 1202 veux
302 1173 391 1210 point,
410 1172 490 1203 Elite,
509 1173 643 1210 employer
656 1183 720 1201 cette
737 1173 824 1209 lettre,

117 1210 187 1239 C’eft
204 1221 238 1241 un
256 1210 311 1239 foin
329 1211 394 1250 qu’à
408 1221 451 1239 ma
461 1211 578 1244 bouche,
597 1213 615 1240 il
624 1223 668 1240 me
677 1223 735 1242 vaut
743 1216 834 1245 mieux
841 1225 919 1245 com¬

154 1258 259 1277 mettre.

147 1300 152 1317 i
162 1287 248 1316 faveur
257 1288 319 1316 d'un
334 1289 397 1316 écrit
405 1287 473 1317 IaiflTc
481 1299 539 1319 aux.
547 1290 631 1318 mains
647 1290 709 1319 d’un
726 1294 826 1321 Amant

147 1337 172 1355 es
186 1327 300 1354 témoins
313 1335 371 1363 trop
387 1327 508 1356 conftans
519 1329 551 1356 de
569 1327 646 1356 nôtre
661 1329 850 1361 attachement:

116 1365 189 1396 Ainfi
203 1365 273 1395 donc
290 1363 448 1403 empêchez,
464 1369 543 1405 qu’au
559 1369 649 1396 Prince
663 1379 698 1396 on
714 1379 746 1397 ne
760 1371 786 1399 la
801 1371 873 1401 livre.

433 1408 599 1434 Elise.

118 1444 218 1473 Toutes
232 1454 278 1473 vos
292 1443 414 1474 volontez
427 1446 485 1474 /ont
498 1445 543 1473 des
559 1445 612 1475 loix
629 1448 712 1485 qu’on
721 1447 775 1479 doit
792 1449 883 1479 Cuivre.

115 1484 242 1520 J’admire
256 1485 402 1522 cependant
418 1494 470 1522 que
483 1485 509 1514 le
525 1485 583 1513 Ciel
597 1489 634 1516 ait
646 1488 708 1521 jette

117 1524 192 1550 Dans
207 1522 231 1550 le
246 1523 311 1562 goût
328 1526 375 1554 des
388 1525 476 1561 c/prits
488 1534 541 1553 tant
556 1525 588 1553 de
603 1527 692 1555 diverti
695 1537 737 1560 te.

117 1562 150 1590 Et
165 1571 215 1599 que
231 1571 259 1589 ce
275 1571 328 1601 que
344 1564 382 1592 ies
398 1573 446 1593 uns
459 1564 595 1604 regardent
610 1575 718 1595 comme
733 1577 857 1602 outrage,

565 1606 588 1632 À
612 1614 621 1640 5
869 1607 926 1634 Soif
