1028 1760
194 57 293 95 DE
354 51 789 93 NAVARRE.
846 61 890 89 ît

94 110 166 144 Quoi
184 118 234 147 que
248 107 323 136 vôtre
338 107 455 135 Rival....

95 150 168 177 Vous
181 148 261 176 devez
278 145 402 175 toutefois
416 154 522 174 vous....

96 190 128 217 Et
144 198 207 216 vous
221 197 283 215 avez
297 196 329 214 en
344 195 409 214 vous
422 185 479 213 à....

96 226 239 257 1/obfUcle
255 227 278 254 le
294 226 351 263 plus
365 224 489 264 grand..,.

95 268 125 304 Je
139 266 223 294 chcris
237 264 402 294 tendrement
419 273 490 292 ce....

96 308 165 335 Pour
182 315 226 333 me
242 306 301 332 tirer
318 304 362 332 des
376 313 462 331 mains
475 302 549 332 de....

97 348 147 374 Son
161 354 274 375 amour,
293 342 329 371 fes
346 342 488 371 devoirs....

101 385 169 413 Mais
182 384 200 411 il
218 381 294 412 m’eft
307 383 403 411 odieux
417 391 518 410 avec....

99 426 168 452 Otez
182 423 249 451 donc
265 422 280 451 à
297 432 342 450 vos
359 421 420 449 feux
436 431 463 448 ce
478 441 507 448 ...

102 464 213 491 Méritez
227 463 262 489 les
277 461 381 501 regards
396 470 448 498 que
462 460 557 489 l'on....

103 503 134 529 Et
148 502 200 530 lors
215 503 296 540 qu’on
312 509 376 528 vous
389 499 486 539 oblige.
501 520 520 529 ..

101 542 144 570 Ne
159 550 222 569 vous
236 539 356 567 obftinez
375 539 449 578 point
464 539 479 567 à
493 559 520 567 ...

103 580 176 612 Oui,
196 589 261 607 mon
275 578 326 607 fort
341 588 385 617 par
400 587 440 606 ces
455 587 525 606 mots
540 577 577 606 eR
593 578 660 608 «fiez
673 579 792 614 éclairci,

102 622 154 647 Son
167 628 240 647 coeur
255 628 363 646 comme
379 616 404 645 fa
421 618 493 646 main
510 616 534 645 fe
552 616 598 647 fait
612 619 749 648 connoître
765 621 815 648 ici:

104 660 137 687 Et
151 658 188 687 les
199 658 255 686 lens
267 655 415 696 imparfaits
429 655 462 685 de
476 666 516 685 cet
531 657 594 686 écrit
611 657 727 690 funefte.

103 698 173 725 Pour
187 697 342 736 s’expliquer
356 696 372 724 à
388 696 460 728 moi,
479 698 555 725 n'ont
567 707 611 735 pas
623 695 714 726 befoin
728 698 764 726 du
779 694 853 725 relie.

102 735 245 765 Toutefois
260 736 324 764 dans
335 735 435 764 l’abord
450 735 563 776 agitions
577 737 734 765 doucement
741 756 750 770 »

103 777 244 804 Couvrons
258 775 274 802 à
291 773 426 804 l’infidellc
439 785 476 803 un
489 773 531 803 vif
542 774 733 807 reflentiment;

104 815 137 843 Et
152 814 184 843 de
198 825 226 842 ce
241 823 292 853 que
307 815 330 845 je
344 815 426 845 tiens,
443 824 475 842 ne
490 814 607 844 donnant
623 816 697 854 point
711 814 841 849 d’indice,

104 852 280 882 Confondons
295 851 340 881 fon
355 851 431 892 efprit
447 863 491 892 par
507 852 552 881 fon
567 865 660 893 propre
674 853 783 883 artifice.

104 894 142 921 La
155 892 240 925 voici,
259 902 304 921 ma
319 891 420 924 railon,
435 891 570 922 renferme
586 904 643 923 mes
659 893 817 932 tranfports,

105 933 139 961 Et
153 931 363 971 rends-toi-pour
378 941 414 959 un
428 941 496 960 tems
511 932 641 961 maitrelie
654 934 691 962 du
704 932 809 961 dehors.

312 972 588 1009 SCENE
657 973 704 1010 V.

180 1022 218 1051 D.
250 1022 494 1054 ELUIRE,
534 1023 572 1052 D.
604 1022 835 1053 GARCIE.

370 1057 650 1098 D. ELUIRE.
181 1102 239 1130 Ous
252 1109 314 1129 avez
326 1100 387 1129 bien
401 1101 483 1129 voulu
498 1111 549 1140 que
562 1102 587 1138 je
603 1111 669 1131 vous
684 1099 739 1131 fille
752 1100 888 1131 attendre?

366 1141 402 1167 D.
446 1143 471 1170 G
490 1150 509 1168 A
529 1149 549 1169 R
567 1151 583 1170 C
602 1150 613 1170 I
632 1152 655 1170 t.

108 1181 168 1210 Ha!
186 1179 282 1219 qu’elle
297 1178 375 1209 cache
391 1179 461 1208 bien.

375 1220 412 1248 D.
450 1220 473 1248 E
491 1228 506 1247 l
524 1229 542 1247 o
560 1230 571 1248 I
590 1229 609 1248 R
627 1231 653 1251 i.

498 1261 545 1288 On
559 1261 629 1288 vient
641 1261 675 1289 de
691 1269 758 1289 nous
770 1259 914 1298 apprendre

108 1299 172 1332 Que
183 1295 208 1324 le
224 1298 278 1326 Roi
295 1296 369 1326 vôtre
385 1299 449 1326 Pere
463 1308 595 1337 approuve
610 1309 655 1328 vos
669 1300 781 1338 projets,

109 1338 146 1366 Et
161 1344 221 1365 veut
236 1336 296 1364 bien
311 1346 362 1376 que
375 1336 421 1366 fon
434 1338 488 1366 Fils
503 1348 570 1367 nous
584 1338 664 1367 rende
678 1349 727 1367 nos
739 1337 838 1373 Sujets,

108 1378 145 1406 Et
160 1385 228 1404 mon
241 1385 304 1404 amc
317 1386 351 1404 en
364 1385 379 1404 a
397 1378 449 1414 pris
466 1387 517 1405 une
531 1376 663 1417 alIcgrelTe
676 1377 804 1406 extrême.

379 1417 416 1444 D.
455 1418 479 1445 G
503 1425 517 1443 a
538 1425 557 1444 R
577 1427 592 1444 c
612 1427 621 1444 i
641 1427 663 1445 i.

108 1455 192 1488 Oui,
211 1454 354 1488 Madame,
371 1459 398 1484 &
415 1466 481 1484 mon
496 1465 570 1485 coeur
584 1458 640 1485 s'en
655 1456 751 1494 réjouit
766 1455 798 1483 de
812 1462 916 1486 meme.

110 1495 229 1524 Mais....

380 1536 417 1562 D.
456 1536 477 1564 E
495 1544 511 1564 t
529 1543 546 1561 u
565 1543 576 1563 i
594 1544 613 1563 r
633 1546 657 1564 i.

244 1575 284 1602 Le
300 1573 366 1604 tiran
378 1572 437 1604 ûns
450 1574 529 1604 doute
543 1584 607 1605 aura
621 1576 697 1616 peine
712 1573 729 1604 à
743 1583 819 1614 parer

870 1609 922 1647 Les
