1006 1768
185 290 306 328 LES
358 289 860 328 PERSONNAGES.

110 394 217 422 DOM
243 392 436 424 GARCIE,
456 393 545 421 Prince
554 391 584 420 de
592 392 710 421 Navarre
720 410 727 424 >
746 394 845 421 Amant
858 392 918 421 d'E-

210 431 288 461 luire.

110 487 148 516 D.
176 485 199 515 E
208 488 227 515 L
236 486 317 514 UIR
327 487 347 514 E
358 504 365 518 i
384 484 511 515 Princefle
525 485 557 514 de
571 486 652 516 Leon.

109 540 252 572 ELISE»
272 538 429 569 Confidente
443 539 567 569 d'Eluire.

109 595 215 624 DOM
255 594 522 627 ALPHONSE,
540 594 631 623 Prince
639 594 671 623 de
679 596 768 626 Leon,
776 602 821 622 cru
830 594 917 622 Prince

209 633 245 661 de
260 631 384 665 Caftille,
400 631 460 662 fous
473 635 496 662 le
515 644 581 663 nom
597 634 631 663 de
645 636 721 663 Dom
736 634 818 672 Sylve.

108 686 264 718 IGNES,
282 684 416 714 ComtefTc
431 705 439 719 ,
458 689 571 716 Amante
586 687 618 715 de
634 688 708 715 Dom
724 687 816 725 Sylve,
832 686 916 714 aimee

210 735 256 764 par
273 728 428 766 Maurcgat,
447 725 608 765 Ufurpateur
622 726 654 754 de
669 726 748 755 l'Etat
763 726 795 754 de
813 727 891 754 Leon.

110 782 147 810 D.
167 780 334 813 ALVAR,
356 779 499 809 Confident
506 780 537 809 de
547 782 582 809 D.
592 782 696 813 Garcie,
707 784 805 810 Amant
812 776 918 809 d'Elifè.

108 833 146 861 D.
164 833 295 866 LOPE,
312 842 386 862 autre
401 832 752 867 ConfidentdeD.Garcie,
770 836 917 864 Amantre¬

210 872 275 901 buté
291 870 397 901 d'Elife.

110 926 148 954 D.
166 925 215 954 PE
225 925 332 958 DRE,
352 927 450 967 Ecuyer
464 927 579 969 d’Ignes.

210 1015 252 1044 La
269 1016 350 1044 Scene
366 1016 400 1055 ejl
414 1018 482 1045 dans
497 1017 547 1056 Ajl
549 1029 630 1056 orgue
638 1020 647 1052 ,
668 1019 733 1050 Ville
746 1019 896 1060 d'Effagne
906 1038 916 1053 >

253 1057 324 1084 ■dans
338 1057 362 1085 le
377 1058 506 1095 Royaume
519 1060 552 1088 de
566 1060 647 1089 Leon.
