<?xml version="1.0" encoding="UTF-8" standalone="yes"?>
<PcGts xmlns="http://schema.primaresearch.org/PAGE/gts/pagecontent/2013-07-15" xmlns:xsi="http://www.w3.org/2001/XMLSchema-instance" xsi:schemaLocation="http://schema.primaresearch.org/PAGE/gts/pagecontent/2013-07-15 http://schema.primaresearch.org/PAGE/gts/pagecontent/2013-07-15/pagecontent.xsd">
    <Metadata>
        <Creator></Creator>
        <Created>2019-03-19T14:09:06.314+01:00</Created>
        <LastChange>2019-09-19T09:52:40.423+02:00</LastChange>
        <Comments>
                Measurement unit: pixel
                PrimaryLanguage: English
                Language: FrenchStandard
                Producer: ABBYY FineReader Engine 11</Comments>
        <TranskribusMetadata docId="146122" pageId="5420160" pageNr="17" tsid="15664556" status="DONE" userId="10612" imgUrl="https://files.transkribus.eu/Get?id=BBDOXDPXPXSQAHYCAEDRWNEF&amp;fileType=view" xmlUrl="https://files.transkribus.eu/Get?id=ISUARCFHFIHEVNVVSSLZHAQZ" imageId="2828207"/>
    </Metadata>
    <Page imageFilename="Moliere1694_DomGarcie_corrected_0017.png" imageWidth="1006" imageHeight="1752">
        <PrintSpace>
            <Coords points="98,59 999,59 999,1626 98,1626"/>
        </PrintSpace>
        <ReadingOrder>
            <OrderedGroup id="ro_1604177620124" caption="Regions reading order">
                <RegionRefIndexed index="0" regionRef="r_1_1"/>
                <RegionRefIndexed index="1" regionRef="r_1_2"/>
                <RegionRefIndexed index="2" regionRef="r_1_3"/>
                <RegionRefIndexed index="3" regionRef="r_1_4"/>
                <RegionRefIndexed index="4" regionRef="r_1_5"/>
                <RegionRefIndexed index="5" regionRef="r_1_6"/>
                <RegionRefIndexed index="6" regionRef="r_1_7"/>
                <RegionRefIndexed index="7" regionRef="r_1_8"/>
                <RegionRefIndexed index="8" regionRef="r_1_9"/>
                <RegionRefIndexed index="9" regionRef="r_1_10"/>
                <RegionRefIndexed index="10" regionRef="r_1_11"/>
                <RegionRefIndexed index="11" regionRef="r_1_12"/>
                <RegionRefIndexed index="12" regionRef="r_1_13"/>
                <RegionRefIndexed index="13" regionRef="r_1_14"/>
                <RegionRefIndexed index="14" regionRef="r_1_15"/>
                <RegionRefIndexed index="15" regionRef="r_1_16"/>
                <RegionRefIndexed index="16" regionRef="r_1_17"/>
                <RegionRefIndexed index="17" regionRef="r_1_18"/>
                <RegionRefIndexed index="18" regionRef="r_1_19"/>
                <RegionRefIndexed index="19" regionRef="r_1_20"/>
                <RegionRefIndexed index="20" regionRef="r_1_21"/>
                <RegionRefIndexed index="21" regionRef="r_1_22"/>
                <RegionRefIndexed index="22" regionRef="r_1_23"/>
                <RegionRefIndexed index="23" regionRef="r_1_24"/>
            </OrderedGroup>
        </ReadingOrder>
        <TextRegion type="paragraph" id="r_1_1" custom="readingOrder {index:0;}">
            <Coords points="124,65 829,65 829,106 124,106"/>
            <TextLine id="tl_1" primaryLanguage="English" custom="readingOrder {index:0;}">
                <Coords points="125,66 828,66 828,105 125,105"/>
                <Baseline points="125,100 165,102 428,104 518,105 577,105 646,104 708,104 754,104 828,104"/>
                <Word id="w_w2aab1b1b2b1b1ab1" language="English" custom="readingOrder {index:0;}">
                    <Coords points="125,66 165,66 165,102 125,102"/>
                    <TextEquiv>
                        <Unicode>i8</Unicode>
                    </TextEquiv>
                    <TextStyle fontFamily="Times New Roman" fontSize="11.0" bold="true"/>
                </Word>
                <Word id="w_w2aab1b1b2b1b1ab7" language="English" custom="readingOrder {index:1;}">
                    <Coords points="253,67 428,67 428,104 253,104"/>
                    <TextEquiv>
                        <Unicode>DOM</Unicode>
                    </TextEquiv>
                    <TextStyle fontFamily="Times New Roman" fontSize="11.0" bold="true"/>
                </Word>
                <Word id="w_w2aab1b1b2b1b1ac15" language="English" custom="readingOrder {index:2;}">
                    <Coords points="480,69 518,69 518,105 480,105"/>
                    <TextEquiv>
                        <Unicode>G</Unicode>
                    </TextEquiv>
                    <TextStyle fontFamily="Times New Roman" fontSize="11.0" bold="true"/>
                </Word>
                <Word id="w_w2aab1b1b2b1b1ac19" language="English" custom="readingOrder {index:3;}">
                    <Coords points="546,69 577,69 577,105 546,105"/>
                    <TextEquiv>
                        <Unicode>A</Unicode>
                    </TextEquiv>
                    <TextStyle fontFamily="Times New Roman" fontSize="11.0" bold="true"/>
                </Word>
                <Word id="w_w2aab1b1b2b1b1ac23" language="English" custom="readingOrder {index:4;}">
                    <Coords points="606,70 646,70 646,104 606,104"/>
                    <TextEquiv>
                        <Unicode>R</Unicode>
                    </TextEquiv>
                    <TextStyle fontFamily="Times New Roman" fontSize="11.0" bold="true"/>
                </Word>
                <Word id="w_w2aab1b1b2b1b1ac27" language="English" custom="readingOrder {index:5;}">
                    <Coords points="676,69 708,69 708,104 676,104"/>
                    <TextEquiv>
                        <Unicode>C</Unicode>
                    </TextEquiv>
                    <TextStyle fontFamily="Times New Roman" fontSize="11.0" bold="true"/>
                </Word>
                <Word id="w_w2aab1b1b2b1b1ac31" language="English" custom="readingOrder {index:6;}">
                    <Coords points="738,70 754,70 754,104 738,104"/>
                    <TextEquiv>
                        <Unicode>I</Unicode>
                    </TextEquiv>
                    <TextStyle fontFamily="Times New Roman" fontSize="11.0" bold="true"/>
                </Word>
                <Word id="w_w2aab1b1b2b1b1ac35" language="English" custom="readingOrder {index:7;}">
                    <Coords points="782,68 828,68 828,104 782,104"/>
                    <TextEquiv>
                        <Unicode>E.</Unicode>
                    </TextEquiv>
                    <TextStyle fontFamily="Times New Roman" fontSize="11.0" bold="true"/>
                </Word>
                <TextEquiv>
                    <Unicode>18 DOM GARCIE.</Unicode>
                </TextEquiv>
                <TextStyle fontFamily="Times New Roman" fontSize="11.0" bold="true"/>
            </TextLine>
            <TextEquiv>
                <Unicode>18 DOM GARCIE.</Unicode>
            </TextEquiv>
        </TextRegion>
        <TextRegion type="paragraph" id="r_1_2" custom="readingOrder {index:1;}">
            <Coords points="119,115 923,115 923,356 119,356"/>
            <TextLine id="tl_2" primaryLanguage="English" custom="readingOrder {index:0;}">
                <Coords points="123,116 903,116 903,158 123,158"/>
                <Baseline points="123,151 184,144 270,145 388,146 506,151 551,149 637,147 749,147 805,146 885,144 903,150"/>
                <Word id="w_w2aab1b1b2b3b1ab1" language="English" custom="readingOrder {index:0;}">
                    <Coords points="123,118 184,118 184,151 123,151"/>
                    <TextEquiv>
                        <Unicode>Que</Unicode>
                    </TextEquiv>
                    <TextStyle fontFamily="Times New Roman" fontSize="7.5"/>
                </Word>
                <Word id="w_w2aab1b1b2b3b1ab9" language="English" custom="readingOrder {index:1;}">
                    <Coords points="199,116 270,116 270,146 199,146"/>
                    <TextEquiv>
                        <Unicode>vôtre</Unicode>
                    </TextEquiv>
                    <TextStyle fontFamily="Times New Roman" fontSize="7.5"/>
                </Word>
                <Word id="w_w2aab1b1b2b3b1ac21" language="English" custom="readingOrder {index:2;}">
                    <Coords points="286,119 388,119 388,146 286,146"/>
                    <TextEquiv>
                        <Unicode>ameles</Unicode>
                    </TextEquiv>
                    <TextStyle fontFamily="Times New Roman" fontSize="7.5"/>
                </Word>
                <Word id="w_w2aab1b1b2b3b1ac35" language="English" custom="readingOrder {index:3;}">
                    <Coords points="402,118 506,118 506,151 402,151"/>
                    <TextEquiv>
                        <Unicode>forme,</Unicode>
                    </TextEquiv>
                    <TextStyle fontFamily="Times New Roman" fontSize="7.5"/>
                </Word>
                <Word id="w_w2aab1b1b2b3b1ac49" language="English" custom="readingOrder {index:4;}">
                    <Coords points="525,122 551,122 551,149 525,149"/>
                    <TextEquiv>
                        <Unicode>&amp;</Unicode>
                    </TextEquiv>
                    <TextStyle fontFamily="Times New Roman" fontSize="7.5"/>
                </Word>
                <Word id="w_w2aab1b1b2b3b1ac53" language="English" custom="readingOrder {index:5;}">
                    <Coords points="570,118 637,118 637,158 570,158"/>
                    <TextEquiv>
                        <Unicode>qu'il</Unicode>
                    </TextEquiv>
                    <TextStyle fontFamily="Times New Roman" fontSize="7.5"/>
                </Word>
                <Word id="w_w2aab1b1b2b3b1ac65" language="English" custom="readingOrder {index:6;}">
                    <Coords points="643,118 749,118 749,149 643,149"/>
                    <TextEquiv>
                        <Unicode>n’eften</Unicode>
                    </TextEquiv>
                    <TextStyle fontFamily="Times New Roman" fontSize="7.5"/>
                </Word>
                <Word id="w_w2aab1b1b2b3b1ac81" language="English" custom="readingOrder {index:7;}">
                    <Coords points="763,128 805,128 805,146 763,146"/>
                    <TextEquiv>
                        <Unicode>ces</Unicode>
                    </TextEquiv>
                    <TextStyle fontFamily="Times New Roman" fontSize="7.5"/>
                </Word>
                <Word id="w_w2aab1b1b2b3b1ac89" language="English" custom="readingOrder {index:8;}">
                    <Coords points="818,119 885,119 885,146 818,146"/>
                    <TextEquiv>
                        <Unicode>lieux</Unicode>
                    </TextEquiv>
                    <TextStyle fontFamily="Times New Roman" fontSize="7.5"/>
                </Word>
                <Word id="w_w2aab1b1b2b3b1ad101" language="English" custom="readingOrder {index:9;}">
                    <Coords points="896,129 903,129 903,150 896,150"/>
                    <TextEquiv>
                        <Unicode>;</Unicode>
                    </TextEquiv>
                    <TextStyle fontFamily="Times New Roman" fontSize="7.5"/>
                </Word>
                <TextEquiv>
                    <Unicode>Que vôtre ame les forme, &amp; qu'il n’eſt en ces lieux;</Unicode>
                </TextEquiv>
                <TextStyle fontFamily="Times New Roman" fontSize="7.5"/>
            </TextLine>
            <TextLine id="tl_3" primaryLanguage="English" custom="readingOrder {index:1;}">
                <Coords points="121,155 901,155 901,197 121,197"/>
                <Baseline points="121,184 242,185 308,186 367,186 426,186 522,191 630,186 696,186 755,185 818,185 901,184"/>
                <Word id="w_w2aab1b1b2b3b3ab1" language="English" custom="readingOrder {index:0;}">
                    <Coords points="121,155 242,155 242,185 121,185"/>
                    <TextEquiv>
                        <Unicode>ïâcheux</Unicode>
                    </TextEquiv>
                    <TextStyle fontFamily="Times New Roman" fontSize="7.5"/>
                </Word>
                <Word id="w_w2aab1b1b2b3b3ac17" language="English" custom="readingOrder {index:1;}">
                    <Coords points="258,167 308,167 308,197 258,197"/>
                    <TextEquiv>
                        <Unicode>que</Unicode>
                    </TextEquiv>
                    <TextStyle fontFamily="Times New Roman" fontSize="7.5"/>
                </Word>
                <Word id="w_w2aab1b1b2b3b3ac25" language="English" custom="readingOrder {index:2;}">
                    <Coords points="322,167 367,167 367,196 322,196"/>
                    <TextEquiv>
                        <Unicode>par</Unicode>
                    </TextEquiv>
                    <TextStyle fontFamily="Times New Roman" fontSize="7.5"/>
                </Word>
                <Word id="w_w2aab1b1b2b3b3ac33" language="English" custom="readingOrder {index:3;}">
                    <Coords points="381,168 426,168 426,186 381,186"/>
                    <TextEquiv>
                        <Unicode>vos</Unicode>
                    </TextEquiv>
                    <TextStyle fontFamily="Times New Roman" fontSize="7.5"/>
                </Word>
                <Word id="w_w2aab1b1b2b3b3ac41" language="English" custom="readingOrder {index:4;}">
                    <Coords points="440,156 522,156 522,191 440,191"/>
                    <TextEquiv>
                        <Unicode>foins,</Unicode>
                    </TextEquiv>
                    <TextStyle fontFamily="Times New Roman" fontSize="7.5"/>
                </Word>
                <Word id="w_w2aab1b1b2b3b3ac55" language="English" custom="readingOrder {index:5;}">
                    <Coords points="541,158 630,158 630,195 541,195"/>
                    <TextEquiv>
                        <Unicode>jaloux</Unicode>
                    </TextEquiv>
                    <TextStyle fontFamily="Times New Roman" fontSize="7.5"/>
                </Word>
                <Word id="w_w2aab1b1b2b3b3ac69" language="English" custom="readingOrder {index:6;}">
                    <Coords points="644,168 696,168 696,197 644,197"/>
                    <TextEquiv>
                        <Unicode>que</Unicode>
                    </TextEquiv>
                    <TextStyle fontFamily="Times New Roman" fontSize="7.5"/>
                </Word>
                <Word id="w_w2aab1b1b2b3b3ac77" language="English" custom="readingOrder {index:7;}">
                    <Coords points="710,168 755,168 755,196 710,196"/>
                    <TextEquiv>
                        <Unicode>par</Unicode>
                    </TextEquiv>
                    <TextStyle fontFamily="Times New Roman" fontSize="7.5"/>
                </Word>
                <Word id="w_w2aab1b1b2b3b3ac85" language="English" custom="readingOrder {index:8;}">
                    <Coords points="770,167 818,167 818,186 770,186"/>
                    <TextEquiv>
                        <Unicode>vos</Unicode>
                    </TextEquiv>
                    <TextStyle fontFamily="Times New Roman" fontSize="7.5"/>
                </Word>
                <Word id="w_w2aab1b1b2b3b3ac93" language="English" custom="readingOrder {index:9;}">
                    <Coords points="826,167 901,167 901,196 826,196"/>
                    <TextEquiv>
                        <Unicode>yeux.</Unicode>
                    </TextEquiv>
                    <TextStyle fontFamily="Times New Roman" fontSize="7.5"/>
                </Word>
                <TextEquiv>
                    <Unicode>Fâcheux que par vos ſoins, jaloux que par vos yeux.</Unicode>
                </TextEquiv>
                <TextStyle fontFamily="Times New Roman" fontSize="7.5"/>
            </TextLine>
            <TextLine id="tl_4" primaryLanguage="English" custom="readingOrder {index:2;}">
                <Coords points="122,195 869,195 869,236 122,236"/>
                <Baseline points="122,223 208,224 258,225 357,229 449,226 554,230 623,225 697,225 772,226 869,224"/>
                <Word id="w_w2aab1b1b2b3b5ab1" language="English" custom="readingOrder {index:0;}">
                    <Coords points="122,196 208,196 208,224 122,224"/>
                    <TextEquiv>
                        <Unicode>Encor</Unicode>
                    </TextEquiv>
                    <TextStyle fontFamily="Times New Roman" fontSize="7.5"/>
                </Word>
                <Word id="w_w2aab1b1b2b3b5ac13" language="English" custom="readingOrder {index:1;}">
                    <Coords points="222,206 258,206 258,225 222,225"/>
                    <TextEquiv>
                        <Unicode>un</Unicode>
                    </TextEquiv>
                    <TextStyle fontFamily="Times New Roman" fontSize="7.5"/>
                </Word>
                <Word id="w_w2aab1b1b2b3b5ac19" language="English" custom="readingOrder {index:2;}">
                    <Coords points="272,206 357,206 357,236 272,236"/>
                    <TextEquiv>
                        <Unicode>coup,</Unicode>
                    </TextEquiv>
                    <TextStyle fontFamily="Times New Roman" fontSize="7.5"/>
                </Word>
                <Word id="w_w2aab1b1b2b3b5ac31" language="English" custom="readingOrder {index:3;}">
                    <Coords points="376,198 449,198 449,226 376,226"/>
                    <TextEquiv>
                        <Unicode>Dom</Unicode>
                    </TextEquiv>
                    <TextStyle fontFamily="Times New Roman" fontSize="7.5"/>
                </Word>
                <Word id="w_w2aab1b1b2b3b5ac39" language="English" custom="readingOrder {index:4;}">
                    <Coords points="465,199 554,199 554,236 465,236"/>
                    <TextEquiv>
                        <Unicode>Lope,</Unicode>
                    </TextEquiv>
                    <TextStyle fontFamily="Times New Roman" fontSize="7.5"/>
                </Word>
                <Word id="w_w2aab1b1b2b3b5ac51" language="English" custom="readingOrder {index:5;}">
                    <Coords points="572,208 623,208 623,226 572,226"/>
                    <TextEquiv>
                        <Unicode>une</Unicode>
                    </TextEquiv>
                    <TextStyle fontFamily="Times New Roman" fontSize="7.5"/>
                </Word>
                <Word id="w_w2aab1b1b2b3b5ac59" language="English" custom="readingOrder {index:6;}">
                    <Coords points="638,208 697,208 697,227 638,227"/>
                    <TextEquiv>
                        <Unicode>amc</Unicode>
                    </TextEquiv>
                    <TextStyle fontFamily="Times New Roman" fontSize="7.5"/>
                </Word>
                <Word id="w_w2aab1b1b2b3b5ac67" language="English" custom="readingOrder {index:7;}">
                    <Coords points="712,198 772,198 772,226 712,226"/>
                    <TextEquiv>
                        <Unicode>bien</Unicode>
                    </TextEquiv>
                    <TextStyle fontFamily="Times New Roman" fontSize="7.5"/>
                </Word>
                <Word id="w_w2aab1b1b2b3b5ac77" language="English" custom="readingOrder {index:8;}">
                    <Coords points="789,195 869,195 869,234 789,234"/>
                    <TextEquiv>
                        <Unicode>e'prifè</Unicode>
                    </TextEquiv>
                    <TextStyle fontFamily="Times New Roman" fontSize="7.5"/>
                </Word>
                <TextEquiv>
                    <Unicode>Encor un coup, Dom Lope, une ame bien épriſe</Unicode>
                </TextEquiv>
                <TextStyle fontFamily="Times New Roman" fontSize="7.5"/>
            </TextLine>
            <TextLine id="tl_5" primaryLanguage="English" custom="readingOrder {index:3;}">
                <Coords points="121,227 922,227 922,276 121,276"/>
                <Baseline points="121,262 176,263 318,265 419,265 530,270 580,266 640,264 714,265 796,264 922,269"/>
                <Word id="w_w2aab1b1b2b3b7ab1" language="English" custom="readingOrder {index:0;}">
                    <Coords points="121,236 176,236 176,263 121,263"/>
                    <TextEquiv>
                        <Unicode>Des</Unicode>
                    </TextEquiv>
                    <TextStyle fontFamily="Times New Roman" fontSize="7.5"/>
                </Word>
                <Word id="w_w2aab1b1b2b3b7ab9" language="English" custom="readingOrder {index:1;}">
                    <Coords points="190,234 318,234 318,274 190,274"/>
                    <TextEquiv>
                        <Unicode>fbupçons</Unicode>
                    </TextEquiv>
                    <TextStyle fontFamily="Times New Roman" fontSize="7.5"/>
                </Word>
                <Word id="w_w2aab1b1b2b3b7ac27" language="English" custom="readingOrder {index:2;}">
                    <Coords points="325,236 419,236 419,274 325,274"/>
                    <TextEquiv>
                        <Unicode>qu'elle</Unicode>
                    </TextEquiv>
                    <TextStyle fontFamily="Times New Roman" fontSize="7.5"/>
                </Word>
                <Word id="w_w2aab1b1b2b3b7ac43" language="English" custom="readingOrder {index:3;}">
                    <Coords points="434,237 530,237 530,276 434,276"/>
                    <TextEquiv>
                        <Unicode>prend,</Unicode>
                    </TextEquiv>
                    <TextStyle fontFamily="Times New Roman" fontSize="7.5"/>
                </Word>
                <Word id="w_w2aab1b1b2b3b7ac57" language="English" custom="readingOrder {index:4;}">
                    <Coords points="548,248 580,248 580,266 548,266"/>
                    <TextEquiv>
                        <Unicode>ne</Unicode>
                    </TextEquiv>
                    <TextStyle fontFamily="Times New Roman" fontSize="7.5"/>
                </Word>
                <Word id="w_w2aab1b1b2b3b7ac63" language="English" custom="readingOrder {index:5;}">
                    <Coords points="596,246 640,246 640,265 596,265"/>
                    <TextEquiv>
                        <Unicode>me</Unicode>
                    </TextEquiv>
                    <TextStyle fontFamily="Times New Roman" fontSize="7.5"/>
                </Word>
                <Word id="w_w2aab1b1b2b3b7ac69" language="English" custom="readingOrder {index:6;}">
                    <Coords points="654,236 714,236 714,266 654,266"/>
                    <TextEquiv>
                        <Unicode>rend</Unicode>
                    </TextEquiv>
                    <TextStyle fontFamily="Times New Roman" fontSize="7.5"/>
                </Word>
                <Word id="w_w2aab1b1b2b3b7ac79" language="English" custom="readingOrder {index:7;}">
                    <Coords points="722,237 796,237 796,276 722,276"/>
                    <TextEquiv>
                        <Unicode>point</Unicode>
                    </TextEquiv>
                    <TextStyle fontFamily="Times New Roman" fontSize="7.5"/>
                </Word>
                <Word id="w_w2aab1b1b2b3b7ac91" language="English" custom="readingOrder {index:8;}">
                    <Coords points="805,227 922,227 922,274 805,274"/>
                    <TextEquiv>
                        <Unicode>iurprifc;</Unicode>
                    </TextEquiv>
                    <TextStyle fontFamily="Times New Roman" fontSize="7.5"/>
                </Word>
                <TextEquiv>
                    <Unicode>Des ſoupçons qu'elle prend, ne me rend point ſurpriſe;</Unicode>
                </TextEquiv>
                <TextStyle fontFamily="Times New Roman" fontSize="7.5"/>
            </TextLine>
            <TextLine id="tl_6" primaryLanguage="English" custom="readingOrder {index:4;}">
                <Coords points="122,275 873,275 873,314 122,314"/>
                <Baseline points="122,302 191,301 279,303 320,303 382,304 483,304 550,305 600,305 682,304 752,304 873,308"/>
                <Word id="w_w2aab1b1b2b3b9ab1" language="English" custom="readingOrder {index:0;}">
                    <Coords points="122,275 191,275 191,302 122,302"/>
                    <TextEquiv>
                        <Unicode>Mais</Unicode>
                    </TextEquiv>
                    <TextStyle fontFamily="Times New Roman" fontSize="7.5"/>
                </Word>
                <Word id="w_w2aab1b1b2b3b9ac11" language="English" custom="readingOrder {index:1;}">
                    <Coords points="198,276 279,276 279,314 198,314"/>
                    <TextEquiv>
                        <Unicode>qu'on</Unicode>
                    </TextEquiv>
                    <TextStyle fontFamily="Times New Roman" fontSize="7.5"/>
                </Word>
                <Word id="w_w2aab1b1b2b3b9ac23" language="English" custom="readingOrder {index:2;}">
                    <Coords points="286,286 320,286 320,304 286,304"/>
                    <TextEquiv>
                        <Unicode>ait</Unicode>
                    </TextEquiv>
                    <TextStyle fontFamily="Times New Roman" fontSize="7.5"/>
                </Word>
                <Word id="w_w2aab1b1b2b3b9ac31" language="English" custom="readingOrder {index:3;}">
                    <Coords points="328,275 382,275 382,304 328,304"/>
                    <TextEquiv>
                        <Unicode>fans</Unicode>
                    </TextEquiv>
                    <TextStyle fontFamily="Times New Roman" fontSize="7.5"/>
                </Word>
                <Word id="w_w2aab1b1b2b3b9ac41" language="English" custom="readingOrder {index:4;}">
                    <Coords points="388,286 483,286 483,305 388,305"/>
                    <TextEquiv>
                        <Unicode>amour</Unicode>
                    </TextEquiv>
                    <TextStyle fontFamily="Times New Roman" fontSize="7.5"/>
                </Word>
                <Word id="w_w2aab1b1b2b3b9ac53" language="English" custom="readingOrder {index:5;}">
                    <Coords points="493,286 550,286 550,305 493,305"/>
                    <TextEquiv>
                        <Unicode>tous</Unicode>
                    </TextEquiv>
                    <TextStyle fontFamily="Times New Roman" fontSize="7.5"/>
                </Word>
                <Word id="w_w2aab1b1b2b3b9ac63" language="English" custom="readingOrder {index:6;}">
                    <Coords points="565,277 600,277 600,305 565,305"/>
                    <TextEquiv>
                        <Unicode>les</Unicode>
                    </TextEquiv>
                    <TextStyle fontFamily="Times New Roman" fontSize="7.5"/>
                </Word>
                <Word id="w_w2aab1b1b2b3b9ac71" language="English" custom="readingOrder {index:7;}">
                    <Coords points="615,275 682,275 682,304 615,304"/>
                    <TextEquiv>
                        <Unicode>foins</Unicode>
                    </TextEquiv>
                    <TextStyle fontFamily="Times New Roman" fontSize="7.5"/>
                </Word>
                <Word id="w_w2aab1b1b2b3b9ac83" language="English" custom="readingOrder {index:8;}">
                    <Coords points="690,276 752,276 752,305 690,305"/>
                    <TextEquiv>
                        <Unicode>d'un</Unicode>
                    </TextEquiv>
                    <TextStyle fontFamily="Times New Roman" fontSize="7.5"/>
                </Word>
                <Word id="w_w2aab1b1b2b3b9ac93" language="English" custom="readingOrder {index:9;}">
                    <Coords points="767,276 873,276 873,312 767,312"/>
                    <TextEquiv>
                        <Unicode>jaloux,</Unicode>
                    </TextEquiv>
                    <TextStyle fontFamily="Times New Roman" fontSize="7.5"/>
                </Word>
                <TextEquiv>
                    <Unicode>Mais qu'on ait ſans amour tous les ſoins d'un jaloux,</Unicode>
                </TextEquiv>
                <TextStyle fontFamily="Times New Roman" fontSize="7.5"/>
            </TextLine>
            <TextLine id="tl_7" primaryLanguage="English" custom="readingOrder {index:5;}">
                <Coords points="120,312 831,312 831,355 120,355"/>
                <Baseline points="120,343 192,341 257,343 420,324 479,344 666,344 742,345 831,344"/>
                <Word id="w_w2aab1b1b2b3c11ab1" language="English" custom="readingOrder {index:0;}">
                    <Coords points="120,312 192,312 192,343 120,343"/>
                    <TextEquiv>
                        <Unicode>C’cft</Unicode>
                    </TextEquiv>
                    <TextStyle fontFamily="Times New Roman" fontSize="7.5"/>
                </Word>
                <Word id="w_w2aab1b1b2b3c11ac13" language="English" custom="readingOrder {index:1;}">
                    <Coords points="208,324 257,324 257,343 208,343"/>
                    <TextEquiv>
                        <Unicode>une</Unicode>
                    </TextEquiv>
                    <TextStyle fontFamily="Times New Roman" fontSize="7.5"/>
                </Word>
                <Word id="w_w2aab1b1b2b3c11ac21" language="English" custom="readingOrder {index:2;}">
                    <Coords points="273,316 420,316 420,345 273,345"/>
                    <TextEquiv>
                        <Unicode>nouveauté'</Unicode>
                    </TextEquiv>
                    <TextStyle fontFamily="Times New Roman" fontSize="7.5"/>
                </Word>
                <Word id="w_w2aab1b1b2b3c11ac43" language="English" custom="readingOrder {index:3;}">
                    <Coords points="434,317 479,317 479,355 434,355"/>
                    <TextEquiv>
                        <Unicode>qui</Unicode>
                    </TextEquiv>
                    <TextStyle fontFamily="Times New Roman" fontSize="7.5"/>
                </Word>
                <Word id="w_w2aab1b1b2b3c11ac51" language="English" custom="readingOrder {index:4;}">
                    <Coords points="494,317 666,317 666,355 494,355"/>
                    <TextEquiv>
                        <Unicode>n’appartient</Unicode>
                    </TextEquiv>
                    <TextStyle fontFamily="Times New Roman" fontSize="7.5"/>
                </Word>
                <Word id="w_w2aab1b1b2b3c11ac77" language="English" custom="readingOrder {index:5;}">
                    <Coords points="680,316 742,316 742,355 680,355"/>
                    <TextEquiv>
                        <Unicode>qu’à</Unicode>
                    </TextEquiv>
                    <TextStyle fontFamily="Times New Roman" fontSize="7.5"/>
                </Word>
                <Word id="w_w2aab1b1b2b3c11ac87" language="English" custom="readingOrder {index:6;}">
                    <Coords points="758,325 831,325 831,345 758,345"/>
                    <TextEquiv>
                        <Unicode>vous.</Unicode>
                    </TextEquiv>
                    <TextStyle fontFamily="Times New Roman" fontSize="7.5"/>
                </Word>
                <TextEquiv>
                    <Unicode>C’eſt une nouveauté qui n’appartient qu’à vous.</Unicode>
                </TextEquiv>
                <TextStyle fontFamily="Times New Roman" fontSize="7.5"/>
            </TextLine>
            <TextEquiv>
                <Unicode>Que vôtre ame les forme, &amp; qu'il n’eſt en ces lieux;
Fâcheux que par vos ſoins, jaloux que par vos yeux.
Encor un coup, Dom Lope, une ame bien épriſe
Des ſoupçons qu'elle prend, ne me rend point ſurpriſe;
Mais qu'on ait ſans amour tous les ſoins d'un jaloux,
C’eſt une nouveauté qui n’appartient qu’à vous.</Unicode>
            </TextEquiv>
        </TextRegion>
        <TextRegion type="paragraph" id="r_1_3" custom="readingOrder {index:2;}">
            <Coords points="419,356 629,356 629,389 419,389"/>
            <TextLine id="tl_8" primaryLanguage="English" custom="readingOrder {index:0;}">
                <Coords points="420,356 628,357 628,388 420,387"/>
                <Baseline points="421,384 448,384 628,383"/>
                <Word id="w_w2aab1b1b2b5b1ab5" language="English" custom="readingOrder {index:0;}">
                    <Coords points="421,357 456,357 456,384 421,384"/>
                    <TextEquiv>
                        <Unicode>D.</Unicode>
                    </TextEquiv>
                    <TextStyle fontFamily="Times New Roman" fontSize="7.5"/>
                </Word>
                <Word id="w_w2aab1b1b2b5b1b1b1" language="English" custom="readingOrder {index:1;}">
                    <Coords points="496,358 628,358 628,384 496,384"/>
                    <TextEquiv>
                        <Unicode>Lope.</Unicode>
                    </TextEquiv>
                    <TextStyle fontFamily="Times New Roman" fontSize="7.5"/>
                </Word>
                <TextEquiv>
                    <Unicode>D. LOPE.</Unicode>
                </TextEquiv>
            </TextLine>
            <TextEquiv>
                <Unicode>D. LOPE.</Unicode>
            </TextEquiv>
        </TextRegion>
        <TextRegion type="paragraph" id="r_1_4" custom="readingOrder {index:3;}">
            <Coords points="119,391 773,391 773,435 119,435"/>
            <TextLine id="tl_9" primaryLanguage="English" custom="readingOrder {index:0;}">
                <Coords points="120,392 772,392 772,434 120,434"/>
                <Baseline points="120,427 181,421 238,423 316,422 451,424 480,424 540,424 603,423 671,423 772,426"/>
                <Word id="w_w2aab1b1b2b7b1ab1" language="English" custom="readingOrder {index:0;}">
                    <Coords points="120,393 181,393 181,427 120,427"/>
                    <TextEquiv>
                        <Unicode>Que</Unicode>
                    </TextEquiv>
                    <TextStyle fontFamily="Times New Roman" fontSize="7.5"/>
                </Word>
                <Word id="w_w2aab1b1b2b7b1ab9" language="English" custom="readingOrder {index:1;}">
                    <Coords points="196,392 238,392 238,423 196,423"/>
                    <TextEquiv>
                        <Unicode>fur</Unicode>
                    </TextEquiv>
                    <TextStyle fontFamily="Times New Roman" fontSize="7.5"/>
                </Word>
                <Word id="w_w2aab1b1b2b7b1ac17" language="English" custom="readingOrder {index:2;}">
                    <Coords points="252,404 316,404 316,423 252,423"/>
                    <TextEquiv>
                        <Unicode>cette</Unicode>
                    </TextEquiv>
                    <TextStyle fontFamily="Times New Roman" fontSize="7.5"/>
                </Word>
                <Word id="w_w2aab1b1b2b7b1ac29" language="English" custom="readingOrder {index:3;}">
                    <Coords points="328,395 451,395 451,424 328,424"/>
                    <TextEquiv>
                        <Unicode>conduite</Unicode>
                    </TextEquiv>
                    <TextStyle fontFamily="Times New Roman" fontSize="7.5"/>
                </Word>
                <Word id="w_w2aab1b1b2b7b1ac47" language="English" custom="readingOrder {index:4;}">
                    <Coords points="465,395 480,395 480,424 465,424"/>
                    <TextEquiv>
                        <Unicode>à</Unicode>
                    </TextEquiv>
                    <TextStyle fontFamily="Times New Roman" fontSize="7.5"/>
                </Word>
                <Word id="w_w2aab1b1b2b7b1ac51" language="English" custom="readingOrder {index:5;}">
                    <Coords points="496,394 540,394 540,424 496,424"/>
                    <TextEquiv>
                        <Unicode>fon</Unicode>
                    </TextEquiv>
                    <TextStyle fontFamily="Times New Roman" fontSize="7.5"/>
                </Word>
                <Word id="w_w2aab1b1b2b7b1ac59" language="English" custom="readingOrder {index:6;}">
                    <Coords points="554,394 603,394 603,424 554,424"/>
                    <TextEquiv>
                        <Unicode>aife</Unicode>
                    </TextEquiv>
                    <TextStyle fontFamily="Times New Roman" fontSize="7.5"/>
                </Word>
                <Word id="w_w2aab1b1b2b7b1ac69" language="English" custom="readingOrder {index:7;}">
                    <Coords points="617,395 671,395 671,424 617,424"/>
                    <TextEquiv>
                        <Unicode>l’on</Unicode>
                    </TextEquiv>
                    <TextStyle fontFamily="Times New Roman" fontSize="7.5"/>
                </Word>
                <Word id="w_w2aab1b1b2b7b1ac79" language="English" custom="readingOrder {index:8;}">
                    <Coords points="685,392 772,392 772,434 685,434"/>
                    <TextEquiv>
                        <Unicode>glofc,</Unicode>
                    </TextEquiv>
                    <TextStyle fontFamily="Times New Roman" fontSize="7.5"/>
                </Word>
                <TextEquiv>
                    <Unicode>Que ſur cette conduite à ſon aiſe l’on gloſe,</Unicode>
                </TextEquiv>
                <TextStyle fontFamily="Times New Roman" fontSize="7.5"/>
            </TextLine>
            <TextEquiv>
                <Unicode>Que ſur cette conduite à ſon aiſe l’on gloſe,</Unicode>
            </TextEquiv>
        </TextRegion>
        <TextRegion type="paragraph" id="r_1_5" custom="readingOrder {index:4;}">
            <Coords points="119,430 827,430 827,475 119,475"/>
            <TextLine id="tl_10" primaryLanguage="English" custom="readingOrder {index:0;}">
                <Coords points="120,431 826,431 826,474 120,474"/>
                <Baseline points="120,460 230,461 315,462 355,462 421,463 455,463 500,463 563,463 645,463 684,462 808,462 826,467"/>
                <Word id="w_w2aab1b1b2b9b1ab1" language="English" custom="readingOrder {index:0;}">
                    <Coords points="120,431 230,431 230,461 120,461"/>
                    <TextEquiv>
                        <Unicode>Chacun</Unicode>
                    </TextEquiv>
                    <TextStyle fontFamily="Times New Roman" fontSize="7.5"/>
                </Word>
                <Word id="w_w2aab1b1b2b9b1ac15" language="English" custom="readingOrder {index:1;}">
                    <Coords points="248,435 315,435 315,473 248,473"/>
                    <TextEquiv>
                        <Unicode>règle</Unicode>
                    </TextEquiv>
                    <TextStyle fontFamily="Times New Roman" fontSize="7.5"/>
                </Word>
                <Word id="w_w2aab1b1b2b9b1ac27" language="English" custom="readingOrder {index:2;}">
                    <Coords points="331,435 355,435 355,463 331,463"/>
                    <TextEquiv>
                        <Unicode>la</Unicode>
                    </TextEquiv>
                    <TextStyle fontFamily="Times New Roman" fontSize="7.5"/>
                </Word>
                <Word id="w_w2aab1b1b2b9b1ac33" language="English" custom="readingOrder {index:3;}">
                    <Coords points="371,434 421,434 421,463 371,463"/>
                    <TextEquiv>
                        <Unicode>lien</Unicode>
                    </TextEquiv>
                    <TextStyle fontFamily="Times New Roman" fontSize="7.5"/>
                </Word>
                <Word id="w_w2aab1b1b2b9b1ac43" language="English" custom="readingOrder {index:4;}">
                    <Coords points="425,445 455,445 455,463 425,463"/>
                    <TextEquiv>
                        <Unicode>ne</Unicode>
                    </TextEquiv>
                    <TextStyle fontFamily="Times New Roman" fontSize="7.5"/>
                </Word>
                <Word id="w_w2aab1b1b2b9b1ac49" language="English" custom="readingOrder {index:5;}">
                    <Coords points="468,445 500,445 500,463 468,463"/>
                    <TextEquiv>
                        <Unicode>au</Unicode>
                    </TextEquiv>
                    <TextStyle fontFamily="Times New Roman" fontSize="7.5"/>
                </Word>
                <Word id="w_w2aab1b1b2b9b1ac55" language="English" custom="readingOrder {index:6;}">
                    <Coords points="516,434 563,434 563,463 516,463"/>
                    <TextEquiv>
                        <Unicode>but</Unicode>
                    </TextEquiv>
                    <TextStyle fontFamily="Times New Roman" fontSize="7.5"/>
                </Word>
                <Word id="w_w2aab1b1b2b9b1ac63" language="English" custom="readingOrder {index:7;}">
                    <Coords points="578,434 645,434 645,474 578,474"/>
                    <TextEquiv>
                        <Unicode>qu'il</Unicode>
                    </TextEquiv>
                    <TextStyle fontFamily="Times New Roman" fontSize="7.5"/>
                </Word>
                <Word id="w_w2aab1b1b2b9b1ac75" language="English" custom="readingOrder {index:8;}">
                    <Coords points="662,433 684,433 684,462 662,462"/>
                    <TextEquiv>
                        <Unicode>fe</Unicode>
                    </TextEquiv>
                    <TextStyle fontFamily="Times New Roman" fontSize="7.5"/>
                </Word>
                <Word id="w_w2aab1b1b2b9b1ac81" language="English" custom="readingOrder {index:9;}">
                    <Coords points="700,432 808,432 808,472 700,472"/>
                    <TextEquiv>
                        <Unicode>propofê</Unicode>
                    </TextEquiv>
                    <TextStyle fontFamily="Times New Roman" fontSize="7.5"/>
                </Word>
                <Word id="w_w2aab1b1b2b9b1ac97" language="English" custom="readingOrder {index:10;}">
                    <Coords points="817,447 826,447 826,467 817,467"/>
                    <TextEquiv>
                        <Unicode>;</Unicode>
                    </TextEquiv>
                    <TextStyle fontFamily="Times New Roman" fontSize="7.5"/>
                </Word>
                <TextEquiv>
                    <Unicode>Chacun regle la ſienne au but qu'il ſe propoſe;</Unicode>
                </TextEquiv>
                <TextStyle fontFamily="Times New Roman" fontSize="7.5"/>
            </TextLine>
            <TextEquiv>
                <Unicode>Chacun regle la ſienne au but qu'il ſe propoſe;</Unicode>
            </TextEquiv>
        </TextRegion>
        <TextRegion type="paragraph" id="r_1_6" custom="readingOrder {index:5;}">
            <Coords points="117,471 787,471 787,513 117,513"/>
            <TextLine id="tl_11" primaryLanguage="English" custom="readingOrder {index:0;}">
                <Coords points="118,472 786,472 786,512 118,512"/>
                <Baseline points="118,500 152,499 257,501 316,502 393,502 450,502 532,503 578,502 659,502 786,505"/>
                <Word id="w_w2aab1b1b2c11b1ab1" language="English" custom="readingOrder {index:0;}">
                    <Coords points="118,472 152,472 152,500 118,500"/>
                    <TextEquiv>
                        <Unicode>Et</Unicode>
                    </TextEquiv>
                    <TextStyle fontFamily="Times New Roman" fontSize="7.5"/>
                </Word>
                <Word id="w_w2aab1b1b2c11b1ab7" language="English" custom="readingOrder {index:1;}">
                    <Coords points="167,472 257,472 257,501 167,501"/>
                    <TextEquiv>
                        <Unicode>rebuté</Unicode>
                    </TextEquiv>
                    <TextStyle fontFamily="Times New Roman" fontSize="7.5"/>
                </Word>
                <Word id="w_w2aab1b1b2c11b1ac21" language="English" custom="readingOrder {index:2;}">
                    <Coords points="272,484 316,484 316,512 272,512"/>
                    <TextEquiv>
                        <Unicode>par</Unicode>
                    </TextEquiv>
                    <TextStyle fontFamily="Times New Roman" fontSize="7.5"/>
                </Word>
                <Word id="w_w2aab1b1b2c11b1ac29" language="English" custom="readingOrder {index:3;}">
                    <Coords points="330,484 393,484 393,503 330,503"/>
                    <TextEquiv>
                        <Unicode>vous</Unicode>
                    </TextEquiv>
                    <TextStyle fontFamily="Times New Roman" fontSize="7.5"/>
                </Word>
                <Word id="w_w2aab1b1b2c11b1ac39" language="English" custom="readingOrder {index:4;}">
                    <Coords points="407,474 450,474 450,503 407,503"/>
                    <TextEquiv>
                        <Unicode>des</Unicode>
                    </TextEquiv>
                    <TextStyle fontFamily="Times New Roman" fontSize="7.5"/>
                </Word>
                <Word id="w_w2aab1b1b2c11b1ac47" language="English" custom="readingOrder {index:5;}">
                    <Coords points="464,472 532,472 532,503 464,503"/>
                    <TextEquiv>
                        <Unicode>foins</Unicode>
                    </TextEquiv>
                    <TextStyle fontFamily="Times New Roman" fontSize="7.5"/>
                </Word>
                <Word id="w_w2aab1b1b2c11b1ac59" language="English" custom="readingOrder {index:6;}">
                    <Coords points="547,473 578,473 578,502 547,502"/>
                    <TextEquiv>
                        <Unicode>de</Unicode>
                    </TextEquiv>
                    <TextStyle fontFamily="Times New Roman" fontSize="7.5"/>
                </Word>
                <Word id="w_w2aab1b1b2c11b1ac65" language="English" custom="readingOrder {index:7;}">
                    <Coords points="594,484 659,484 659,503 594,503"/>
                    <TextEquiv>
                        <Unicode>mon</Unicode>
                    </TextEquiv>
                    <TextStyle fontFamily="Times New Roman" fontSize="7.5"/>
                </Word>
                <Word id="w_w2aab1b1b2c11b1ac73" language="English" custom="readingOrder {index:8;}">
                    <Coords points="675,482 786,482 786,505 675,505"/>
                    <TextEquiv>
                        <Unicode>amour,</Unicode>
                    </TextEquiv>
                    <TextStyle fontFamily="Times New Roman" fontSize="7.5"/>
                </Word>
                <TextEquiv>
                    <Unicode>Et rebuté par vous des ſoins de mon amour,</Unicode>
                </TextEquiv>
                <TextStyle fontFamily="Times New Roman" fontSize="7.5"/>
            </TextLine>
            <TextEquiv>
                <Unicode>Et rebuté par vous des ſoins de mon amour,</Unicode>
            </TextEquiv>
        </TextRegion>
        <TextRegion type="paragraph" id="r_1_7" custom="readingOrder {index:6;}">
            <Coords points="117,510 845,510 845,583 117,583"/>
            <TextLine id="tl_12" primaryLanguage="English" custom="readingOrder {index:0;}">
                <Coords points="118,511 844,511 844,554 118,554"/>
                <Baseline points="118,548 148,539 242,541 348,542 399,542 505,541 535,542 609,542 687,540 746,541 844,541"/>
                <Word id="w_w2aab1b1b2c13b1ab1" language="English" custom="readingOrder {index:0;}">
                    <Coords points="118,512 148,512 148,548 118,548"/>
                    <TextEquiv>
                        <Unicode>Je</Unicode>
                    </TextEquiv>
                    <TextStyle fontFamily="Times New Roman" fontSize="7.5"/>
                </Word>
                <Word id="w_w2aab1b1b2c13b1ab7" language="English" custom="readingOrder {index:1;}">
                    <Coords points="162,511 242,511 242,554 162,554"/>
                    <TextEquiv>
                        <Unicode>fonge</Unicode>
                    </TextEquiv>
                    <TextStyle fontFamily="Times New Roman" fontSize="7.5"/>
                </Word>
                <Word id="w_w2aab1b1b2c13b1ac19" language="English" custom="readingOrder {index:2;}">
                    <Coords points="258,513 348,513 348,552 258,552"/>
                    <TextEquiv>
                        <Unicode>auprès</Unicode>
                    </TextEquiv>
                    <TextStyle fontFamily="Times New Roman" fontSize="7.5"/>
                </Word>
                <Word id="w_w2aab1b1b2c13b1ac33" language="English" custom="readingOrder {index:3;}">
                    <Coords points="363,513 399,513 399,542 363,542"/>
                    <TextEquiv>
                        <Unicode>du</Unicode>
                    </TextEquiv>
                    <TextStyle fontFamily="Times New Roman" fontSize="7.5"/>
                </Word>
                <Word id="w_w2aab1b1b2c13b1ac39" language="English" custom="readingOrder {index:4;}">
                    <Coords points="415,514 505,514 505,542 415,542"/>
                    <TextEquiv>
                        <Unicode>Prince</Unicode>
                    </TextEquiv>
                    <TextStyle fontFamily="Times New Roman" fontSize="7.5"/>
                </Word>
                <Word id="w_w2aab1b1b2c13b1ac53" language="English" custom="readingOrder {index:5;}">
                    <Coords points="521,513 535,513 535,542 521,542"/>
                    <TextEquiv>
                        <Unicode>à</Unicode>
                    </TextEquiv>
                    <TextStyle fontFamily="Times New Roman" fontSize="7.5"/>
                </Word>
                <Word id="w_w2aab1b1b2c13b1ac57" language="English" custom="readingOrder {index:6;}">
                    <Coords points="550,513 609,513 609,542 550,542"/>
                    <TextEquiv>
                        <Unicode>bien</Unicode>
                    </TextEquiv>
                    <TextStyle fontFamily="Times New Roman" fontSize="7.5"/>
                </Word>
                <Word id="w_w2aab1b1b2c13b1ac67" language="English" custom="readingOrder {index:7;}">
                    <Coords points="624,511 687,511 687,542 624,542"/>
                    <TextEquiv>
                        <Unicode>faite</Unicode>
                    </TextEquiv>
                    <TextStyle fontFamily="Times New Roman" fontSize="7.5"/>
                </Word>
                <Word id="w_w2aab1b1b2c13b1ac79" language="English" custom="readingOrder {index:8;}">
                    <Coords points="701,522 746,522 746,541 701,541"/>
                    <TextEquiv>
                        <Unicode>ma</Unicode>
                    </TextEquiv>
                    <TextStyle fontFamily="Times New Roman" fontSize="7.5"/>
                </Word>
                <Word id="w_w2aab1b1b2c13b1ac85" language="English" custom="readingOrder {index:9;}">
                    <Coords points="764,513 844,513 844,542 764,542"/>
                    <TextEquiv>
                        <Unicode>Cour.</Unicode>
                    </TextEquiv>
                    <TextStyle fontFamily="Times New Roman" fontSize="7.5"/>
                </Word>
                <TextEquiv>
                    <Unicode>Je ſonge auprés du Prince à bien faite ma Cour.</Unicode>
                </TextEquiv>
                <TextStyle fontFamily="Times New Roman" fontSize="7.5"/>
            </TextLine>
            <TextLine id="tl_13" primaryLanguage="English" custom="readingOrder {index:1;}">
                <Coords points="441,553 602,553 602,582 441,582"/>
                <Baseline points="441,582 602,581"/>
                <Word id="w_w2aab1b1b2c13b3ab1" language="English" custom="readingOrder {index:0;}">
                    <Coords points="441,553 602,553 602,582 441,582"/>
                    <TextEquiv>
                        <Unicode>Elise.</Unicode>
                    </TextEquiv>
                    <TextStyle fontFamily="Times New Roman" fontSize="7.0"/>
                </Word>
                <TextEquiv>
                    <Unicode>ELISE.</Unicode>
                </TextEquiv>
                <TextStyle fontFamily="Times New Roman" fontSize="7.0"/>
            </TextLine>
            <TextEquiv>
                <Unicode>Je ſonge auprés du Prince à bien faite ma Cour.
ELISE.</Unicode>
            </TextEquiv>
        </TextRegion>
        <TextRegion type="paragraph" id="r_1_8" custom="readingOrder {index:7;}">
            <Coords points="117,587 858,587 858,633 117,633"/>
            <TextLine id="tl_14" primaryLanguage="English" custom="readingOrder {index:0;}">
                <Coords points="118,588 857,588 857,632 118,632"/>
                <Baseline points="118,618 188,617 290,619 382,623 522,621 556,621 626,620 696,619 735,620 857,624"/>
                <Word id="w_w2aab1b1b2c15b1ab1" language="English" custom="readingOrder {index:0;}">
                    <Coords points="118,590 188,590 188,618 118,618"/>
                    <TextEquiv>
                        <Unicode>Mais</Unicode>
                    </TextEquiv>
                    <TextStyle fontFamily="Times New Roman" fontSize="7.5"/>
                </Word>
                <Word id="w_w2aab1b1b2c15b1ac11" language="English" custom="readingOrder {index:1;}">
                    <Coords points="204,588 290,588 290,628 204,628"/>
                    <TextEquiv>
                        <Unicode>fçavex</Unicode>
                    </TextEquiv>
                    <TextStyle fontFamily="Times New Roman" fontSize="7.5"/>
                </Word>
                <Word id="w_w2aab1b1b2c15b1ac25" language="English" custom="readingOrder {index:2;}">
                    <Coords points="304,602 382,602 382,623 304,623"/>
                    <TextEquiv>
                        <Unicode>vous,</Unicode>
                    </TextEquiv>
                    <TextStyle fontFamily="Times New Roman" fontSize="7.5"/>
                </Word>
                <Word id="w_w2aab1b1b2c15b1ac37" language="English" custom="readingOrder {index:3;}">
                    <Coords points="403,591 522,591 522,632 403,632"/>
                    <TextEquiv>
                        <Unicode>qu'enfin</Unicode>
                    </TextEquiv>
                    <TextStyle fontFamily="Times New Roman" fontSize="7.5"/>
                </Word>
                <Word id="w_w2aab1b1b2c15b1ac55" language="English" custom="readingOrder {index:4;}">
                    <Coords points="538,593 556,593 556,621 538,621"/>
                    <TextEquiv>
                        <Unicode>il</Unicode>
                    </TextEquiv>
                    <TextStyle fontFamily="Times New Roman" fontSize="7.5"/>
                </Word>
                <Word id="w_w2aab1b1b2c15b1ac61" language="English" custom="readingOrder {index:5;}">
                    <Coords points="574,592 626,592 626,621 574,621"/>
                    <TextEquiv>
                        <Unicode>fera</Unicode>
                    </TextEquiv>
                    <TextStyle fontFamily="Times New Roman" fontSize="7.5"/>
                </Word>
                <Word id="w_w2aab1b1b2c15b1ac71" language="English" custom="readingOrder {index:6;}">
                    <Coords points="642,590 696,590 696,620 642,620"/>
                    <TextEquiv>
                        <Unicode>mal</Unicode>
                    </TextEquiv>
                    <TextStyle fontFamily="Times New Roman" fontSize="7.5"/>
                </Word>
                <Word id="w_w2aab1b1b2c15b1ac79" language="English" custom="readingOrder {index:7;}">
                    <Coords points="713,592 735,592 735,620 713,620"/>
                    <TextEquiv>
                        <Unicode>la</Unicode>
                    </TextEquiv>
                    <TextStyle fontFamily="Times New Roman" fontSize="7.5"/>
                </Word>
                <Word id="w_w2aab1b1b2c15b1ac85" language="English" custom="readingOrder {index:8;}">
                    <Coords points="754,590 857,590 857,624 754,624"/>
                    <TextEquiv>
                        <Unicode>ferme,</Unicode>
                    </TextEquiv>
                    <TextStyle fontFamily="Times New Roman" fontSize="7.5"/>
                </Word>
                <TextEquiv>
                    <Unicode>Mais ſçavez vous, qu'enfin il fera mal la ſienne,</Unicode>
                </TextEquiv>
                <TextStyle fontFamily="Times New Roman" fontSize="7.5"/>
            </TextLine>
            <TextEquiv>
                <Unicode>Mais ſçavez vous, qu'enfin il fera mal la ſienne,</Unicode>
            </TextEquiv>
        </TextRegion>
        <TextRegion type="paragraph" id="r_1_9" custom="readingOrder {index:8;}">
            <Coords points="114,627 915,627 915,701 114,701"/>
            <TextLine id="tl_15" primaryLanguage="English" custom="readingOrder {index:0;}">
                <Coords points="115,628 914,628 914,671 115,671"/>
                <Baseline points="115,657 159,657 230,657 324,659 403,659 536,661 625,660 712,660 914,659"/>
                <Word id="w_w2aab1b1b2c17b1ab1" language="English" custom="readingOrder {index:0;}">
                    <Coords points="115,628 159,628 159,657 115,657"/>
                    <TextEquiv>
                        <Unicode>S'il</Unicode>
                    </TextEquiv>
                    <TextStyle fontFamily="Times New Roman" fontSize="7.5"/>
                </Word>
                <Word id="w_w2aab1b1b2c17b1ac11" language="English" custom="readingOrder {index:1;}">
                    <Coords points="176,629 230,629 230,658 176,658"/>
                    <TextEquiv>
                        <Unicode>faut</Unicode>
                    </TextEquiv>
                    <TextStyle fontFamily="Times New Roman" fontSize="7.5"/>
                </Word>
                <Word id="w_w2aab1b1b2c17b1ac21" language="English" custom="readingOrder {index:2;}">
                    <Coords points="246,632 324,632 324,670 246,670"/>
                    <TextEquiv>
                        <Unicode>qu'en</Unicode>
                    </TextEquiv>
                    <TextStyle fontFamily="Times New Roman" fontSize="7.5"/>
                </Word>
                <Word id="w_w2aab1b1b2c17b1ac33" language="English" custom="readingOrder {index:3;}">
                    <Coords points="338,640 403,640 403,660 338,660"/>
                    <TextEquiv>
                        <Unicode>cette</Unicode>
                    </TextEquiv>
                    <TextStyle fontFamily="Times New Roman" fontSize="7.5"/>
                </Word>
                <Word id="w_w2aab1b1b2c17b1ac45" language="English" custom="readingOrder {index:4;}">
                    <Coords points="420,632 536,632 536,661 420,661"/>
                    <TextEquiv>
                        <Unicode>humeur</Unicode>
                    </TextEquiv>
                    <TextStyle fontFamily="Times New Roman" fontSize="7.5"/>
                </Word>
                <Word id="w_w2aab1b1b2c17b1ac59" language="English" custom="readingOrder {index:5;}">
                    <Coords points="551,631 625,631 625,661 551,661"/>
                    <TextEquiv>
                        <Unicode>vôtre</Unicode>
                    </TextEquiv>
                    <TextStyle fontFamily="Times New Roman" fontSize="7.5"/>
                </Word>
                <Word id="w_w2aab1b1b2c17b1ac71" language="English" custom="readingOrder {index:6;}">
                    <Coords points="637,629 712,629 712,671 637,671"/>
                    <TextEquiv>
                        <Unicode>efptit</Unicode>
                    </TextEquiv>
                    <TextStyle fontFamily="Times New Roman" fontSize="7.5"/>
                </Word>
                <Word id="w_w2aab1b1b2c17b1ac85" language="English" custom="readingOrder {index:7;}">
                    <Coords points="720,631 914,631 914,660 720,660"/>
                    <TextEquiv>
                        <Unicode>l'entretienne?</Unicode>
                    </TextEquiv>
                    <TextStyle fontFamily="Times New Roman" fontSize="7.5"/>
                </Word>
                <TextEquiv>
                    <Unicode>S'il faut qu'en cette humeur vôtre eſprit l'entretienne?</Unicode>
                </TextEquiv>
                <TextStyle fontFamily="Times New Roman" fontSize="7.5"/>
            </TextLine>
            <TextLine id="tl_16" primaryLanguage="English" custom="readingOrder {index:1;}">
                <Coords points="416,672 627,672 627,700 416,700"/>
                <Baseline points="416,700 442,700 582,700 627,699"/>
                <Word id="w_w2aab1b1b2c17b3ab1" language="English" custom="readingOrder {index:0;}">
                    <Coords points="416,672 452,672 452,700 416,700"/>
                    <TextEquiv>
                        <Unicode>D.</Unicode>
                    </TextEquiv>
                    <TextStyle fontFamily="Times New Roman" fontSize="7.5"/>
                </Word>
                <Word id="w_w2aab1b1b2c17b3b1b1" language="English" custom="readingOrder {index:1;}">
                    <Coords points="490,673 582,673 582,700 490,700"/>
                    <TextEquiv>
                        <Unicode>Lof</Unicode>
                    </TextEquiv>
                    <TextStyle fontFamily="Times New Roman" fontSize="7.5"/>
                </Word>
                <Word id="w_w2aab1b1b2c17b3b1b9" language="English" custom="readingOrder {index:2;}">
                    <Coords points="603,681 627,681 627,699 603,699"/>
                    <TextEquiv>
                        <Unicode>b.</Unicode>
                    </TextEquiv>
                    <TextStyle fontFamily="Times New Roman" fontSize="7.5"/>
                </Word>
                <TextEquiv>
                    <Unicode>D. LOPE.</Unicode>
                </TextEquiv>
            </TextLine>
            <TextEquiv>
                <Unicode>S'il faut qu'en cette humeur vôtre eſprit l'entretienne?
D. LOPE.</Unicode>
            </TextEquiv>
        </TextRegion>
        <TextRegion type="paragraph" id="r_1_10" custom="readingOrder {index:9;}">
            <Coords points="111,707 915,707 915,909 111,909"/>
            <TextLine id="tl_17" primaryLanguage="English" custom="readingOrder {index:0;}">
                <Coords points="114,708 912,708 912,749 114,749"/>
                <Baseline points="114,737 149,737 266,743 438,739 535,744 693,738 749,738 826,738 912,743"/>
                <Word id="w_w2aab1b1b2c19b1ab1" language="English" custom="readingOrder {index:0;}">
                    <Coords points="114,709 149,709 149,737 114,737"/>
                    <TextEquiv>
                        <Unicode>Et</Unicode>
                    </TextEquiv>
                    <TextStyle fontFamily="Times New Roman" fontSize="7.5"/>
                </Word>
                <Word id="w_w2aab1b1b2c19b1ab7" language="English" custom="readingOrder {index:1;}">
                    <Coords points="162,709 266,709 266,748 162,748"/>
                    <TextEquiv>
                        <Unicode>quand,</Unicode>
                    </TextEquiv>
                    <TextStyle fontFamily="Times New Roman" fontSize="7.5"/>
                </Word>
                <Word id="w_w2aab1b1b2c19b1ac21" language="English" custom="readingOrder {index:2;}">
                    <Coords points="284,710 438,710 438,739 284,739"/>
                    <TextEquiv>
                        <Unicode>charmante</Unicode>
                    </TextEquiv>
                    <TextStyle fontFamily="Times New Roman" fontSize="7.5"/>
                </Word>
                <Word id="w_w2aab1b1b2c19b1ac41" language="English" custom="readingOrder {index:3;}">
                    <Coords points="454,709 535,709 535,744 454,744"/>
                    <TextEquiv>
                        <Unicode>Elilê,</Unicode>
                    </TextEquiv>
                    <TextStyle fontFamily="Times New Roman" fontSize="7.5"/>
                </Word>
                <Word id="w_w2aab1b1b2c19b1ac55" language="English" custom="readingOrder {index:4;}">
                    <Coords points="552,713 693,713 693,740 552,740"/>
                    <TextEquiv>
                        <Unicode>a-t'onveo</Unicode>
                    </TextEquiv>
                    <TextStyle fontFamily="Times New Roman" fontSize="7.5"/>
                </Word>
                <Word id="w_w2aab1b1b2c19b1ac75" language="English" custom="readingOrder {index:5;}">
                    <Coords points="711,709 749,709 749,739 711,739"/>
                    <TextEquiv>
                        <Unicode>s’il</Unicode>
                    </TextEquiv>
                    <TextStyle fontFamily="Times New Roman" fontSize="7.5"/>
                </Word>
                <Word id="w_w2aab1b1b2c19b1ac85" language="English" custom="readingOrder {index:6;}">
                    <Coords points="764,719 826,719 826,738 764,738"/>
                    <TextEquiv>
                        <Unicode>vous</Unicode>
                    </TextEquiv>
                    <TextStyle fontFamily="Times New Roman" fontSize="7.5"/>
                </Word>
                <Word id="w_w2aab1b1b2c19b1ac95" language="English" custom="readingOrder {index:7;}">
                    <Coords points="835,708 912,708 912,749 835,749"/>
                    <TextEquiv>
                        <Unicode>plaît,</Unicode>
                    </TextEquiv>
                    <TextStyle fontFamily="Times New Roman" fontSize="7.5"/>
                </Word>
                <TextEquiv>
                    <Unicode>Et quand, charmante Eliſe, a-t'on veu s’il vous plaît,</Unicode>
                </TextEquiv>
                <TextStyle fontFamily="Times New Roman" fontSize="7.5"/>
            </TextLine>
            <TextLine id="tl_18" primaryLanguage="English" custom="readingOrder {index:1;}">
                <Coords points="114,748 914,748 914,793 114,793"/>
                <Baseline points="114,785 208,778 248,778 288,778 325,777 424,779 473,780 504,780 650,778 704,779 805,777 914,777"/>
                <Word id="w_w2aab1b1b2c19b3ab1" language="English" custom="readingOrder {index:0;}">
                    <Coords points="114,748 208,748 208,785 114,785"/>
                    <TextEquiv>
                        <Unicode>Qu’on</Unicode>
                    </TextEquiv>
                    <TextStyle fontFamily="Times New Roman" fontSize="7.5"/>
                </Word>
                <Word id="w_w2aab1b1b2c19b3ac13" language="English" custom="readingOrder {index:1;}">
                    <Coords points="216,748 248,748 248,779 216,779"/>
                    <TextEquiv>
                        <Unicode>ch</Unicode>
                    </TextEquiv>
                    <TextStyle fontFamily="Times New Roman" fontSize="7.5"/>
                </Word>
                <Word id="w_w2aab1b1b2c19b3ac19" language="English" custom="readingOrder {index:2;}">
                    <Coords points="252,759 288,759 288,778 252,778"/>
                    <TextEquiv>
                        <Unicode>etc</Unicode>
                    </TextEquiv>
                    <TextStyle fontFamily="Times New Roman" fontSize="7.5"/>
                </Word>
                <Word id="w_w2aab1b1b2c19b3ac27" language="English" custom="readingOrder {index:3;}">
                    <Coords points="294,748 325,748 325,779 294,779"/>
                    <TextEquiv>
                        <Unicode>hc</Unicode>
                    </TextEquiv>
                    <TextStyle fontFamily="Times New Roman" fontSize="7.5"/>
                </Word>
                <Word id="w_w2aab1b1b2c19b3ac33" language="English" custom="readingOrder {index:4;}">
                    <Coords points="333,751 424,751 424,789 333,789"/>
                    <TextEquiv>
                        <Unicode>auprès</Unicode>
                    </TextEquiv>
                    <TextStyle fontFamily="Times New Roman" fontSize="7.5"/>
                </Word>
                <Word id="w_w2aab1b1b2c19b3ac47" language="English" custom="readingOrder {index:5;}">
                    <Coords points="430,750 473,750 473,780 430,780"/>
                    <TextEquiv>
                        <Unicode>des</Unicode>
                    </TextEquiv>
                    <TextStyle fontFamily="Times New Roman" fontSize="7.5"/>
                </Word>
                <Word id="w_w2aab1b1b2c19b3ac55" language="English" custom="readingOrder {index:6;}">
                    <Coords points="481,753 504,753 504,780 481,780"/>
                    <TextEquiv>
                        <Unicode>G</Unicode>
                    </TextEquiv>
                    <TextStyle fontFamily="Times New Roman" fontSize="7.5"/>
                </Word>
                <Word id="w_w2aab1b1b2c19b3ac59" language="English" custom="readingOrder {index:7;}">
                    <Coords points="510,750 650,750 650,790 510,790"/>
                    <TextEquiv>
                        <Unicode>rands,quc</Unicode>
                    </TextEquiv>
                    <TextStyle fontFamily="Times New Roman" fontSize="7.5"/>
                </Word>
                <Word id="w_w2aab1b1b2c19b3ac79" language="English" custom="readingOrder {index:8;}">
                    <Coords points="660,748 704,748 704,779 660,779"/>
                    <TextEquiv>
                        <Unicode>fou</Unicode>
                    </TextEquiv>
                    <TextStyle fontFamily="Times New Roman" fontSize="7.5"/>
                </Word>
                <Word id="w_w2aab1b1b2c19b3ac87" language="English" custom="readingOrder {index:9;}">
                    <Coords points="712,759 805,759 805,793 712,793"/>
                    <TextEquiv>
                        <Unicode>propre</Unicode>
                    </TextEquiv>
                    <TextStyle fontFamily="Times New Roman" fontSize="7.5"/>
                </Word>
                <Word id="w_w2aab1b1b2c19b3ad101" language="English" custom="readingOrder {index:10;}">
                    <Coords points="814,751 914,751 914,779 814,779"/>
                    <TextEquiv>
                        <Unicode>interet?</Unicode>
                    </TextEquiv>
                    <TextStyle fontFamily="Times New Roman" fontSize="7.5"/>
                </Word>
                <TextEquiv>
                    <Unicode>Qu’on cherche auprés des Grands, que ſon propre interêt?</Unicode>
                </TextEquiv>
                <TextStyle fontFamily="Times New Roman" fontSize="7.5"/>
            </TextLine>
            <TextLine id="tl_19" primaryLanguage="English" custom="readingOrder {index:2;}">
                <Coords points="114,787 860,787 860,829 114,829"/>
                <Baseline points="114,822 207,818 314,817 568,817 694,817 766,816 860,822"/>
                <Word id="w_w2aab1b1b2c19b5ab1" language="English" custom="readingOrder {index:0;}">
                    <Coords points="114,788 207,788 207,822 114,822"/>
                    <TextEquiv>
                        <Unicode>Qu'un</Unicode>
                    </TextEquiv>
                    <TextStyle fontFamily="Times New Roman" fontSize="7.5"/>
                </Word>
                <Word id="w_w2aab1b1b2c19b5ac13" language="English" custom="readingOrder {index:1;}">
                    <Coords points="222,788 314,788 314,827 222,827"/>
                    <TextEquiv>
                        <Unicode>parfait</Unicode>
                    </TextEquiv>
                    <TextStyle fontFamily="Times New Roman" fontSize="7.5"/>
                </Word>
                <Word id="w_w2aab1b1b2c19b5ac29" language="English" custom="readingOrder {index:2;}">
                    <Coords points="330,787 568,787 568,818 330,818"/>
                    <TextEquiv>
                        <Unicode>Courtifanveuille</Unicode>
                    </TextEquiv>
                    <TextStyle fontFamily="Times New Roman" fontSize="7.5"/>
                </Word>
                <Word id="w_w2aab1b1b2c19b5ac63" language="English" custom="readingOrder {index:3;}">
                    <Coords points="584,789 694,789 694,829 584,829"/>
                    <TextEquiv>
                        <Unicode>charger</Unicode>
                    </TextEquiv>
                    <TextStyle fontFamily="Times New Roman" fontSize="7.5"/>
                </Word>
                <Word id="w_w2aab1b1b2c19b5ac79" language="English" custom="readingOrder {index:4;}">
                    <Coords points="712,789 766,789 766,818 712,818"/>
                    <TextEquiv>
                        <Unicode>leur</Unicode>
                    </TextEquiv>
                    <TextStyle fontFamily="Times New Roman" fontSize="7.5"/>
                </Word>
                <Word id="w_w2aab1b1b2c19b5ac89" language="English" custom="readingOrder {index:5;}">
                    <Coords points="780,788 860,788 860,822 780,822"/>
                    <TextEquiv>
                        <Unicode>fuite,</Unicode>
                    </TextEquiv>
                    <TextStyle fontFamily="Times New Roman" fontSize="7.5"/>
                </Word>
                <TextEquiv>
                    <Unicode>Qu'un parfait Courtiſan veüille charger leur ſuite,</Unicode>
                </TextEquiv>
                <TextStyle fontFamily="Times New Roman" fontSize="7.5"/>
            </TextLine>
            <TextLine id="tl_20" primaryLanguage="English" custom="readingOrder {index:3;}">
                <Coords points="112,827 912,827 912,868 112,868"/>
                <Baseline points="112,854 187,856 304,857 356,858 479,862 569,857 668,856 706,858 770,856 912,861"/>
                <Word id="w_w2aab1b1b2c19b7ab1" language="English" custom="readingOrder {index:0;}">
                    <Coords points="112,827 187,827 187,856 112,856"/>
                    <TextEquiv>
                        <Unicode>D'un</Unicode>
                    </TextEquiv>
                    <TextStyle fontFamily="Times New Roman" fontSize="7.5"/>
                </Word>
                <Word id="w_w2aab1b1b2c19b7ac11" language="English" custom="readingOrder {index:1;}">
                    <Coords points="203,827 304,827 304,857 203,857"/>
                    <TextEquiv>
                        <Unicode>cenfcur</Unicode>
                    </TextEquiv>
                    <TextStyle fontFamily="Times New Roman" fontSize="7.5"/>
                </Word>
                <Word id="w_w2aab1b1b2c19b7ac27" language="English" custom="readingOrder {index:2;}">
                    <Coords points="312,828 356,828 356,858 312,858"/>
                    <TextEquiv>
                        <Unicode>des</Unicode>
                    </TextEquiv>
                    <TextStyle fontFamily="Times New Roman" fontSize="7.5"/>
                </Word>
                <Word id="w_w2aab1b1b2c19b7ac35" language="English" custom="readingOrder {index:3;}">
                    <Coords points="362,827 479,827 479,862 362,862"/>
                    <TextEquiv>
                        <Unicode>defauts,</Unicode>
                    </TextEquiv>
                    <TextStyle fontFamily="Times New Roman" fontSize="7.5"/>
                </Word>
                <Word id="w_w2aab1b1b2c19b7ac53" language="English" custom="readingOrder {index:4;}">
                    <Coords points="488,830 569,830 569,868 488,868"/>
                    <TextEquiv>
                        <Unicode>qu’on</Unicode>
                    </TextEquiv>
                    <TextStyle fontFamily="Times New Roman" fontSize="7.5"/>
                </Word>
                <Word id="w_w2aab1b1b2c19b7ac65" language="English" custom="readingOrder {index:5;}">
                    <Coords points="577,837 668,837 668,858 577,858"/>
                    <TextEquiv>
                        <Unicode>trouve</Unicode>
                    </TextEquiv>
                    <TextStyle fontFamily="Times New Roman" fontSize="7.5"/>
                </Word>
                <Word id="w_w2aab1b1b2c19b7ac79" language="English" custom="readingOrder {index:6;}">
                    <Coords points="676,839 706,839 706,858 676,858"/>
                    <TextEquiv>
                        <Unicode>en</Unicode>
                    </TextEquiv>
                    <TextStyle fontFamily="Times New Roman" fontSize="7.5"/>
                </Word>
                <Word id="w_w2aab1b1b2c19b7ac85" language="English" custom="readingOrder {index:7;}">
                    <Coords points="715,829 770,829 770,857 715,857"/>
                    <TextEquiv>
                        <Unicode>leur</Unicode>
                    </TextEquiv>
                    <TextStyle fontFamily="Times New Roman" fontSize="7.5"/>
                </Word>
                <Word id="w_w2aab1b1b2c19b7ac95" language="English" custom="readingOrder {index:8;}">
                    <Coords points="778,829 912,829 912,861 778,861"/>
                    <TextEquiv>
                        <Unicode>conduite;</Unicode>
                    </TextEquiv>
                    <TextStyle fontFamily="Times New Roman" fontSize="7.5"/>
                </Word>
                <TextEquiv>
                    <Unicode>D'un cenſeur des défauts, qu’on trouve en leur conduite;</Unicode>
                </TextEquiv>
                <TextStyle fontFamily="Times New Roman" fontSize="7.5"/>
            </TextLine>
            <TextLine id="tl_21" primaryLanguage="English" custom="readingOrder {index:4;}">
                <Coords points="112,866 782,866 782,908 112,908"/>
                <Baseline points="112,894 145,893 241,895 400,901 437,897 496,896 626,897 696,896 782,900"/>
                <Word id="w_w2aab1b1b2c19b9ab1" language="English" custom="readingOrder {index:0;}">
                    <Coords points="112,866 145,866 145,894 112,894"/>
                    <TextEquiv>
                        <Unicode>Et</Unicode>
                    </TextEquiv>
                    <TextStyle fontFamily="Times New Roman" fontSize="7.5"/>
                </Word>
                <Word id="w_w2aab1b1b2c19b9ab7" language="English" custom="readingOrder {index:1;}">
                    <Coords points="162,867 241,867 241,896 162,896"/>
                    <TextEquiv>
                        <Unicode>s’aille</Unicode>
                    </TextEquiv>
                    <TextStyle fontFamily="Times New Roman" fontSize="7.5"/>
                </Word>
                <Word id="w_w2aab1b1b2c19b9ac23" language="English" custom="readingOrder {index:2;}">
                    <Coords points="258,868 400,868 400,908 258,908"/>
                    <TextEquiv>
                        <Unicode>inquiéter,</Unicode>
                    </TextEquiv>
                    <TextStyle fontFamily="Times New Roman" fontSize="7.5"/>
                </Word>
                <Word id="w_w2aab1b1b2c19b9ac45" language="English" custom="readingOrder {index:3;}">
                    <Coords points="420,866 437,866 437,897 420,897"/>
                    <TextEquiv>
                        <Unicode>fi</Unicode>
                    </TextEquiv>
                    <TextStyle fontFamily="Times New Roman" fontSize="7.5"/>
                </Word>
                <Word id="w_w2aab1b1b2c19b9ac51" language="English" custom="readingOrder {index:4;}">
                    <Coords points="452,868 496,868 496,896 452,896"/>
                    <TextEquiv>
                        <Unicode>fon</Unicode>
                    </TextEquiv>
                    <TextStyle fontFamily="Times New Roman" fontSize="7.5"/>
                </Word>
                <Word id="w_w2aab1b1b2c19b9ac59" language="English" custom="readingOrder {index:5;}">
                    <Coords points="513,867 626,867 626,897 513,897"/>
                    <TextEquiv>
                        <Unicode>difeours</Unicode>
                    </TextEquiv>
                    <TextStyle fontFamily="Times New Roman" fontSize="7.5"/>
                </Word>
                <Word id="w_w2aab1b1b2c19b9ac77" language="English" custom="readingOrder {index:6;}">
                    <Coords points="641,868 696,868 696,896 641,896"/>
                    <TextEquiv>
                        <Unicode>leur</Unicode>
                    </TextEquiv>
                    <TextStyle fontFamily="Times New Roman" fontSize="7.5"/>
                </Word>
                <Word id="w_w2aab1b1b2c19b9ac87" language="English" custom="readingOrder {index:7;}">
                    <Coords points="711,869 782,869 782,900 711,900"/>
                    <TextEquiv>
                        <Unicode>nuit,</Unicode>
                    </TextEquiv>
                    <TextStyle fontFamily="Times New Roman" fontSize="7.5"/>
                </Word>
                <TextEquiv>
                    <Unicode>Et s’aille inquieter, ſi ſon diſcours leur nuit,</Unicode>
                </TextEquiv>
                <TextStyle fontFamily="Times New Roman" fontSize="7.5"/>
            </TextLine>
            <TextEquiv>
                <Unicode>Et quand, charmante Eliſe, a-t'on veu s’il vous plaît,
Qu’on cherche auprés des Grands, que ſon propre interêt?
Qu'un parfait Courtiſan veüille charger leur ſuite,
D'un cenſeur des défauts, qu’on trouve en leur conduite;
Et s’aille inquieter, ſi ſon diſcours leur nuit,</Unicode>
            </TextEquiv>
        </TextRegion>
        <TextRegion type="paragraph" id="r_1_11" custom="readingOrder {index:10;}">
            <Coords points="110,904 793,904 793,953 110,953"/>
            <TextLine id="tl_22" primaryLanguage="English" custom="readingOrder {index:0;}">
                <Coords points="111,905 792,905 792,952 111,952"/>
                <Baseline points="111,934 231,936 296,934 336,936 457,936 504,936 568,935 697,935 792,935"/>
                <Word id="w_w2aab1b1b2c21b1ab1" language="English" custom="readingOrder {index:0;}">
                    <Coords points="111,906 231,906 231,936 111,936"/>
                    <TextEquiv>
                        <Unicode>Pourvcu</Unicode>
                    </TextEquiv>
                    <TextStyle fontFamily="Times New Roman" fontSize="7.5"/>
                </Word>
                <Word id="w_w2aab1b1b2c21b1ac17" language="English" custom="readingOrder {index:1;}">
                    <Coords points="246,916 296,916 296,947 246,947"/>
                    <TextEquiv>
                        <Unicode>que</Unicode>
                    </TextEquiv>
                    <TextStyle fontFamily="Times New Roman" fontSize="7.5"/>
                </Word>
                <Word id="w_w2aab1b1b2c21b1ac25" language="English" custom="readingOrder {index:2;}">
                    <Coords points="311,905 336,905 336,936 311,936"/>
                    <TextEquiv>
                        <Unicode>fa</Unicode>
                    </TextEquiv>
                    <TextStyle fontFamily="Times New Roman" fontSize="7.5"/>
                </Word>
                <Word id="w_w2aab1b1b2c21b1ac31" language="English" custom="readingOrder {index:3;}">
                    <Coords points="354,906 457,906 457,937 354,937"/>
                    <TextEquiv>
                        <Unicode>fortune</Unicode>
                    </TextEquiv>
                    <TextStyle fontFamily="Times New Roman" fontSize="7.5"/>
                </Word>
                <Word id="w_w2aab1b1b2c21b1ac47" language="English" custom="readingOrder {index:4;}">
                    <Coords points="473,918 504,918 504,936 473,936"/>
                    <TextEquiv>
                        <Unicode>en</Unicode>
                    </TextEquiv>
                    <TextStyle fontFamily="Times New Roman" fontSize="7.5"/>
                </Word>
                <Word id="w_w2aab1b1b2c21b1ac53" language="English" custom="readingOrder {index:5;}">
                    <Coords points="520,909 568,909 568,936 520,936"/>
                    <TextEquiv>
                        <Unicode>tire</Unicode>
                    </TextEquiv>
                    <TextStyle fontFamily="Times New Roman" fontSize="7.5"/>
                </Word>
                <Word id="w_w2aab1b1b2c21b1ac63" language="English" custom="readingOrder {index:6;}">
                    <Coords points="581,907 697,907 697,952 581,952"/>
                    <TextEquiv>
                        <Unicode>cjuclqye</Unicode>
                    </TextEquiv>
                    <TextStyle fontFamily="Times New Roman" fontSize="7.5"/>
                </Word>
                <Word id="w_w2aab1b1b2c21b1ac81" language="English" custom="readingOrder {index:7;}">
                    <Coords points="713,906 792,906 792,936 713,936"/>
                    <TextEquiv>
                        <Unicode>fruit?</Unicode>
                    </TextEquiv>
                    <TextStyle fontFamily="Times New Roman" fontSize="7.5"/>
                </Word>
                <TextEquiv>
                    <Unicode>Pourveu que ſa fortune en tire quelque fruit?</Unicode>
                </TextEquiv>
                <TextStyle fontFamily="Times New Roman" fontSize="7.5"/>
            </TextLine>
            <TextEquiv>
                <Unicode>Pourveu que ſa fortune en tire quelque fruit?</Unicode>
            </TextEquiv>
        </TextRegion>
        <TextRegion type="paragraph" id="r_1_12" custom="readingOrder {index:11;}">
            <Coords points="106,945 915,945 915,1031 106,1031"/>
            <TextLine id="tl_23" primaryLanguage="English" custom="readingOrder {index:0;}">
                <Coords points="107,946 914,946 914,991 107,991"/>
                <Baseline points="107,981 184,980 228,980 330,980 393,980 430,979 486,983 569,979 607,978 717,976 763,975 832,976 914,976"/>
                <Word id="w_w2aab1b1b2c23b1ab1" language="English" custom="readingOrder {index:0;}">
                    <Coords points="107,955 184,955 184,981 107,981"/>
                    <TextEquiv>
                        <Unicode>Tout</Unicode>
                    </TextEquiv>
                    <TextStyle fontFamily="Times New Roman" fontSize="7.5"/>
                </Word>
                <Word id="w_w2aab1b1b2c23b1ac11" language="English" custom="readingOrder {index:1;}">
                    <Coords points="200,959 228,959 228,980 200,980"/>
                    <TextEquiv>
                        <Unicode>ce</Unicode>
                    </TextEquiv>
                    <TextStyle fontFamily="Times New Roman" fontSize="7.5"/>
                </Word>
                <Word id="w_w2aab1b1b2c23b1ac17" language="English" custom="readingOrder {index:2;}">
                    <Coords points="245,952 330,952 330,991 245,991"/>
                    <TextEquiv>
                        <Unicode>qu’on</Unicode>
                    </TextEquiv>
                    <TextStyle fontFamily="Times New Roman" fontSize="7.5"/>
                </Word>
                <Word id="w_w2aab1b1b2c23b1ac29" language="English" custom="readingOrder {index:3;}">
                    <Coords points="347,950 393,950 393,980 347,980"/>
                    <TextEquiv>
                        <Unicode>fait</Unicode>
                    </TextEquiv>
                    <TextStyle fontFamily="Times New Roman" fontSize="7.5"/>
                </Word>
                <Word id="w_w2aab1b1b2c23b1ac39" language="English" custom="readingOrder {index:4;}">
                    <Coords points="400,960 430,960 430,980 400,980"/>
                    <TextEquiv>
                        <Unicode>ne</Unicode>
                    </TextEquiv>
                    <TextStyle fontFamily="Times New Roman" fontSize="7.5"/>
                </Word>
                <Word id="w_w2aab1b1b2c23b1ac45" language="English" custom="readingOrder {index:5;}">
                    <Coords points="439,960 486,960 486,983 439,983"/>
                    <TextEquiv>
                        <Unicode>va,</Unicode>
                    </TextEquiv>
                    <TextStyle fontFamily="Times New Roman" fontSize="7.5"/>
                </Word>
                <Word id="w_w2aab1b1b2c23b1ac53" language="English" custom="readingOrder {index:6;}">
                    <Coords points="506,947 569,947 569,990 506,990"/>
                    <TextEquiv>
                        <Unicode>qu'à</Unicode>
                    </TextEquiv>
                    <TextStyle fontFamily="Times New Roman" fontSize="7.5"/>
                </Word>
                <Word id="w_w2aab1b1b2c23b1ac63" language="English" custom="readingOrder {index:7;}">
                    <Coords points="582,948 607,948 607,978 582,978"/>
                    <TextEquiv>
                        <Unicode>ic</Unicode>
                    </TextEquiv>
                    <TextStyle fontFamily="Times New Roman" fontSize="7.5"/>
                </Word>
                <Word id="w_w2aab1b1b2c23b1ac69" language="English" custom="readingOrder {index:8;}">
                    <Coords points="621,956 717,956 717,978 621,978"/>
                    <TextEquiv>
                        <Unicode>mettre</Unicode>
                    </TextEquiv>
                    <TextStyle fontFamily="Times New Roman" fontSize="7.5"/>
                </Word>
                <Word id="w_w2aab1b1b2c23b1ac83" language="English" custom="readingOrder {index:9;}">
                    <Coords points="731,957 763,957 763,976 731,976"/>
                    <TextEquiv>
                        <Unicode>en</Unicode>
                    </TextEquiv>
                    <TextStyle fontFamily="Times New Roman" fontSize="7.5"/>
                </Word>
                <Word id="w_w2aab1b1b2c23b1ac89" language="English" custom="readingOrder {index:10;}">
                    <Coords points="778,946 832,946 832,976 778,976"/>
                    <TextEquiv>
                        <Unicode>leur</Unicode>
                    </TextEquiv>
                    <TextStyle fontFamily="Times New Roman" fontSize="7.5"/>
                </Word>
                <Word id="w_w2aab1b1b2c23b1ac99" language="English" custom="readingOrder {index:11;}">
                    <Coords points="840,956 914,956 914,988 840,988"/>
                    <TextEquiv>
                        <Unicode>grâce</Unicode>
                    </TextEquiv>
                    <TextStyle fontFamily="Times New Roman" fontSize="7.5"/>
                </Word>
                <TextEquiv>
                    <Unicode>Tout ce qu’on fait ne va, qu'à ſe mettre en leur grace</Unicode>
                </TextEquiv>
                <TextStyle fontFamily="Times New Roman" fontSize="7.5"/>
            </TextLine>
            <TextLine id="tl_24" primaryLanguage="English" custom="readingOrder {index:1;}">
                <Coords points="110,986 842,986 842,1030 110,1030"/>
                <Baseline points="110,1021 159,1019 198,1020 272,1020 376,1018 472,1022 524,1019 548,1030 674,1016 739,1015 842,1020"/>
                <Word id="w_w2aab1b1b2c23b3ab1" language="English" custom="readingOrder {index:0;}">
                    <Coords points="110,993 159,993 159,1021 110,1021"/>
                    <TextEquiv>
                        <Unicode>Par</Unicode>
                    </TextEquiv>
                    <TextStyle fontFamily="Times New Roman" fontSize="7.5"/>
                </Word>
                <Word id="w_w2aab1b1b2c23b3ab9" language="English" custom="readingOrder {index:1;}">
                    <Coords points="175,989 198,989 198,1020 175,1020"/>
                    <TextEquiv>
                        <Unicode>la</Unicode>
                    </TextEquiv>
                    <TextStyle fontFamily="Times New Roman" fontSize="7.5"/>
                </Word>
                <Word id="w_w2aab1b1b2c23b3ac15" language="English" custom="readingOrder {index:2;}">
                    <Coords points="213,991 272,991 272,1030 213,1030"/>
                    <TextEquiv>
                        <Unicode>plus</Unicode>
                    </TextEquiv>
                    <TextStyle fontFamily="Times New Roman" fontSize="7.5"/>
                </Word>
                <Word id="w_w2aab1b1b2c23b3ac25" language="English" custom="readingOrder {index:3;}">
                    <Coords points="286,1000 376,1000 376,1019 286,1019"/>
                    <TextEquiv>
                        <Unicode>courte</Unicode>
                    </TextEquiv>
                    <TextStyle fontFamily="Times New Roman" fontSize="7.5"/>
                </Word>
                <Word id="w_w2aab1b1b2c23b3ac39" language="English" custom="readingOrder {index:4;}">
                    <Coords points="390,1000 472,1000 472,1030 390,1030"/>
                    <TextEquiv>
                        <Unicode>voye,</Unicode>
                    </TextEquiv>
                    <TextStyle fontFamily="Times New Roman" fontSize="7.5"/>
                </Word>
                <Word id="w_w2aab1b1b2c23b3ac51" language="English" custom="readingOrder {index:5;}">
                    <Coords points="489,1002 524,1002 524,1019 489,1019"/>
                    <TextEquiv>
                        <Unicode>on</Unicode>
                    </TextEquiv>
                    <TextStyle fontFamily="Times New Roman" fontSize="7.5"/>
                </Word>
                <Word id="w_w2aab1b1b2c23b3ac57" language="English" custom="readingOrder {index:6;}">
                    <Coords points="534,1000 548,1000 548,1030 534,1030"/>
                    <TextEquiv>
                        <Unicode>y</Unicode>
                    </TextEquiv>
                    <TextStyle fontFamily="Times New Roman" fontSize="7.5"/>
                </Word>
                <Word id="w_w2aab1b1b2c23b3ac61" language="English" custom="readingOrder {index:7;}">
                    <Coords points="564,988 674,988 674,1018 564,1018"/>
                    <TextEquiv>
                        <Unicode>cherche</Unicode>
                    </TextEquiv>
                    <TextStyle fontFamily="Times New Roman" fontSize="7.5"/>
                </Word>
                <Word id="w_w2aab1b1b2c23b3ac77" language="English" custom="readingOrder {index:8;}">
                    <Coords points="688,997 739,997 739,1016 688,1016"/>
                    <TextEquiv>
                        <Unicode>une</Unicode>
                    </TextEquiv>
                    <TextStyle fontFamily="Times New Roman" fontSize="7.5"/>
                </Word>
                <Word id="w_w2aab1b1b2c23b3ac85" language="English" custom="readingOrder {index:9;}">
                    <Coords points="755,986 842,986 842,1025 755,1025"/>
                    <TextEquiv>
                        <Unicode>place;</Unicode>
                    </TextEquiv>
                    <TextStyle fontFamily="Times New Roman" fontSize="7.5"/>
                </Word>
                <TextEquiv>
                    <Unicode>Par la plus courte voye, on y cherche une place;</Unicode>
                </TextEquiv>
                <TextStyle fontFamily="Times New Roman" fontSize="7.5"/>
            </TextLine>
            <TextEquiv>
                <Unicode>Tout ce qu’on fait ne va, qu'à ſe mettre en leur grace
Par la plus courte voye, on y cherche une place;</Unicode>
            </TextEquiv>
        </TextRegion>
        <TextRegion type="paragraph" id="r_1_13" custom="readingOrder {index:12;}">
            <Coords points="108,1024 880,1024 880,1151 108,1151"/>
            <TextLine id="tl_25" primaryLanguage="English" custom="readingOrder {index:0;}">
                <Coords points="110,1025 879,1025 879,1073 110,1073"/>
                <Baseline points="110,1061 144,1059 194,1060 264,1060 398,1059 524,1057 570,1057 683,1056 754,1054 879,1063"/>
                <Word id="w_w2aab1b1b2c25b1ab1" language="English" custom="readingOrder {index:0;}">
                    <Coords points="110,1031 144,1031 144,1061 110,1061"/>
                    <TextEquiv>
                        <Unicode>Et</Unicode>
                    </TextEquiv>
                    <TextStyle fontFamily="Times New Roman" fontSize="7.5"/>
                </Word>
                <Word id="w_w2aab1b1b2c25b1ab7" language="English" custom="readingOrder {index:1;}">
                    <Coords points="158,1031 194,1031 194,1060 158,1060"/>
                    <TextEquiv>
                        <Unicode>les</Unicode>
                    </TextEquiv>
                    <TextStyle fontFamily="Times New Roman" fontSize="7.5"/>
                </Word>
                <Word id="w_w2aab1b1b2c25b1ac15" language="English" custom="readingOrder {index:2;}">
                    <Coords points="208,1031 264,1031 264,1073 208,1073"/>
                    <TextEquiv>
                        <Unicode>plus</Unicode>
                    </TextEquiv>
                    <TextStyle fontFamily="Times New Roman" fontSize="7.5"/>
                </Word>
                <Word id="w_w2aab1b1b2c25b1ac25" language="English" custom="readingOrder {index:3;}">
                    <Coords points="279,1040 398,1040 398,1070 279,1070"/>
                    <TextEquiv>
                        <Unicode>prompts</Unicode>
                    </TextEquiv>
                    <TextStyle fontFamily="Times New Roman" fontSize="7.5"/>
                </Word>
                <Word id="w_w2aab1b1b2c25b1ac41" language="English" custom="readingOrder {index:4;}">
                    <Coords points="414,1040 524,1040 524,1068 414,1068"/>
                    <TextEquiv>
                        <Unicode>moyens</Unicode>
                    </TextEquiv>
                    <TextStyle fontFamily="Times New Roman" fontSize="7.5"/>
                </Word>
                <Word id="w_w2aab1b1b2c25b1ac55" language="English" custom="readingOrder {index:5;}">
                    <Coords points="539,1029 570,1029 570,1058 539,1058"/>
                    <TextEquiv>
                        <Unicode>de</Unicode>
                    </TextEquiv>
                    <TextStyle fontFamily="Times New Roman" fontSize="7.5"/>
                </Word>
                <Word id="w_w2aab1b1b2c25b1ac61" language="English" custom="readingOrder {index:6;}">
                    <Coords points="585,1038 683,1038 683,1069 585,1069"/>
                    <TextEquiv>
                        <Unicode>gagner</Unicode>
                    </TextEquiv>
                    <TextStyle fontFamily="Times New Roman" fontSize="7.5"/>
                </Word>
                <Word id="w_w2aab1b1b2c25b1ac75" language="English" custom="readingOrder {index:7;}">
                    <Coords points="700,1027 754,1027 754,1055 700,1055"/>
                    <TextEquiv>
                        <Unicode>leur</Unicode>
                    </TextEquiv>
                    <TextStyle fontFamily="Times New Roman" fontSize="7.5"/>
                </Word>
                <Word id="w_w2aab1b1b2c25b1ac85" language="English" custom="readingOrder {index:8;}">
                    <Coords points="772,1025 879,1025 879,1063 772,1063"/>
                    <TextEquiv>
                        <Unicode>faveur,</Unicode>
                    </TextEquiv>
                    <TextStyle fontFamily="Times New Roman" fontSize="7.5"/>
                </Word>
                <TextEquiv>
                    <Unicode>Et les plus prompts moyens de gagner leur faveur,</Unicode>
                </TextEquiv>
                <TextStyle fontFamily="Times New Roman" fontSize="7.5"/>
            </TextLine>
            <TextLine id="tl_26" primaryLanguage="English" custom="readingOrder {index:1;}">
                <Coords points="109,1058 814,1058 814,1107 109,1107"/>
                <Baseline points="109,1099 144,1081 214,1098 318,1098 452,1098 489,1097 587,1096 636,1096 709,1095 798,1094 814,1095"/>
                <Word id="w_w2aab1b1b2c25b3ab1" language="English" custom="readingOrder {index:0;}">
                    <Coords points="109,1058 183,1058 183,1099 109,1099"/>
                    <TextEquiv>
                        <Unicode>C’cfl</Unicode>
                    </TextEquiv>
                    <TextStyle fontFamily="Times New Roman" fontSize="7.5"/>
                </Word>
                <Word id="w_w2aab1b1b2c25b3b1b1" language="English" custom="readingOrder {index:1;}">
                    <Coords points="198,1058 230,1058 230,1098 198,1098"/>
                    <TextEquiv>
                        <Unicode>Je</Unicode>
                    </TextEquiv>
                    <TextStyle fontFamily="Times New Roman" fontSize="8.0" bold="true"/>
                </Word>
                <Word id="w_w2aab1b1b2c25b3b2b1" language="English" custom="readingOrder {index:2;}">
                    <Coords points="244,1071 318,1071 318,1099 244,1099"/>
                    <TextEquiv>
                        <Unicode>dater</Unicode>
                    </TextEquiv>
                    <TextStyle fontFamily="Times New Roman" fontSize="7.5"/>
                </Word>
                <Word id="w_w2aab1b1b2c25b3b2c13" language="English" custom="readingOrder {index:3;}">
                    <Coords points="334,1071 452,1071 452,1107 334,1107"/>
                    <TextEquiv>
                        <Unicode>toujours</Unicode>
                    </TextEquiv>
                    <TextStyle fontFamily="Times New Roman" fontSize="7.5"/>
                </Word>
                <Word id="w_w2aab1b1b2c25b3b2c31" language="English" custom="readingOrder {index:4;}">
                    <Coords points="467,1070 489,1070 489,1098 467,1098"/>
                    <TextEquiv>
                        <Unicode>le</Unicode>
                    </TextEquiv>
                    <TextStyle fontFamily="Times New Roman" fontSize="7.5"/>
                </Word>
                <Word id="w_w2aab1b1b2c25b3b2c37" language="English" custom="readingOrder {index:5;}">
                    <Coords points="506,1068 587,1068 587,1098 506,1098"/>
                    <TextEquiv>
                        <Unicode>foible</Unicode>
                    </TextEquiv>
                    <TextStyle fontFamily="Times New Roman" fontSize="7.5"/>
                </Word>
                <Word id="w_w2aab1b1b2c25b3b2c51" language="English" custom="readingOrder {index:6;}">
                    <Coords points="603,1068 636,1068 636,1096 603,1096"/>
                    <TextEquiv>
                        <Unicode>de</Unicode>
                    </TextEquiv>
                    <TextStyle fontFamily="Times New Roman" fontSize="7.5"/>
                </Word>
                <Word id="w_w2aab1b1b2c25b3b2c57" language="English" custom="readingOrder {index:7;}">
                    <Coords points="653,1067 709,1067 709,1096 653,1096"/>
                    <TextEquiv>
                        <Unicode>leur</Unicode>
                    </TextEquiv>
                    <TextStyle fontFamily="Times New Roman" fontSize="7.5"/>
                </Word>
                <Word id="w_w2aab1b1b2c25b3b2c67" language="English" custom="readingOrder {index:8;}">
                    <Coords points="724,1075 798,1075 798,1094 724,1094"/>
                    <TextEquiv>
                        <Unicode>coeur</Unicode>
                    </TextEquiv>
                    <TextStyle fontFamily="Times New Roman" fontSize="7.5"/>
                </Word>
                <Word id="w_w2aab1b1b2c25b3b2c79" language="English" custom="readingOrder {index:9;}">
                    <Coords points="807,1077 814,1077 814,1095 807,1095"/>
                    <TextEquiv>
                        <Unicode>:</Unicode>
                    </TextEquiv>
                    <TextStyle fontFamily="Times New Roman" fontSize="7.5"/>
                </Word>
                <TextEquiv>
                    <Unicode>C’eſt de flater toûjours le foible de leur cœur:</Unicode>
                </TextEquiv>
            </TextLine>
            <TextLine id="tl_27" primaryLanguage="English" custom="readingOrder {index:2;}">
                <Coords points="110,1104 826,1104 826,1150 110,1150"/>
                <Baseline points="110,1138 282,1137 328,1137 450,1137 482,1137 525,1136 618,1136 736,1135 826,1139"/>
                <Word id="w_w2aab1b1b2c25b5ab1" language="English" custom="readingOrder {index:0;}">
                    <Coords points="110,1109 282,1109 282,1148 110,1148"/>
                    <TextEquiv>
                        <Unicode>D’applaudir</Unicode>
                    </TextEquiv>
                    <TextStyle fontFamily="Times New Roman" fontSize="7.5"/>
                </Word>
                <Word id="w_w2aab1b1b2c25b5ac25" language="English" custom="readingOrder {index:1;}">
                    <Coords points="296,1120 328,1120 328,1137 296,1137"/>
                    <TextEquiv>
                        <Unicode>en</Unicode>
                    </TextEquiv>
                    <TextStyle fontFamily="Times New Roman" fontSize="7.5"/>
                </Word>
                <Word id="w_w2aab1b1b2c25b5ac31" language="English" custom="readingOrder {index:2;}">
                    <Coords points="344,1109 450,1109 450,1150 344,1150"/>
                    <TextEquiv>
                        <Unicode>aveugle</Unicode>
                    </TextEquiv>
                    <TextStyle fontFamily="Times New Roman" fontSize="7.5"/>
                </Word>
                <Word id="w_w2aab1b1b2c25b5ac47" language="English" custom="readingOrder {index:3;}">
                    <Coords points="467,1109 482,1109 482,1137 467,1137"/>
                    <TextEquiv>
                        <Unicode>à</Unicode>
                    </TextEquiv>
                    <TextStyle fontFamily="Times New Roman" fontSize="7.5"/>
                </Word>
                <Word id="w_w2aab1b1b2c25b5ac51" language="English" custom="readingOrder {index:4;}">
                    <Coords points="496,1119 525,1119 525,1136 496,1136"/>
                    <TextEquiv>
                        <Unicode>ce</Unicode>
                    </TextEquiv>
                    <TextStyle fontFamily="Times New Roman" fontSize="7.5"/>
                </Word>
                <Word id="w_w2aab1b1b2c25b5ac57" language="English" custom="readingOrder {index:5;}">
                    <Coords points="540,1108 618,1108 618,1146 540,1146"/>
                    <TextEquiv>
                        <Unicode>qu'ils</Unicode>
                    </TextEquiv>
                    <TextStyle fontFamily="Times New Roman" fontSize="7.5"/>
                </Word>
                <Word id="w_w2aab1b1b2c25b5ac71" language="English" custom="readingOrder {index:6;}">
                    <Coords points="631,1106 736,1106 736,1136 631,1136"/>
                    <TextEquiv>
                        <Unicode>veulent</Unicode>
                    </TextEquiv>
                    <TextStyle fontFamily="Times New Roman" fontSize="7.5"/>
                </Word>
                <Word id="w_w2aab1b1b2c25b5ac87" language="English" custom="readingOrder {index:7;}">
                    <Coords points="742,1104 826,1104 826,1139 742,1139"/>
                    <TextEquiv>
                        <Unicode>faire,</Unicode>
                    </TextEquiv>
                    <TextStyle fontFamily="Times New Roman" fontSize="7.5"/>
                </Word>
                <TextEquiv>
                    <Unicode>D’applaudir en aveugle à ce qu'ils veulent faire,</Unicode>
                </TextEquiv>
                <TextStyle fontFamily="Times New Roman" fontSize="7.5"/>
            </TextLine>
            <TextEquiv>
                <Unicode>Et les plus prompts moyens de gagner leur faveur,
C’eſt de flater toûjours le foible de leur cœur:
D’applaudir en aveugle à ce qu'ils veulent faire,</Unicode>
            </TextEquiv>
        </TextRegion>
        <TextRegion type="paragraph" id="r_1_14" custom="readingOrder {index:13;}">
            <Coords points="109,1145 818,1147 818,1237 109,1235"/>
            <TextLine id="tl_28" primaryLanguage="English" custom="readingOrder {index:0;}">
                <Coords points="110,1146 806,1146 806,1187 110,1187"/>
                <Baseline points="110,1178 144,1176 299,1176 406,1177 448,1176 509,1176 584,1175 654,1174 784,1172 802,1178"/>
                <Word id="w_w2aab1b1b2c27b1ab1" language="English" custom="readingOrder {index:0;}">
                    <Coords points="110,1150 144,1150 144,1178 110,1178"/>
                    <TextEquiv>
                        <Unicode>Et</Unicode>
                    </TextEquiv>
                    <TextStyle fontFamily="Times New Roman" fontSize="7.5"/>
                </Word>
                <Word id="w_w2aab1b1b2c27b1ab7" language="English" custom="readingOrder {index:1;}">
                    <Coords points="160,1151 299,1151 299,1187 160,1187"/>
                    <TextEquiv>
                        <Unicode>u'appuyer</Unicode>
                    </TextEquiv>
                    <TextStyle fontFamily="Times New Roman" fontSize="7.5"/>
                </Word>
                <Word id="w_w2aab1b1b2c27b1ac27" language="English" custom="readingOrder {index:2;}">
                    <Coords points="313,1149 406,1149 406,1185 313,1185"/>
                    <TextEquiv>
                        <Unicode>jamais</Unicode>
                    </TextEquiv>
                    <TextStyle fontFamily="Times New Roman" fontSize="7.5"/>
                </Word>
                <Word id="w_w2aab1b1b2c27b1ac41" language="English" custom="readingOrder {index:3;}">
                    <Coords points="420,1158 448,1158 448,1176 420,1176"/>
                    <TextEquiv>
                        <Unicode>ce</Unicode>
                    </TextEquiv>
                    <TextStyle fontFamily="Times New Roman" fontSize="7.5"/>
                </Word>
                <Word id="w_w2aab1b1b2c27b1ac47" language="English" custom="readingOrder {index:4;}">
                    <Coords points="463,1150 509,1150 509,1186 463,1186"/>
                    <TextEquiv>
                        <Unicode>qui</Unicode>
                    </TextEquiv>
                    <TextStyle fontFamily="Times New Roman" fontSize="7.5"/>
                </Word>
                <Word id="w_w2aab1b1b2c27b1ac55" language="English" custom="readingOrder {index:5;}">
                    <Coords points="524,1156 584,1156 584,1186 524,1186"/>
                    <TextEquiv>
                        <Unicode>peut</Unicode>
                    </TextEquiv>
                    <TextStyle fontFamily="Times New Roman" fontSize="7.5"/>
                </Word>
                <Word id="w_w2aab1b1b2c27b1ac65" language="English" custom="readingOrder {index:6;}">
                    <Coords points="602,1147 654,1147 654,1176 602,1176"/>
                    <TextEquiv>
                        <Unicode>leur</Unicode>
                    </TextEquiv>
                    <TextStyle fontFamily="Times New Roman" fontSize="7.5"/>
                </Word>
                <Word id="w_w2aab1b1b2c27b1ac75" language="English" custom="readingOrder {index:7;}">
                    <Coords points="671,1146 784,1146 784,1185 671,1185"/>
                    <TextEquiv>
                        <Unicode>déplaire</Unicode>
                    </TextEquiv>
                    <TextStyle fontFamily="Times New Roman" fontSize="7.5"/>
                </Word>
                <Word id="w_w2aab1b1b2c27b1ac93" language="English" custom="readingOrder {index:8;}">
                    <Coords points="794,1157 802,1157 802,1185 794,1185"/>
                    <TextEquiv>
                        <Unicode>;</Unicode>
                    </TextEquiv>
                    <TextStyle fontFamily="Times New Roman" fontSize="7.5"/>
                </Word>
                <TextEquiv>
                    <Unicode>Et n'appuyer jamais ce qui peut leur déplaire;</Unicode>
                </TextEquiv>
            </TextLine>
            <TextLine id="tl_29" primaryLanguage="English" custom="readingOrder {index:1;}">
                <Coords points="110,1185 817,1185 817,1234 110,1234"/>
                <Baseline points="110,1216 182,1215 222,1216 262,1215 331,1215 423,1216 518,1214 594,1215 703,1214 796,1212 817,1218"/>
                <Word id="w_w2aab1b1b2c27b3ab1" language="English" custom="readingOrder {index:0;}">
                    <Coords points="110,1186 182,1186 182,1216 110,1216"/>
                    <TextEquiv>
                        <Unicode>C’efl</Unicode>
                    </TextEquiv>
                    <TextStyle fontFamily="Times New Roman" fontSize="7.5"/>
                </Word>
                <Word id="w_w2aab1b1b2c27b3ac13" language="English" custom="readingOrder {index:1;}">
                    <Coords points="198,1188 222,1188 222,1216 198,1216"/>
                    <TextEquiv>
                        <Unicode>là</Unicode>
                    </TextEquiv>
                    <TextStyle fontFamily="Times New Roman" fontSize="7.5"/>
                </Word>
                <Word id="w_w2aab1b1b2c27b3ac19" language="English" custom="readingOrder {index:2;}">
                    <Coords points="239,1186 262,1186 262,1215 239,1215"/>
                    <TextEquiv>
                        <Unicode>le</Unicode>
                    </TextEquiv>
                    <TextStyle fontFamily="Times New Roman" fontSize="7.5"/>
                </Word>
                <Word id="w_w2aab1b1b2c27b3ac25" language="English" custom="readingOrder {index:3;}">
                    <Coords points="278,1189 331,1189 331,1215 278,1215"/>
                    <TextEquiv>
                        <Unicode>vrai</Unicode>
                    </TextEquiv>
                    <TextStyle fontFamily="Times New Roman" fontSize="7.5"/>
                </Word>
                <Word id="w_w2aab1b1b2c27b3ac35" language="English" custom="readingOrder {index:4;}">
                    <Coords points="346,1186 423,1186 423,1216 346,1216"/>
                    <TextEquiv>
                        <Unicode>fecret</Unicode>
                    </TextEquiv>
                    <TextStyle fontFamily="Times New Roman" fontSize="7.5"/>
                </Word>
                <Word id="w_w2aab1b1b2c27b3ac49" language="English" custom="readingOrder {index:5;}">
                    <Coords points="438,1187 518,1187 518,1216 438,1216"/>
                    <TextEquiv>
                        <Unicode>d’être</Unicode>
                    </TextEquiv>
                    <TextStyle fontFamily="Times New Roman" fontSize="7.5"/>
                </Word>
                <Word id="w_w2aab1b1b2c27b3ac63" language="English" custom="readingOrder {index:6;}">
                    <Coords points="534,1188 594,1188 594,1215 534,1215"/>
                    <TextEquiv>
                        <Unicode>bien</Unicode>
                    </TextEquiv>
                    <TextStyle fontFamily="Times New Roman" fontSize="7.5"/>
                </Word>
                <Word id="w_w2aab1b1b2c27b3ac73" language="English" custom="readingOrder {index:7;}">
                    <Coords points="611,1186 703,1186 703,1234 611,1234"/>
                    <TextEquiv>
                        <Unicode>auprès</Unicode>
                    </TextEquiv>
                    <TextStyle fontFamily="Times New Roman" fontSize="7.5"/>
                </Word>
                <Word id="w_w2aab1b1b2c27b3ac87" language="English" custom="readingOrder {index:8;}">
                    <Coords points="718,1185 796,1185 796,1214 718,1214"/>
                    <TextEquiv>
                        <Unicode>d’eux</Unicode>
                    </TextEquiv>
                    <TextStyle fontFamily="Times New Roman" fontSize="7.5"/>
                </Word>
                <Word id="w_w2aab1b1b2c27b3ac99" language="English" custom="readingOrder {index:9;}">
                    <Coords points="808,1204 817,1204 817,1218 808,1218"/>
                    <TextEquiv>
                        <Unicode>,</Unicode>
                    </TextEquiv>
                    <TextStyle fontFamily="Times New Roman" fontSize="7.5"/>
                </Word>
                <TextEquiv>
                    <Unicode>C’eſt là le vrai ſecret d’être bien auprés d’eux,</Unicode>
                </TextEquiv>
                <TextStyle fontFamily="Times New Roman" fontSize="7.5"/>
            </TextLine>
            <TextEquiv>
                <Unicode>Et n'appuyer jamais ce qui peut leur déplaire;
C’eſt là le vrai ſecret d’être bien auprés d’eux,</Unicode>
            </TextEquiv>
        </TextRegion>
        <TextRegion type="paragraph" id="r_1_15" custom="readingOrder {index:14;}">
            <Coords points="110,1223 766,1223 766,1267 110,1267"/>
            <TextLine id="tl_30" primaryLanguage="English" custom="readingOrder {index:0;}">
                <Coords points="111,1224 765,1224 765,1266 111,1266"/>
                <Baseline points="111,1255 160,1255 249,1254 372,1255 446,1254 542,1254 624,1254 745,1253 765,1256"/>
                <Word id="w_w2aab1b1b2c29b1ab1" language="English" custom="readingOrder {index:0;}">
                    <Coords points="111,1228 160,1228 160,1255 111,1255"/>
                    <TextEquiv>
                        <Unicode>Les</Unicode>
                    </TextEquiv>
                    <TextStyle fontFamily="Times New Roman" fontSize="7.5"/>
                </Word>
                <Word id="w_w2aab1b1b2c29b1ab9" language="English" custom="readingOrder {index:1;}">
                    <Coords points="174,1226 249,1226 249,1255 174,1255"/>
                    <TextEquiv>
                        <Unicode>utiles</Unicode>
                    </TextEquiv>
                    <TextStyle fontFamily="Times New Roman" fontSize="7.5"/>
                </Word>
                <Word id="w_w2aab1b1b2c29b1ac23" language="English" custom="readingOrder {index:2;}">
                    <Coords points="263,1224 372,1224 372,1255 263,1255"/>
                    <TextEquiv>
                        <Unicode>confcils</Unicode>
                    </TextEquiv>
                    <TextStyle fontFamily="Times New Roman" fontSize="7.5"/>
                </Word>
                <Word id="w_w2aab1b1b2c29b1ac41" language="English" custom="readingOrder {index:3;}">
                    <Coords points="388,1225 446,1225 446,1255 388,1255"/>
                    <TextEquiv>
                        <Unicode>font</Unicode>
                    </TextEquiv>
                    <TextStyle fontFamily="Times New Roman" fontSize="7.5"/>
                </Word>
                <Word id="w_w2aab1b1b2c29b1ac51" language="English" custom="readingOrder {index:4;}">
                    <Coords points="460,1226 542,1226 542,1266 460,1266"/>
                    <TextEquiv>
                        <Unicode>palier</Unicode>
                    </TextEquiv>
                    <TextStyle fontFamily="Times New Roman" fontSize="7.5"/>
                </Word>
                <Word id="w_w2aab1b1b2c29b1ac65" language="English" custom="readingOrder {index:5;}">
                    <Coords points="558,1236 624,1236 624,1264 558,1264"/>
                    <TextEquiv>
                        <Unicode>pour</Unicode>
                    </TextEquiv>
                    <TextStyle fontFamily="Times New Roman" fontSize="7.5"/>
                </Word>
                <Word id="w_w2aab1b1b2c29b1ac75" language="English" custom="readingOrder {index:6;}">
                    <Coords points="632,1225 745,1225 745,1254 632,1254"/>
                    <TextEquiv>
                        <Unicode>fâcheux</Unicode>
                    </TextEquiv>
                    <TextStyle fontFamily="Times New Roman" fontSize="7.5"/>
                </Word>
                <Word id="w_w2aab1b1b2c29b1ac91" language="English" custom="readingOrder {index:7;}">
                    <Coords points="757,1243 765,1243 765,1256 757,1256"/>
                    <TextEquiv>
                        <Unicode>,</Unicode>
                    </TextEquiv>
                    <TextStyle fontFamily="Times New Roman" fontSize="7.5"/>
                </Word>
                <TextEquiv>
                    <Unicode>Les utiles conſeils font paſſer pour fâcheux,</Unicode>
                </TextEquiv>
                <TextStyle fontFamily="Times New Roman" fontSize="7.5"/>
            </TextLine>
            <TextEquiv>
                <Unicode>Les utiles conſeils font paſſer pour fâcheux,</Unicode>
            </TextEquiv>
        </TextRegion>
        <TextRegion type="paragraph" id="r_1_16" custom="readingOrder {index:15;}">
            <Coords points="110,1262 815,1262 815,1305 110,1305"/>
            <TextLine id="tl_31" primaryLanguage="English" custom="readingOrder {index:0;}">
                <Coords points="111,1263 814,1263 814,1304 111,1304"/>
                <Baseline points="111,1295 144,1294 222,1295 336,1294 467,1294 544,1294 589,1292 628,1294 814,1297"/>
                <Word id="w_w2aab1b1b2c31b1ab1" language="English" custom="readingOrder {index:0;}">
                    <Coords points="111,1267 144,1267 144,1295 111,1295"/>
                    <TextEquiv>
                        <Unicode>Et</Unicode>
                    </TextEquiv>
                    <TextStyle fontFamily="Times New Roman" fontSize="7.5"/>
                </Word>
                <Word id="w_w2aab1b1b2c31b1ab7" language="English" custom="readingOrder {index:1;}">
                    <Coords points="158,1276 222,1276 222,1295 158,1295"/>
                    <TextEquiv>
                        <Unicode>vous</Unicode>
                    </TextEquiv>
                    <TextStyle fontFamily="Times New Roman" fontSize="7.5"/>
                </Word>
                <Word id="w_w2aab1b1b2c31b1ac17" language="English" custom="readingOrder {index:2;}">
                    <Coords points="236,1264 336,1264 336,1295 236,1295"/>
                    <TextEquiv>
                        <Unicode>lailTcnt</Unicode>
                    </TextEquiv>
                    <TextStyle fontFamily="Times New Roman" fontSize="7.5"/>
                </Word>
                <Word id="w_w2aab1b1b2c31b1ac35" language="English" custom="readingOrder {index:3;}">
                    <Coords points="349,1266 467,1266 467,1304 349,1304"/>
                    <TextEquiv>
                        <Unicode>toujours</Unicode>
                    </TextEquiv>
                    <TextStyle fontFamily="Times New Roman" fontSize="7.5"/>
                </Word>
                <Word id="w_w2aab1b1b2c31b1ac53" language="English" custom="readingOrder {index:4;}">
                    <Coords points="483,1266 544,1266 544,1294 483,1294"/>
                    <TextEquiv>
                        <Unicode>hors</Unicode>
                    </TextEquiv>
                    <TextStyle fontFamily="Times New Roman" fontSize="7.5"/>
                </Word>
                <Word id="w_w2aab1b1b2c31b1ac63" language="English" custom="readingOrder {index:5;}">
                    <Coords points="558,1266 589,1266 589,1293 558,1293"/>
                    <TextEquiv>
                        <Unicode>de</Unicode>
                    </TextEquiv>
                    <TextStyle fontFamily="Times New Roman" fontSize="7.5"/>
                </Word>
                <Word id="w_w2aab1b1b2c31b1ac69" language="English" custom="readingOrder {index:6;}">
                    <Coords points="605,1265 628,1265 628,1294 605,1294"/>
                    <TextEquiv>
                        <Unicode>la</Unicode>
                    </TextEquiv>
                    <TextStyle fontFamily="Times New Roman" fontSize="7.5"/>
                </Word>
                <Word id="w_w2aab1b1b2c31b1ac75" language="English" custom="readingOrder {index:7;}">
                    <Coords points="644,1263 814,1263 814,1297 644,1297"/>
                    <TextEquiv>
                        <Unicode>confidence,</Unicode>
                    </TextEquiv>
                    <TextStyle fontFamily="Times New Roman" fontSize="7.5"/>
                </Word>
                <TextEquiv>
                    <Unicode>Et vous laiſſent toujours hors de la confidence,</Unicode>
                </TextEquiv>
                <TextStyle fontFamily="Times New Roman" fontSize="7.5"/>
            </TextLine>
            <TextEquiv>
                <Unicode>Et vous laiſſent toujours hors de la confidence,</Unicode>
            </TextEquiv>
        </TextRegion>
        <TextRegion type="paragraph" id="r_1_17" custom="readingOrder {index:16;}">
            <Coords points="108,1302 786,1302 786,1344 108,1344"/>
            <TextLine id="tl_32" primaryLanguage="English" custom="readingOrder {index:0;}">
                <Coords points="109,1303 785,1303 785,1343 109,1343"/>
                <Baseline points="109,1334 157,1334 236,1334 310,1334 434,1334 569,1332 785,1331"/>
                <Word id="w_w2aab1b1b2c33b1ab1" language="English" custom="readingOrder {index:0;}">
                    <Coords points="109,1306 157,1306 157,1334 109,1334"/>
                    <TextEquiv>
                        <Unicode>Où</Unicode>
                    </TextEquiv>
                    <TextStyle fontFamily="Times New Roman" fontSize="7.5"/>
                </Word>
                <Word id="w_w2aab1b1b2c33b1ab7" language="English" custom="readingOrder {index:1;}">
                    <Coords points="173,1316 236,1316 236,1334 173,1334"/>
                    <TextEquiv>
                        <Unicode>vous</Unicode>
                    </TextEquiv>
                    <TextStyle fontFamily="Times New Roman" fontSize="7.5"/>
                </Word>
                <Word id="w_w2aab1b1b2c33b1ac17" language="English" custom="readingOrder {index:2;}">
                    <Coords points="250,1306 310,1306 310,1343 250,1343"/>
                    <TextEquiv>
                        <Unicode>jette</Unicode>
                    </TextEquiv>
                    <TextStyle fontFamily="Times New Roman" fontSize="7.5"/>
                </Word>
                <Word id="w_w2aab1b1b2c33b1ac29" language="English" custom="readingOrder {index:3;}">
                    <Coords points="325,1305 434,1305 434,1335 325,1335"/>
                    <TextEquiv>
                        <Unicode>d’abord</Unicode>
                    </TextEquiv>
                    <TextStyle fontFamily="Times New Roman" fontSize="7.5"/>
                </Word>
                <Word id="w_w2aab1b1b2c33b1ac45" language="English" custom="readingOrder {index:4;}">
                    <Coords points="450,1304 569,1304 569,1334 450,1334"/>
                    <TextEquiv>
                        <Unicode>l'adroite</Unicode>
                    </TextEquiv>
                    <TextStyle fontFamily="Times New Roman" fontSize="7.5"/>
                </Word>
                <Word id="w_w2aab1b1b2c33b1ac65" language="English" custom="readingOrder {index:5;}">
                    <Coords points="584,1303 785,1303 785,1343 584,1343"/>
                    <TextEquiv>
                        <Unicode>complaifance.</Unicode>
                    </TextEquiv>
                    <TextStyle fontFamily="Times New Roman" fontSize="7.5"/>
                </Word>
                <TextEquiv>
                    <Unicode>Où vous jette d’abord l'adroite complaiſance.</Unicode>
                </TextEquiv>
                <TextStyle fontFamily="Times New Roman" fontSize="7.5"/>
            </TextLine>
            <TextEquiv>
                <Unicode>Où vous jette d’abord l'adroite complaiſance.</Unicode>
            </TextEquiv>
        </TextRegion>
        <TextRegion type="paragraph" id="r_1_18" custom="readingOrder {index:17;}">
            <Coords points="110,1340 842,1340 842,1385 110,1385"/>
            <TextLine id="tl_33" primaryLanguage="English" custom="readingOrder {index:0;}">
                <Coords points="111,1341 841,1341 841,1384 111,1384"/>
                <Baseline points="111,1373 190,1373 240,1374 310,1373 370,1372 459,1376 529,1371 604,1370 841,1375"/>
                <Word id="w_w2aab1b1b2c35b1ab1" language="English" custom="readingOrder {index:0;}">
                    <Coords points="111,1344 190,1344 190,1375 111,1375"/>
                    <TextEquiv>
                        <Unicode>Enfin</Unicode>
                    </TextEquiv>
                    <TextStyle fontFamily="Times New Roman" fontSize="7.5"/>
                </Word>
                <Word id="w_w2aab1b1b2c35b1ac13" language="English" custom="readingOrder {index:1;}">
                    <Coords points="204,1356 240,1356 240,1374 204,1374"/>
                    <TextEquiv>
                        <Unicode>on</Unicode>
                    </TextEquiv>
                    <TextStyle fontFamily="Times New Roman" fontSize="7.5"/>
                </Word>
                <Word id="w_w2aab1b1b2c35b1ac19" language="English" custom="readingOrder {index:2;}">
                    <Coords points="256,1346 310,1346 310,1373 256,1373"/>
                    <TextEquiv>
                        <Unicode>voit</Unicode>
                    </TextEquiv>
                    <TextStyle fontFamily="Times New Roman" fontSize="7.5"/>
                </Word>
                <Word id="w_w2aab1b1b2c35b1ac29" language="English" custom="readingOrder {index:3;}">
                    <Coords points="325,1355 370,1355 370,1384 325,1384"/>
                    <TextEquiv>
                        <Unicode>par</Unicode>
                    </TextEquiv>
                    <TextStyle fontFamily="Times New Roman" fontSize="7.5"/>
                </Word>
                <Word id="w_w2aab1b1b2c35b1ac37" language="English" custom="readingOrder {index:4;}">
                    <Coords points="386,1354 459,1354 459,1376 386,1376"/>
                    <TextEquiv>
                        <Unicode>tour,</Unicode>
                    </TextEquiv>
                    <TextStyle fontFamily="Times New Roman" fontSize="7.5"/>
                </Word>
                <Word id="w_w2aab1b1b2c35b1ac49" language="English" custom="readingOrder {index:5;}">
                    <Coords points="478,1354 529,1354 529,1383 478,1383"/>
                    <TextEquiv>
                        <Unicode>que</Unicode>
                    </TextEquiv>
                    <TextStyle fontFamily="Times New Roman" fontSize="7.5"/>
                </Word>
                <Word id="w_w2aab1b1b2c35b1ac57" language="English" custom="readingOrder {index:6;}">
                    <Coords points="546,1345 604,1345 604,1372 546,1372"/>
                    <TextEquiv>
                        <Unicode>l'art</Unicode>
                    </TextEquiv>
                    <TextStyle fontFamily="Times New Roman" fontSize="7.5"/>
                </Word>
                <Word id="w_w2aab1b1b2c35b1ac69" language="English" custom="readingOrder {index:7;}">
                    <Coords points="620,1341 841,1341 841,1375 620,1375"/>
                    <TextEquiv>
                        <Unicode>dcsCourtifans,</Unicode>
                    </TextEquiv>
                    <TextStyle fontFamily="Times New Roman" fontSize="7.5"/>
                </Word>
                <TextEquiv>
                    <Unicode>Enfin on voit par tout, que l'art des Courtiſans,</Unicode>
                </TextEquiv>
                <TextStyle fontFamily="Times New Roman" fontSize="7.5"/>
            </TextLine>
            <TextEquiv>
                <Unicode>Enfin on voit par tout, que l'art des Courtiſans,</Unicode>
            </TextEquiv>
        </TextRegion>
        <TextRegion type="paragraph" id="r_1_19" custom="readingOrder {index:18;}">
            <Coords points="107,1380 827,1380 827,1424 107,1424"/>
            <TextLine id="tl_34" primaryLanguage="English" custom="readingOrder {index:0;}">
                <Coords points="108,1381 826,1381 826,1423 108,1423"/>
                <Baseline points="108,1414 154,1412 230,1412 308,1413 430,1412 488,1412 632,1411 691,1411 808,1410 826,1415"/>
                <Word id="w_w2aab1b1b2c37b1ab1" language="English" custom="readingOrder {index:0;}">
                    <Coords points="108,1385 154,1385 154,1414 108,1414"/>
                    <TextEquiv>
                        <Unicode>Ne</Unicode>
                    </TextEquiv>
                    <TextStyle fontFamily="Times New Roman" fontSize="7.5"/>
                </Word>
                <Word id="w_w2aab1b1b2c37b1ab7" language="English" custom="readingOrder {index:1;}">
                    <Coords points="170,1385 230,1385 230,1413 170,1413"/>
                    <TextEquiv>
                        <Unicode>tend</Unicode>
                    </TextEquiv>
                    <TextStyle fontFamily="Times New Roman" fontSize="7.5"/>
                </Word>
                <Word id="w_w2aab1b1b2c37b1ac17" language="English" custom="readingOrder {index:2;}">
                    <Coords points="246,1384 308,1384 308,1423 246,1423"/>
                    <TextEquiv>
                        <Unicode>qu’à</Unicode>
                    </TextEquiv>
                    <TextStyle fontFamily="Times New Roman" fontSize="7.5"/>
                </Word>
                <Word id="w_w2aab1b1b2c37b1ac27" language="English" custom="readingOrder {index:3;}">
                    <Coords points="324,1383 430,1383 430,1422 324,1422"/>
                    <TextEquiv>
                        <Unicode>profiter</Unicode>
                    </TextEquiv>
                    <TextStyle fontFamily="Times New Roman" fontSize="7.5"/>
                </Word>
                <Word id="w_w2aab1b1b2c37b1ac45" language="English" custom="readingOrder {index:4;}">
                    <Coords points="444,1383 488,1383 488,1412 444,1412"/>
                    <TextEquiv>
                        <Unicode>des</Unicode>
                    </TextEquiv>
                    <TextStyle fontFamily="Times New Roman" fontSize="7.5"/>
                </Word>
                <Word id="w_w2aab1b1b2c37b1ac53" language="English" custom="readingOrder {index:5;}">
                    <Coords points="503,1382 632,1382 632,1412 503,1412"/>
                    <TextEquiv>
                        <Unicode>foiblefics</Unicode>
                    </TextEquiv>
                    <TextStyle fontFamily="Times New Roman" fontSize="7.5"/>
                </Word>
                <Word id="w_w2aab1b1b2c37b1ac75" language="English" custom="readingOrder {index:6;}">
                    <Coords points="646,1383 691,1383 691,1411 646,1411"/>
                    <TextEquiv>
                        <Unicode>des</Unicode>
                    </TextEquiv>
                    <TextStyle fontFamily="Times New Roman" fontSize="7.5"/>
                </Word>
                <Word id="w_w2aab1b1b2c37b1ac83" language="English" custom="readingOrder {index:7;}">
                    <Coords points="700,1381 808,1381 808,1412 700,1412"/>
                    <TextEquiv>
                        <Unicode>"Grands</Unicode>
                    </TextEquiv>
                    <TextStyle fontFamily="Times New Roman" fontSize="7.5"/>
                </Word>
                <Word id="w_w2aab1b1b2c37b1ac99" language="English" custom="readingOrder {index:8;}">
                    <Coords points="817,1394 826,1394 826,1415 817,1415"/>
                    <TextEquiv>
                        <Unicode>;</Unicode>
                    </TextEquiv>
                    <TextStyle fontFamily="Times New Roman" fontSize="7.5"/>
                </Word>
                <TextEquiv>
                    <Unicode>Ne tend qu’à profiter des foibleſſes des Grands;</Unicode>
                </TextEquiv>
                <TextStyle fontFamily="Times New Roman" fontSize="7.5"/>
            </TextLine>
            <TextEquiv>
                <Unicode>Ne tend qu’à profiter des foibleſſes des Grands;</Unicode>
            </TextEquiv>
        </TextRegion>
        <TextRegion type="paragraph" id="r_1_20" custom="readingOrder {index:19;}">
            <Coords points="108,1421 827,1421 827,1461 108,1461"/>
            <TextLine id="tl_35" primaryLanguage="English" custom="readingOrder {index:0;}">
                <Coords points="109,1422 826,1422 826,1460 109,1460"/>
                <Baseline points="109,1452 134,1452 254,1451 304,1451 432,1456 476,1453 586,1450 664,1451 734,1449 826,1454"/>
                <Word id="w_w2aab1b1b2c39b1ab1" language="English" custom="readingOrder {index:0;}">
                    <Coords points="109,1426 134,1426 134,1452 109,1452"/>
                    <TextEquiv>
                        <Unicode>A</Unicode>
                    </TextEquiv>
                    <TextStyle fontFamily="Times New Roman" fontSize="7.5"/>
                </Word>
                <Word id="w_w2aab1b1b2c39b1ab5" language="English" custom="readingOrder {index:1;}">
                    <Coords points="152,1424 254,1424 254,1452 152,1452"/>
                    <TextEquiv>
                        <Unicode>nourrir</Unicode>
                    </TextEquiv>
                    <TextStyle fontFamily="Times New Roman" fontSize="7.5"/>
                </Word>
                <Word id="w_w2aab1b1b2c39b1ac21" language="English" custom="readingOrder {index:2;}">
                    <Coords points="268,1423 304,1423 304,1451 268,1451"/>
                    <TextEquiv>
                        <Unicode>les</Unicode>
                    </TextEquiv>
                    <TextStyle fontFamily="Times New Roman" fontSize="7.5"/>
                </Word>
                <Word id="w_w2aab1b1b2c39b1ac29" language="English" custom="readingOrder {index:3;}">
                    <Coords points="318,1433 432,1433 432,1456 318,1456"/>
                    <TextEquiv>
                        <Unicode>erreurs,</Unicode>
                    </TextEquiv>
                    <TextStyle fontFamily="Times New Roman" fontSize="7.5"/>
                </Word>
                <Word id="w_w2aab1b1b2c39b1ac47" language="English" custom="readingOrder {index:4;}">
                    <Coords points="451,1428 476,1428 476,1453 451,1453"/>
                    <TextEquiv>
                        <Unicode>&amp;</Unicode>
                    </TextEquiv>
                    <TextStyle fontFamily="Times New Roman" fontSize="7.5"/>
                </Word>
                <Word id="w_w2aab1b1b2c39b1ac51" language="English" custom="readingOrder {index:5;}">
                    <Coords points="493,1424 586,1424 586,1460 493,1460"/>
                    <TextEquiv>
                        <Unicode>jamais</Unicode>
                    </TextEquiv>
                    <TextStyle fontFamily="Times New Roman" fontSize="7.5"/>
                </Word>
                <Word id="w_w2aab1b1b2c39b1ac65" language="English" custom="readingOrder {index:6;}">
                    <Coords points="601,1422 664,1422 664,1451 601,1451"/>
                    <TextEquiv>
                        <Unicode>dans</Unicode>
                    </TextEquiv>
                    <TextStyle fontFamily="Times New Roman" fontSize="7.5"/>
                </Word>
                <Word id="w_w2aab1b1b2c39b1ac75" language="English" custom="readingOrder {index:7;}">
                    <Coords points="678,1422 734,1422 734,1450 678,1450"/>
                    <TextEquiv>
                        <Unicode>leur</Unicode>
                    </TextEquiv>
                    <TextStyle fontFamily="Times New Roman" fontSize="7.5"/>
                </Word>
                <Word id="w_w2aab1b1b2c39b1ac85" language="English" custom="readingOrder {index:8;}">
                    <Coords points="747,1431 826,1431 826,1454 747,1454"/>
                    <TextEquiv>
                        <Unicode>amc,</Unicode>
                    </TextEquiv>
                    <TextStyle fontFamily="Times New Roman" fontSize="7.5"/>
                </Word>
                <TextEquiv>
                    <Unicode>A nourrir les erreurs, &amp; jamais dans leur ame,</Unicode>
                </TextEquiv>
                <TextStyle fontFamily="Times New Roman" fontSize="7.5"/>
            </TextLine>
            <TextEquiv>
                <Unicode>A nourrir les erreurs, &amp; jamais dans leur ame,</Unicode>
            </TextEquiv>
        </TextRegion>
        <TextRegion type="paragraph" id="r_1_21" custom="readingOrder {index:20;}">
            <Coords points="109,1460 785,1460 785,1502 109,1502"/>
            <TextLine id="tl_36" primaryLanguage="English" custom="readingOrder {index:0;}">
                <Coords points="110,1461 784,1461 784,1501 110,1501"/>
                <Baseline points="110,1491 154,1491 256,1490 308,1491 376,1490 435,1491 540,1491 636,1490 667,1500 784,1488"/>
                <Word id="w_w2aab1b1b2c41b1ab1" language="English" custom="readingOrder {index:0;}">
                    <Coords points="110,1464 154,1464 154,1491 110,1491"/>
                    <TextEquiv>
                        <Unicode>Ne</Unicode>
                    </TextEquiv>
                    <TextStyle fontFamily="Times New Roman" fontSize="7.5"/>
                </Word>
                <Word id="w_w2aab1b1b2c41b1ab7" language="English" custom="readingOrder {index:1;}">
                    <Coords points="169,1472 256,1472 256,1501 169,1501"/>
                    <TextEquiv>
                        <Unicode>porter</Unicode>
                    </TextEquiv>
                    <TextStyle fontFamily="Times New Roman" fontSize="7.5"/>
                </Word>
                <Word id="w_w2aab1b1b2c41b1ac21" language="English" custom="readingOrder {index:2;}">
                    <Coords points="272,1463 308,1463 308,1491 272,1491"/>
                    <TextEquiv>
                        <Unicode>les</Unicode>
                    </TextEquiv>
                    <TextStyle fontFamily="Times New Roman" fontSize="7.5"/>
                </Word>
                <Word id="w_w2aab1b1b2c41b1ac29" language="English" custom="readingOrder {index:3;}">
                    <Coords points="323,1463 376,1463 376,1491 323,1491"/>
                    <TextEquiv>
                        <Unicode>avis</Unicode>
                    </TextEquiv>
                    <TextStyle fontFamily="Times New Roman" fontSize="7.5"/>
                </Word>
                <Word id="w_w2aab1b1b2c41b1ac39" language="English" custom="readingOrder {index:4;}">
                    <Coords points="391,1462 435,1462 435,1491 391,1491"/>
                    <TextEquiv>
                        <Unicode>des</Unicode>
                    </TextEquiv>
                    <TextStyle fontFamily="Times New Roman" fontSize="7.5"/>
                </Word>
                <Word id="w_w2aab1b1b2c41b1ac47" language="English" custom="readingOrder {index:5;}">
                    <Coords points="450,1462 540,1462 540,1491 450,1491"/>
                    <TextEquiv>
                        <Unicode>chofès</Unicode>
                    </TextEquiv>
                    <TextStyle fontFamily="Times New Roman" fontSize="7.5"/>
                </Word>
                <Word id="w_w2aab1b1b2c41b1ac61" language="English" custom="readingOrder {index:6;}">
                    <Coords points="554,1463 636,1463 636,1501 554,1501"/>
                    <TextEquiv>
                        <Unicode>qu'on</Unicode>
                    </TextEquiv>
                    <TextStyle fontFamily="Times New Roman" fontSize="7.5"/>
                </Word>
                <Word id="w_w2aab1b1b2c41b1ac73" language="English" custom="readingOrder {index:7;}">
                    <Coords points="652,1472 667,1472 667,1500 652,1500"/>
                    <TextEquiv>
                        <Unicode>y</Unicode>
                    </TextEquiv>
                    <TextStyle fontFamily="Times New Roman" fontSize="7.5"/>
                </Word>
                <Word id="w_w2aab1b1b2c41b1ac77" language="English" custom="readingOrder {index:8;}">
                    <Coords points="683,1461 784,1461 784,1490 683,1490"/>
                    <TextEquiv>
                        <Unicode>blâme.</Unicode>
                    </TextEquiv>
                    <TextStyle fontFamily="Times New Roman" fontSize="7.5"/>
                </Word>
                <TextEquiv>
                    <Unicode>Ne porter les avis des choſes qu'on y blâme.</Unicode>
                </TextEquiv>
                <TextStyle fontFamily="Times New Roman" fontSize="7.5"/>
            </TextLine>
            <TextEquiv>
                <Unicode>Ne porter les avis des choſes qu'on y blâme.</Unicode>
            </TextEquiv>
        </TextRegion>
        <TextRegion type="paragraph" id="r_1_22" custom="readingOrder {index:21;}">
            <Coords points="435,1502 596,1502 596,1531 435,1531"/>
            <TextLine id="tl_37" primaryLanguage="English" custom="readingOrder {index:0;}">
                <Coords points="436,1503 595,1503 595,1530 436,1530"/>
                <Baseline points="436,1530 457,1530 491,1530 521,1530 554,1530 595,1529"/>
                <Word id="w_w2aab1b1b2c43b1ab1" language="English" custom="readingOrder {index:0;}">
                    <Coords points="436,1503 457,1503 457,1530 436,1530"/>
                    <TextEquiv>
                        <Unicode>E</Unicode>
                    </TextEquiv>
                    <TextStyle fontFamily="Times New Roman" fontSize="7.5"/>
                </Word>
                <Word id="w_w2aab1b1b2c43b1b1b1" language="English" custom="readingOrder {index:1;}">
                    <Coords points="476,1510 491,1510 491,1530 476,1530"/>
                    <TextEquiv>
                        <Unicode>L</Unicode>
                    </TextEquiv>
                    <TextStyle fontFamily="Times New Roman" fontSize="6.0"/>
                </Word>
                <Word id="w_w2aab1b1b2c43b1b1b5" language="English" custom="readingOrder {index:2;}">
                    <Coords points="510,1511 521,1511 521,1530 510,1530"/>
                    <TextEquiv>
                        <Unicode>I</Unicode>
                    </TextEquiv>
                    <TextStyle fontFamily="Times New Roman" fontSize="6.0"/>
                </Word>
                <Word id="w_w2aab1b1b2c43b1b1b9" language="English" custom="readingOrder {index:3;}">
                    <Coords points="542,1511 554,1511 554,1530 542,1530"/>
                    <TextEquiv>
                        <Unicode>S</Unicode>
                    </TextEquiv>
                    <TextStyle fontFamily="Times New Roman" fontSize="6.0"/>
                </Word>
                <Word id="w_w2aab1b1b2c43b1b1c13" language="English" custom="readingOrder {index:4;}">
                    <Coords points="571,1512 595,1512 595,1529 571,1529"/>
                    <TextEquiv>
                        <Unicode>I.</Unicode>
                    </TextEquiv>
                    <TextStyle fontFamily="Times New Roman" fontSize="6.0"/>
                </Word>
                <TextEquiv>
                    <Unicode>ELISE.</Unicode>
                </TextEquiv>
            </TextLine>
            <TextEquiv>
                <Unicode>ELISE.</Unicode>
            </TextEquiv>
        </TextRegion>
        <TextRegion type="paragraph" id="r_1_23" custom="readingOrder {index:22;}">
            <Coords points="110,1537 801,1537 801,1580 110,1580"/>
            <TextLine id="tl_38" primaryLanguage="English" custom="readingOrder {index:0;}">
                <Coords points="111,1538 800,1538 800,1579 111,1579"/>
                <Baseline points="111,1568 164,1567 309,1569 357,1568 458,1570 526,1568 649,1568 800,1571"/>
                <Word id="w_w2aab1b1b2c45b1ab1" language="English" custom="readingOrder {index:0;}">
                    <Coords points="111,1538 164,1538 164,1568 111,1568"/>
                    <TextEquiv>
                        <Unicode>Ces</Unicode>
                    </TextEquiv>
                    <TextStyle fontFamily="Times New Roman" fontSize="7.5"/>
                </Word>
                <Word id="w_w2aab1b1b2c45b1ab9" language="English" custom="readingOrder {index:1;}">
                    <Coords points="180,1542 309,1542 309,1569 180,1569"/>
                    <TextEquiv>
                        <Unicode>maximes</Unicode>
                    </TextEquiv>
                    <TextStyle fontFamily="Times New Roman" fontSize="7.5"/>
                </Word>
                <Word id="w_w2aab1b1b2c45b1ac25" language="English" custom="readingOrder {index:2;}">
                    <Coords points="322,1551 357,1551 357,1569 322,1569"/>
                    <TextEquiv>
                        <Unicode>un</Unicode>
                    </TextEquiv>
                    <TextStyle fontFamily="Times New Roman" fontSize="7.5"/>
                </Word>
                <Word id="w_w2aab1b1b2c45b1ac31" language="English" custom="readingOrder {index:3;}">
                    <Coords points="373,1549 458,1549 458,1579 373,1579"/>
                    <TextEquiv>
                        <Unicode>temps</Unicode>
                    </TextEquiv>
                    <TextStyle fontFamily="Times New Roman" fontSize="7.5"/>
                </Word>
                <Word id="w_w2aab1b1b2c45b1ac43" language="English" custom="readingOrder {index:4;}">
                    <Coords points="472,1541 526,1541 526,1569 472,1569"/>
                    <TextEquiv>
                        <Unicode>leur</Unicode>
                    </TextEquiv>
                    <TextStyle fontFamily="Times New Roman" fontSize="7.5"/>
                </Word>
                <Word id="w_w2aab1b1b2c45b1ac53" language="English" custom="readingOrder {index:5;}">
                    <Coords points="540,1548 649,1548 649,1579 540,1579"/>
                    <TextEquiv>
                        <Unicode>peuvent</Unicode>
                    </TextEquiv>
                    <TextStyle fontFamily="Times New Roman" fontSize="7.5"/>
                </Word>
                <Word id="w_w2aab1b1b2c45b1ac69" language="English" custom="readingOrder {index:6;}">
                    <Coords points="664,1538 800,1538 800,1571 664,1571"/>
                    <TextEquiv>
                        <Unicode>fucceder;</Unicode>
                    </TextEquiv>
                    <TextStyle fontFamily="Times New Roman" fontSize="7.5"/>
                </Word>
                <TextEquiv>
                    <Unicode>Ces maximes un temps leur peuvent ſucceder;</Unicode>
                </TextEquiv>
                <TextStyle fontFamily="Times New Roman" fontSize="7.5"/>
            </TextLine>
            <TextEquiv>
                <Unicode>Ces maximes un temps leur peuvent ſucceder;</Unicode>
            </TextEquiv>
        </TextRegion>
        <TextRegion type="paragraph" id="r_1_24" custom="readingOrder {index:23;}">
            <Coords points="103,1576 810,1576 810,1620 103,1620"/>
            <TextLine id="tl_39" primaryLanguage="English" custom="readingOrder {index:0;}">
                <Coords points="104,1577 809,1577 809,1619 104,1619"/>
                <Baseline points="104,1608 183,1604 215,1606 268,1606 326,1608 421,1610 437,1614 540,1610 610,1608 809,1607"/>
                <Word id="w_w2aab1b1b2c47b1ab1" language="English" custom="readingOrder {index:0;}">
                    <Coords points="104,1578 183,1578 183,1608 104,1608"/>
                    <TextEquiv>
                        <Unicode>.Mais</Unicode>
                    </TextEquiv>
                    <TextStyle fontFamily="Times New Roman" fontSize="7.5"/>
                </Word>
                <Word id="w_w2aab1b1b2c47b1ac13" language="English" custom="readingOrder {index:1;}">
                    <Coords points="196,1578 215,1578 215,1606 196,1606"/>
                    <TextEquiv>
                        <Unicode>il</Unicode>
                    </TextEquiv>
                    <TextStyle fontFamily="Times New Roman" fontSize="7.5"/>
                </Word>
                <Word id="w_w2aab1b1b2c47b1ac19" language="English" custom="readingOrder {index:2;}">
                    <Coords points="230,1577 268,1577 268,1606 230,1606"/>
                    <TextEquiv>
                        <Unicode>eft</Unicode>
                    </TextEquiv>
                    <TextStyle fontFamily="Times New Roman" fontSize="7.5"/>
                </Word>
                <Word id="w_w2aab1b1b2c47b1ac27" language="English" custom="readingOrder {index:3;}">
                    <Coords points="282,1578 326,1578 326,1608 282,1608"/>
                    <TextEquiv>
                        <Unicode>des</Unicode>
                    </TextEquiv>
                    <TextStyle fontFamily="Times New Roman" fontSize="7.5"/>
                </Word>
                <Word id="w_w2aab1b1b2c47b1ac35" language="English" custom="readingOrder {index:4;}">
                    <Coords points="338,1589 421,1589 421,1610 338,1610"/>
                    <TextEquiv>
                        <Unicode>revers</Unicode>
                    </TextEquiv>
                    <TextStyle fontFamily="Times New Roman" fontSize="7.5"/>
                </Word>
                <Word id="w_w2aab1b1b2c47b1ac49" language="English" custom="readingOrder {index:5;}">
                    <Coords points="430,1599 437,1599 437,1614 430,1614"/>
                    <TextEquiv>
                        <Unicode>&gt;</Unicode>
                    </TextEquiv>
                    <TextStyle fontFamily="Times New Roman" fontSize="7.5"/>
                </Word>
                <Word id="w_w2aab1b1b2c47b1ac53" language="English" custom="readingOrder {index:6;}">
                    <Coords points="457,1582 540,1582 540,1618 457,1618"/>
                    <TextEquiv>
                        <Unicode>qu’on</Unicode>
                    </TextEquiv>
                    <TextStyle fontFamily="Times New Roman" fontSize="7.5"/>
                </Word>
                <Word id="w_w2aab1b1b2c47b1ac65" language="English" custom="readingOrder {index:7;}">
                    <Coords points="554,1579 610,1579 610,1608 554,1608"/>
                    <TextEquiv>
                        <Unicode>doit</Unicode>
                    </TextEquiv>
                    <TextStyle fontFamily="Times New Roman" fontSize="7.5"/>
                </Word>
                <Word id="w_w2aab1b1b2c47b1ac75" language="English" custom="readingOrder {index:8;}">
                    <Coords points="622,1578 809,1578 809,1619 622,1619"/>
                    <TextEquiv>
                        <Unicode>appréhender.</Unicode>
                    </TextEquiv>
                    <TextStyle fontFamily="Times New Roman" fontSize="7.5"/>
                </Word>
                <TextEquiv>
                    <Unicode>Mais il eſt des revers, qu’on doit apprehender.</Unicode>
                </TextEquiv>
                <TextStyle fontFamily="Times New Roman" fontSize="7.5"/>
            </TextLine>
            <TextEquiv>
                <Unicode>Mais il eſt des revers, qu’on doit apprehender.</Unicode>
            </TextEquiv>
        </TextRegion>
        <SeparatorRegion id="r_2" custom="readingOrder {index:24;}">
            <Coords points="992,272 999,272 999,432 992,432"/>
        </SeparatorRegion>
    </Page>
</PcGts>
