1018 1744
97 291 367 361 DOM
427 295 899 363 GARCIE

131 399 235 445 DE
311 401 863 457 NAVARRE,

409 494 436 520 O
454 494 481 520 U
519 494 538 521 L
558 494 579 522 E

121 556 453 593 PRINCE
501 560 874 606 JALOUX*

300 641 689 676 COMEDIE.

251 776 584 813 ACTE
706 776 733 811 I.

302 850 577 887 SCENE
655 852 684 887 I.

231 926 266 953 D.
304 928 545 960 EUJIRE,
587 928 755 956 ELISL

358 981 395 1008 D.
434 981 454 1008 £
472 991 488 1008 L
506 991 523 1007 U
541 991 549 1008 I
571 989 589 1008 R
608 990 632 1008 E.

222 1019 266 1047 Oq
277 1037 284 1050 ,
294 1027 323 1046 ce
331 1019 395 1058 n’eft
402 1021 477 1058 peint
492 1031 526 1049 uu
539 1020 618 1052 choix
628 1039 643 1052 r
652 1019 701 1058 qui
705 1027 771 1057 pour
779 1027 819 1046 ces
826 1016 908 1047 deux:.

272 1058 396 1092 Amans,
236 1101 311 1127 Sccut
319 1098 399 1137 régler
408 1098 440 1126 de
449 1109 512 1127 mon
520 1108 592 1127 coeur
601 1095 898 1128 les&cretsièntimens*.

238 1139 270 1166 Et
278 1138 393 1165 IcPrincc
401 1141 443 1166 n’a
450 1139 523 1177 point
531 1138 593 1166 dans
599 1147 656 1166 tout
664 1147 691 1164 ce
699 1136 762 1172 qu’il
772 1144 832 1174 peut
840 1143 895 1162 are

91 1178 130 1205 Ce
143 1178 189 1215 qui
205 1176 235 1204 fit
249 1175 362 1215 preferer
376 1177 491 1205 l’amour
507 1177 572 1215 qu'il
588 1175 634 1205 fait
647 1175 770 1214 patoître.

91 1213 126 1243 £).
143 1216 218 1256 Sylve
225 1225 332 1243 comme
349 1215 387 1243 lui
399 1215 428 1244 fit
442 1216 530 1243 briller
546 1216 563 1242 à
580 1226 635 1244 mes
649 1225 719 1254 yeux

91 1255 192 1282 Toutes
206 1255 242 1282 les
258 1256 372 1293 qualité?
386 1255 450 1282 d’un
469 1257 554 1283 Héros
569 1255 689 1294 glorieux
697 1269 703 1286 i

92 1295 187 1321 Meme
202 1293 267 1321 éclat
281 1294 312 1321 de
328 1302 428 1325 venus,
445 1294 512 1329 joint
528 1294 543 1321 à
559 1295 649 1322 même
664 1290 815 1324 naiflance,.

93 1334 140 1360 Me
156 1332 249 1370 parloit
264 1342 296 1359 en
311 1341 370 1359 tous
383 1333 453 1360 deux
466 1343 531 1370 pour
545 1343 609 1361 cette
624 1331 769 1369 preference
781 1350 789 1363 ,

93 1372 125 1399 Et
142 1372 165 1406 je
182 1371 350 1398 (crois.cnccr
366 1370 382 1397 à
398 1381 523 1399 nommer
538 1374 559 1399 le
574 1380 733 1409 vainqueur,

90 1411 116 1438 Si
133 1411 156 1437 le
167 1419 263 1439 mente
278 1410 329 1437 (cul
345 1412 445 1448 prenoit
460 1411 529 1439 droit
545 1410 584 1438 fur
601 1421 635 1438 uu
653 1419 735 1438 cœur.

94 1449 163 1476 Mais
178 1458 218 1476 ces
232 1449 336 1479 chaînes
352 1451 387 1477 du
404 1450 478 1479 Ciel,
496 1451 541 1488 qui
556 1450 679 1478 tombent
694 1448 735 1476 fur
750 1457 796 1475 nos
804 1457 891 1479 âmes,

93 1487 248 1516 Décidèrent
261 1498 294 1516 en
312 1499 368 1516 moi
384 1489 408 1516 le
422 1488 507 1516 deltin
521 1489 553 1516 de
567 1489 635 1517 leurs
649 1487 758 1517 fiâmes;

94 1527 126 1554 Et
141 1535 211 1554 toute
226 1536 291 1554 mon
306 1526 398 1555 cftime
407 1528 479 1566 égale
494 1537 564 1555 entre
578 1527 614 1554 les
627 1527 711 1557 deux,

89 1565 171 1596 Lailîa
186 1575 240 1596 vers
257 1567 291 1594 D.
308 1567 401 1596 Garcic
413 1564 541 1596 entraîner
557 1574 615 1593 tous
630 1575 686 1593 mes
700 1574 787 1594 voeux.

524 1607 549 1633 A
570 1614 581 1642 j

828 1603 884 1629 Eli
