1000 1820
105 148 146 173 io
218 131 784 175 DOMGARCIE

97 188 154 216 Soit
168 196 216 215 vcu
231 197 275 226 par
288 186 399 214 d’autres
414 195 481 224 yeux
495 184 553 213 tous
566 195 601 213 un
616 194 688 213 autre
701 184 794 222 vifage.

97 228 169 255 Pour
184 228 242 254 moi
254 226 278 263 je
291 226 437 254 trouYcrois
451 234 516 253 mon
532 222 586 252 fort
596 224 685 253 tour-à
699 222 746 251 fait
757 223 850 255 doux,

98 266 125 294 Si
139 266 229 302 j’avois
243 276 278 294 un
295 268 396 294 Amant
408 266 453 303 qui
469 273 514 302 put
526 264 580 291 être
593 264 680 300 jaloux
692 276 700 295 ;

96 306 128 342 Je
142 304 254 342 fçaurois
268 304 440 343 m’applaudir
455 303 486 331 de
502 301 547 330 fou
562 301 732 341 inquiétude;

97 345 131 373 Et
147 354 176 371 ce
188 345 233 382 qui
247 353 312 383 pour
328 353 394 371 mon
408 353 469 371 ame
483 341 520 370 cft
535 342 641 370 souvent
655 351 690 370 un
706 350 755 379 peu
771 340 853 374 rude,

97 382 170 412 C’eft
185 384 217 412 de
231 385 287 412 voir
302 385 338 412 D.
355 383 434 412 Alvar
450 392 482 411 ne
497 381 605 421 prendre
619 390 702 410 aucun
717 381 798 408 louci.

360 424 396 450 D.
436 424 458 450 E
475 432 490 450 L
508 431 525 448 U
544 431 554 448 I
573 429 592 448 R
612 430 638 448 E.

98 463 176 491 Nous
191 471 224 490 ne
240 463 263 491 le
278 472 388 501 croyons
404 472 448 500 pas
463 461 480 490 fi
496 460 620 500 proches,
638 459 662 487 le
675 458 752 487 voici.

295 513 570 552 SCENE
643 511 699 549 IL

136 565 173 594 D.
211 566 407 597 ELUIRE,
447 566 482 592 D.
506 563 685 595 ALVAR,
724 561 861 590 ELISE.

352 620 389 646 D.
438 620 460 646 E
478 627 492 646 L
512 627 529 644 ü
550 626 559 644 I
582 624 599 643 R
619 625 642 643 E.

98 660 165 731 Y
172 659 237 686 Otre
245 666 331 686 retour
339 655 478 699 surprend,
487 658 596 695 qu’avez
604 664 667 683 vous
673 654 688 682 à
699 652 896 691 m'apprendre?

179 698 254 725 Dom
271 695 402 736 Alphonse
416 695 535 727 vient-il,
551 705 566 724 a
580 696 639 722 t'on
646 694 699 723 lieu
706 692 737 721 de
745 691 897 721 l'attendre?

371 737 407 764 D.
449 738 627 764 Alvar.

98 774 177 808 Oiii,
197 775 339 807 Madame,
357 779 383 805 &
400 785 428 804 ce
441 777 517 804 Frcre
531 784 564 802 en
580 772 687 802 Cartillc
702 770 776 799 élevé

100 816 145 843 De
159 824 256 844 rentrer
269 815 333 844 dans
347 815 384 843 (es
397 815 480 843 droits
492 814 547 842 voit
557 813 582 842 le
598 821 667 841 tems
682 811 774 840 arrive.

98 852 224 893 Jusqu'ici
240 856 275 882 D.
291 855 372 883 Louis
387 864 436 893 qui
449 854 486 882 vit
499 853 515 882 à
529 851 556 881 fa
571 851 699 891 prudence

97 894 150 923 Par
165 893 188 922 le
203 893 246 922 feu
261 894 314 922 Roi
331 902 470 924 mourant,
487 900 646 920 commettre
660 891 706 918 fon
722 887 847 922 enfance,

100 935 125 962 A
139 933 219 962 caché
234 934 271 962 tes
283 931 380 961 deftins
393 943 443 961 aux
458 941 526 970 yeux
543 931 576 959 de
589 939 646 958 tout
660 928 747 960 l’état,

97 973 169 1000 Pour
184 971 259 1000 l’ôtcr
272 982 322 1000 aux
340 971 441 1000 fureurs
455 971 490 1000 du
507 968 595 999 traître
609 971 757 1007 Mauregar.

100 1011 134 1039 Et
149 1009 208 1039 bien
225 1021 278 1050 que
292 1011 316 1039 le
329 1011 394 1039 tiran
405 1030 412 1042 ,
430 1010 520 1048 depuis
534 1009 559 1037 fa
572 1007 645 1038 lâche
660 1015 773 1038 audace,

98 1050 166 1078 L’ait
179 1049 285 1080 souvent
297 1049 428 1078 demandé
442 1058 509 1088 pour
522 1048 559 1077 lui
574 1047 665 1076 rendre
679 1045 703 1075 fa
719 1045 805 1084 place.

99 1091 200 1127 Jamais
213 1089 258 1119 fon
275 1088 329 1119 zclc
344 1089 435 1122 ardent
450 1091 491 1117 n’a
511 1089 562 1126 pris
574 1087 606 1115 de
620 1085 735 1118 feureté,

98 1131 122 1158 A
139 1130 147 1157 1
155 1139 235 1169 appas
250 1130 398 1168 dangereux
414 1129 446 1156 de
460 1128 485 1156 fa
501 1126 581 1156 faulTe
594 1126 701 1164 équité,

98 1169 169 1197 Mais
183 1170 221 1198 les
232 1171 339 1208 peuples
352 1167 444 1197 émeus
458 1176 502 1206 par
520 1175 585 1194 cette
598 1165 714 1193 violence

97 1208 160 1243 Que
175 1219 238 1237 vous
253 1219 268 1238 a
283 1207 361 1236 voulu
378 1206 440 1235 faire
456 1215 506 1235 une
519 1204 612 1242 injufte
627 1201 773 1242 puiflinct,

97 1248 138 1275 Ce
152 1256 282 1286 généreux
298 1246 421 1275 Vieillard
437 1257 451 1274 a
470 1255 516 1275 cru
530 1244 594 1284 qu’il
609 1244 674 1272 étoit
689 1251 758 1271 tems

96 1286 261 1325 D'éprouver
275 1286 298 1314 le
313 1283 399 1314 succès
413 1285 477 1314 d’un
493 1283 576 1322 espoir
591 1283 624 1310 de
636 1291 710 1323 vingt
722 1291 776 1311 ans.

95 1327 118 1354 Il
133 1335 147 1354 a
163 1326 233 1354 tenté
248 1327 335 1357 Leon,
355 1329 380 1354 &
397 1323 434 1354 fes
449 1323 546 1353 fidcllcs
562 1332 674 1353 trames,

96 1367 150 1394 Des
165 1365 275 1404 grands,
291 1373 400 1393 comme
413 1364 448 1392 du
456 1362 564 1402 peuple,
579 1371 627 1390 ont
632 1359 750 1400 pratiqué
756 1359 792 1388 les
800 1368 891 1395 âmes.

96 1405 197 1434 Tandis
210 1415 261 1444 que
273 1404 298 1433 la
312 1403 418 1433 CaftiIIe
430 1411 528 1432 armoit
540 1401 584 1430 dix
599 1401 672 1430 mille
686 1399 760 1431 bras,

96 1446 166 1473 Pour
182 1445 308 1474 redonner
327 1453 355 1471 ce
370 1443 461 1471 Prince
476 1451 526 1471 aux
542 1451 620 1469 voeux
634 1440 666 1468 de
681 1438 716 1468 fes
731 1439 818 1472 Etat»;

93 1485 116 1512 11
134 1483 179 1512 fait
191 1492 346 1522 auparavant
361 1481 443 1510 semer
457 1479 482 1511 fa
498 1479 654 1508 renommée
668 1498 676 1511 ,

94 1524 129 1550 Et
144 1532 176 1550 ne
188 1533 254 1551 veux
269 1523 291 1550 le
308 1530 425 1550 montrer
439 1523 518 1558 qu’en
532 1518 583 1547 tête
596 1519 676 1547 d’une
690 1516 789 1546 armée.

99 1561 161 1597 Que
175 1570 234 1589 tout
247 1561 304 1599 prêt
317 1560 333 1587 à
347 1560 433 1588 lancer
445 1560 470 1587 le
483 1558 574 1586 foudre
588 1556 737 1596 punifTeur,

95 1601 161 1626 Sous
175 1601 220 1637 qui
234 1601 289 1628 doit
305 1597 455 1627 succomber
472 1607 508 1627 un
521 1597 593 1625 lâche
609 1596 739 1624 ravifleur.

96 1638 143 1664 On
160 1637 261 1664 invertit
274 1639 362 1668 Leon,
380 1641 406 1665 &
424 1638 498 1664 Dom
513 1636 579 1664 Silvc
593 1645 625 1663 en
639 1634 764 1674 personne

99 1675 268 1704 Commande
283 1676 306 1704 le
321 1675 419 1705 secours
432 1686 482 1715 que
498 1675 545 1705 fon
558 1677 621 1705 Pcrc
636 1684 700 1705 vous
712 1673 810 1703 donne.
