1034 1758
114 94 157 121 il
233 82 409 120 DOM
463 77 798 116 GARCIE

112 133 146 161 Et
162 132 228 171 qu’il
242 131 290 161 foit
305 129 454 170 foupçonné
469 148 477 160 ,
504 139 556 167 que
572 129 636 157 dans
650 127 721 155 vôtre
739 126 863 166 peifonne

112 173 133 199 Il
148 171 257 200 cherche
275 171 290 199 à
307 180 349 198 me
365 177 466 210 gagner
479 168 515 196 les
528 168 609 196 droits
623 167 701 195 d'une
714 168 866 195 Couronne.

113 212 188 249 Oüy,
198 220 255 239 tout
265 220 330 238 mon
338 219 412 238 coeur
418 207 542 236 voudrait
551 215 668 235 montrer
674 216 725 235 aux
734 216 800 245 yeux
807 206 840 235 de
847 214 918 238 tous,

115 251 190 285 Qu’il
206 259 237 278 ne
254 249 359 289 regarde
374 258 405 276 en
420 257 484 275 vous
496 256 569 275 autre
583 244 658 274 choie
672 255 723 282 que
738 255 801 274 vous
810 258 818 279 ;

114 291 148 318 Et
163 298 223 317 cent
239 288 306 320 fois,
326 288 342 316 ii
360 289 382 325 je
398 288 456 326 puis
469 286 491 314 le
506 285 559 313 dire
576 287 631 314 sans
644 283 761 317 offensé,

113 330 157 357 Les
171 338 248 357 voeux
265 329 289 356 le
305 327 362 356 font
374 335 465 355 armez
481 334 572 353 contre
588 322 660 352 vôtre
675 324 819 357 naifiance.

114 368 182 396 Leur
198 366 305 396 chaleur
320 365 453 395 indiscrète
465 374 480 393 a
493 364 558 392 d’un
570 362 654 392 defiin
671 364 729 402 plus
741 363 759 391 b
759 372 788 392 as

113 407 240 438 Souhaité
253 407 276 435 le
293 416 396 445 partage
413 405 428 434 à
444 414 488 432 vos
499 402 585 432 divins
599 412 691 442 appas,

118 444 181 475 Afin
194 456 245 485 que
260 445 292 474 de
306 455 335 473 ce
349 455 437 476 cœur,
454 443 477 471 le
491 442 568 471 noble
585 440 696 472 facrifire

116 484 167 514 Pût
184 485 219 514 du
234 485 292 514 Ciel
306 494 394 513 envers
409 492 588 520 vous-réparer
602 480 757 517 l'injustice;

117 525 151 553 Et
165 523 238 554 vôtre
250 526 302 553 fort
317 525 382 552 tenir
396 522 442 551 des
454 522 543 551 mains
554 521 585 549 de
601 530 666 548 mon
681 529 794 551 amour,

117 564 192 592 Tout
206 573 235 591 ce
251 563 319 603 qu’il
331 562 389 590 doit
402 572 434 590 au
450 561 528 601 sang,
545 560 609 589 dont
623 569 687 588 vous
702 568 776 588 tenez
791 559 814 586 le
829 559 898 594 jour.

117 604 189 631 Mais
196 600 377 641 puisqu'enfin
386 601 421 629 les
428 601 529 632 Cieux,
548 598 579 627 de
588 607 645 628 tout
652 608 680 626 ce
689 598 751 633 jufte
761 597 921 637 hommage,

118 644 143 671 À
160 650 216 669 mes
231 640 291 670 feux
307 641 431 680 prévenus
446 639 575 667 dérobent
587 639 737 679 l’avantage.

115 681 243 709 Trouvez
256 679 310 709 bon
326 689 376 719 que
390 689 431 708 ces
447 676 507 706 feux
524 686 649 717 prennent
663 687 698 705 un
712 687 761 715 peu
777 673 892 714 d’efpoic

119 722 168 749 Sur
182 720 206 750 U
224 728 294 748 mort
307 729 358 758 que
374 728 440 747 mon
453 717 511 747 bras
524 716 648 756 s’apprête
666 726 680 744 •
698 715 759 745 faire
772 724 830 743 voir
840 727 849 749 ;

121 761 155 788 Et
169 759 248 800 qu’ils
258 757 333 789 oient
345 758 449 798 briguer
464 767 509 796 par
523 754 662 786 d’illuftres
677 754 799 787 services»

121 799 196 828 D’un
210 800 283 827 Fterc
298 803 323 827 Le
341 799 406 827 d*ui>
421 797 479 825 Erat
492 796 527 824 les
541 794 665 834 suffrages
678 796 805 834 propices.

385 839 420 865 D.
460 837 479 863 E
498 845 513 863 l
532 845 548 862 u
568 843 577 863 x
599 842 616 862 R
637 844 659 862 i.

120 879 152 915 Je
167 876 224 917 Tçay
238 886 289 917 que
297 886 361 906 vous
368 884 484 914 pouvez,
493 875 601 907 Prince,
616 883 648 902 en
656 881 782 914 vangeant
791 881 839 901 nos
845 871 927 901 droits

122 918 195 946 Faire
209 926 252 955 par
269 915 340 944 vôtre
356 923 450 944 amour
466 914 548 951 parler
563 921 621 942 cent
634 912 717 941 beaux
734 911 857 950 exploits.

124 956 196 985 Mais
209 966 238 984 ce
253 954 317 984 n'est
333 965 376 994 pas
391 953 457 983 allez
470 962 533 991 pour
550 953 572 980 le
588 953 644 992 prix
658 952 723 989 qu’il
738 950 827 989 cTpcre

123 995 185 1031 Que
200 996 281 1025 l’aveu
297 994 360 1023 d’un
376 995 450 1024 Erat,
468 997 493 1021 ôc
511 992 534 1021 la
547 990 635 1021 faveur
649 991 711 1019 d’un
727 993 811 1020 Frere.

124 1036 162 1062 D.
181 1035 267 1064 Eluirc
282 1032 345 1064 n'elt
360 1043 404 1081 ças
418 1043 450 1062 au
464 1032 531 1060 bout
544 1032 577 1060 de
590 1039 630 1060 cet
641 1029 738 1063 effort»

124 1074 157 1104 Et
174 1075 198 1112 je
213 1084 276 1104 vous
290 1075 344 1103 vois
360 1083 375 1101 a
394 1075 494 1102 vaincre
510 1082 545 1100 un
560 1069 675 1100 obftade
693 1070 750 1110 plus
766 1067 828 1097 fort.

389 1113 423 1141 D.
462 1113 487 1140 G
509 1123 522 1138 a
547 1120 565 1139 r
585 1119 601 1139 c
621 1119 630 1137 i
650 1119 672 1138 i.

123 1153 198 1185 Oiii,
219 1153 361 1183 Madame,
383 1152 489 1188 j'entens
504 1161 531 1178 ce
549 1160 598 1189 que
613 1158 677 1177 vous
691 1149 784 1177 voulez
799 1147 872 1179 dire,

122 1193 156 1229 Je
169 1192 218 1229 fçai
232 1192 292 1220 bien
308 1202 361 1231 que
375 1201 441 1229 pour
455 1200 522 1219 vous
535 1200 600 1217 mon
614 1198 687 1216 cœur
701 1198 735 1216 en
740 1187 799 1216 vain
806 1186 928 1225 soupirez

125 1233 159 1260 Et
174 1230 305 1260 l'obstacle
322 1230 449 1269 puissant,
467 1230 512 1268 qui
527 1227 643 1267 s'oppofe
658 1227 673 1256 à
691 1237 748 1255 mes
761 1224 821 1255 fèux
833 1244 843 1258 »

123 1273 187 1300 Sans
201 1280 252 1310 que
268 1280 330 1300 vous
345 1270 368 1298 le
384 1269 539 1300 nommiez,
558 1266 623 1296 n'elt
639 1277 682 1305 pas
696 1265 774 1294 secret
788 1275 854 1304 pour
869 1275 928 1294 eux.

387 1311 421 1337 D.
462 1309 482 1335 E
501 1317 515 1335 l
534 1317 550 1334 u
572 1315 581 1335 r
601 1315 619 1334 r
640 1316 666 1335 ■.

122 1353 236 1379 Souvent
249 1360 285 1378 on
301 1349 396 1378 entend
413 1347 466 1379 mal
475 1366 483 1379 »
499 1357 528 1375 ce
543 1348 625 1386 qu’on
639 1346 703 1373 croit
717 1345 777 1373 bien
793 1343 929 1377 entendre,

125 1390 160 1418 Et
173 1399 216 1427 par
230 1399 288 1427 trop
303 1388 335 1417 de
349 1388 468 1419 chaleur,
486 1386 588 1418 Prince,
602 1394 636 1412 on
652 1383 677 1413 se
691 1393 750 1423 peut
765 1383 930 1421 méprendre.

127 1430 197 1456 Mais
212 1429 269 1466 puis
281 1429 345 1467 qu’il
363 1427 419 1457 faut
433 1427 530 1465 parler,
548 1423 646 1454 desirez
661 1433 724 1452 vous
738 1422 852 1462 fçavoir,

125 1468 223 1503 Quand
231 1477 294 1496 vous
301 1477 410 1506 pourrez
419 1476 462 1494 me
470 1465 583 1503 plaire,2c
593 1463 702 1503 prendre
710 1461 828 1502 quelque
836 1462 931 1500 cfpoir?

384 1507 420 1534 D.
459 1507 666 1533 Garcie.

128 1545 167 1572 Ce
184 1554 228 1572 me
243 1544 311 1576 sera,
331 1545 474 1574 Madame,
492 1553 542 1572 une
561 1542 649 1571 faveur
665 1540 796 1571 extrême..

389 1586 423 1611 D.
464 1584 484 1611 E
502 1591 518 1610 L
537 1592 553 1610 U
572 1591 586 1610 F
602 1589 621 1608 R
641 1590 670 1612 F.

128 1621 227 1656 Quand
236 1619 406 1651 vousfeaurez
413 1620 629 1655 m’aimer,cômc
637 1620 655 1649 il
665 1619 720 1650 faut
729 1628 779 1659 que
788 1618 844 1648 l’on
853 1619 934 1650 aime.
