1028 1760
93 83 138 110 xo
215 69 392 108 DOM
444 70 484 108 G
511 70 545 106 A
574 70 615 106 R
642 68 676 106 C
705 70 722 105 I
749 67 785 105 E

306 135 581 171 SCENE
643 134 699 169 II.

250 186 286 215 D.
327 185 536 217 ALVAR,
578 182 753 212 ELISE.

372 226 409 252 D.
449 227 471 252 A
493 234 507 251 l
527 233 545 250 V
563 234 580 251 A
605 232 636 250 R.

98 265 150 334 E
151 263 235 295 Nfin,
252 273 318 292 nous
332 273 478 302 apprenons
491 273 543 302 que
557 263 580 292 le
596 262 648 291 Roi
662 260 695 289 de
708 263 830 290 Navarre

162 306 228 332 Pour
245 304 281 332 les
296 302 374 331 defirs
387 303 422 332 du
439 303 546 334 Prince,
565 299 733 337 aujourd'hui
750 297 775 327 fe
791 297 893 333 déclaré
901 310 912 333 \

100 344 132 371 Et
148 345 231 381 qu’un
248 352 365 371 nouveau
382 340 481 371 renfort
496 341 528 369 de
547 350 652 378 troupes
667 349 733 368 nous
748 337 837 367 attend

99 383 169 410 Pour
186 382 209 410 le
225 382 332 410 fameux
348 380 457 412 fervice,
472 379 509 409 où
525 379 570 408 fon
584 389 680 409 amour
698 377 817 418 prétend.

101 422 130 457 Je
145 421 196 449 fuis
209 421 303 459 surpris
316 431 381 459 pour
400 421 476 449 moi,
492 422 598 458 qu'avec
614 428 669 447 tant
683 419 715 446 de
732 414 838 448 vitelTc,

102 461 149 489 Ou
167 462 203 489 ait
217 459 265 490 fait
281 470 395 489 avancer.
418 462 519 489 Mais...

288 512 564 549 SCENE
651 512 740 548 III.

142 564 179 592 D.
212 564 416 595 GARCIE,
458 562 608 593 ELISE,
650 563 685 589 D.
712 560 878 589 ALVAR.

540 599 767 634 D. GARCIE.
507 642 549 668 Ue
557 640 604 669 fait
612 640 637 668 là
647 640 669 668 la
677 637 817 667 Pruiccfle.

427 681 591 709 ELISE.
107 722 244 760 Quelques
257 720 357 752 lettres,
375 722 514 760 Seigneur,
529 719 556 756 je
572 719 596 747 le
609 716 730 756 prefume
745 715 826 750 ainfï;

108 764 180 792 Mais
195 761 245 790 elle
260 770 291 788 va
306 760 402 799 fçavoir
417 769 468 799 que
486 768 550 787 vous
562 759 615 786 êtes
632 758 674 786 ici.

243 812 558 851 SCENE
678 810 788 848 IV.

319 865 354 893 D.
394 863 619 893 GARCIE
648 860 721 898 feu/.

110 912 144 978 J
144 908 289 938 ’Attendrai
306 908 402 946 qu'elle
416 908 452 937 ait
470 905 524 934 fait.
541 907 603 935 Près
616 906 648 934 de
665 904 774 935 souffrir
787 904 812 934 là
827 903 913 937 veü«,

152 950 225 980 D’bî!
238 948 342 980 rrr-jbic
357 956 420 974 tour
429 955 549 975 nouveau
564 945 590 973 ic
603 954 650 973 me
665 943 723 974 fèk!5
735 945 743 974 l
754 955 817 974 ame
824 945 923 972 émeüa

114 992 149 1020 Et
162 992 188 1021 la
204 993 301 1029 crainte
318 991 404 1018 mêlée
418 990 434 1018 à
450 998 516 1016 mon
532 986 727 1018 ressentiment,

114 1032 182 1068 Jette
196 1040 242 1070 par
258 1038 316 1059 tout
329 1039 395 1058 mon
412 1037 486 1066 corps
501 1037 536 1056 un
550 1023 658 1055 soudain
674 1023 874 1053 tremblement.

116 1071 224 1103 Prince,
242 1069 336 1109 prends
348 1068 430 1108 garde
444 1078 478 1096 au
494 1068 599 1098 moins,
617 1066 701 1104 qu’on
709 1064 818 1105 aveugle
824 1062 928 1102 caprice

116 1110 163 1138 Ne
178 1118 202 1137 te
216 1107 339 1139 conduise
352 1110 385 1136 ici
399 1108 462 1136 dans
474 1106 587 1145 quelque
601 1105 747 1142 précipice,

119 1150 154 1176 Et
169 1158 220 1187 que
234 1148 267 1176 de
281 1156 327 1176 ton
340 1146 417 1186 esprit
432 1146 467 1174 les
481 1143 612 1174 defordres
628 1141 759 1181 puissant,

120 1189 165 1216 Ne
179 1188 295 1216 donnent
308 1197 345 1215 un
359 1196 409 1224 peu
423 1185 481 1225 plus
496 1194 528 1212 au
542 1192 648 1222 rapport
661 1182 692 1210 de
706 1191 745 1211 tes
757 1178 774 1211 H
782 1190 824 1210 ns.

122 1223 250 1254 Consulte
263 1234 288 1254 ta
304 1226 405 1257 railon,
422 1222 516 1264 prends
531 1221 556 1251 fa
571 1222 650 1251 clarté
664 1231 730 1260 pour
746 1221 826 1265 guide
834 1239 852 1253 ».

122 1266 175 1293 Voi
192 1265 209 1294 fi
227 1265 260 1293 de
272 1273 311 1293 tes
325 1263 470 1302 foupçons,
489 1263 648 1301 l’apparence
663 1260 699 1288 eft
716 1258 796 1289 fôlide
804 1273 813 1292 -,

124 1306 168 1335 Ne
182 1305 304 1334 déments
319 1314 363 1343 pas
378 1303 447 1331 leurs
462 1302 541 1334 voix,
559 1301 628 1330 mais
639 1299 702 1329 aussi
718 1299 797 1340 garde
812 1298 877 1326 bien

125 1346 188 1381 Que
203 1354 269 1384 pour
286 1344 322 1372 les
335 1344 417 1372 croire
433 1351 492 1379 trop
507 1340 539 1370 ils
554 1350 586 1369 ne
600 1338 752 1378 t'imposent
770 1339 843 1370 tien;

127 1384 200 1419 Qu’à
216 1393 254 1413 tes
267 1383 393 1422 premiers
404 1380 546 1419 transports
560 1380 591 1408 ils
598 1377 698 1409 n’ofent
706 1388 762 1417 trop
770 1384 931 1416 permettre,

127 1424 162 1451 Et
175 1423 234 1450 relis
249 1420 382 1461 pefement
396 1428 461 1449 cette
476 1419 571 1448 moitié
584 1416 616 1446 de
630 1418 715 1446 lettre.

128 1461 193 1490 Ha.'
210 1459 337 1501 qu’eft-ce
352 1470 403 1499 que
420 1469 486 1488 mon
500 1468 591 1489 cœur,
605 1466 664 1496 trop
679 1457 759 1497 digne
773 1455 806 1484 de
820 1454 905 1494 pitié,

129 1502 174 1528 Ne
188 1501 309 1529 voudroit
325 1510 367 1538 pas
382 1499 484 1528 donner
499 1508 566 1536 pour
578 1496 625 1524 fon
639 1506 700 1524 ame
715 1504 788 1524 autre
804 1494 900 1522 moitié
910 1493 917 1521 !

132 1540 203 1565 Mais
215 1538 289 1576 après
302 1548 360 1567 tout
375 1548 428 1577 que
442 1537 519 1574 dis-je
527 1538 539 1564 /
558 1536 579 1564 Il
594 1533 664 1564 fuffit
678 1534 739 1563 bien
754 1534 786 1563 de
803 1534 875 1562 l’une
886 1552 894 1566 ,

133 1576 167 1605 Et
180 1578 239 1606 n’en
253 1578 323 1606 voilà
336 1587 387 1617 que
400 1586 460 1616 trop
474 1586 541 1616 pour
557 1575 613 1605 voir
628 1584 694 1604 mon
711 1572 856 1604 infortune.

864 1605 943 1654 Quoi
