<?xml version="1.0" encoding="UTF-8" standalone="yes"?>
<PcGts xmlns="http://schema.primaresearch.org/PAGE/gts/pagecontent/2013-07-15" xmlns:xsi="http://www.w3.org/2001/XMLSchema-instance" xsi:schemaLocation="http://schema.primaresearch.org/PAGE/gts/pagecontent/2013-07-15 http://schema.primaresearch.org/PAGE/gts/pagecontent/2013-07-15/pagecontent.xsd">
    <Metadata>
        <Creator></Creator>
        <Created>2019-03-01T11:20:43.905+01:00</Created>
        <LastChange>2019-07-27T16:21:53.636+02:00</LastChange>
        <Comments>
                Measurement unit: pixel
                PrimaryLanguage: English
                Language: FrenchStandard
                Producer: ABBYY FineReader Engine 11</Comments>
        <TranskribusMetadata docId="146122" pageId="5420156" pageNr="13" tsid="13156716" status="DONE" userId="10612" imgUrl="https://files.transkribus.eu/Get?id=JOBFAGRRKUUAYCOFFHNVOJQO&amp;fileType=view" xmlUrl="https://files.transkribus.eu/Get?id=HJLOVIZGMWLINAULFRUOOSTB" imageId="2828203"/>
    </Metadata>
    <Page imageFilename="Moliere1694_DomGarcie_corrected_0013.png" imageWidth="1002" imageHeight="1756">
        <PrintSpace>
            <Coords points="72,73 902,73 902,1667 72,1667"/>
        </PrintSpace>
        <ReadingOrder>
            <OrderedGroup id="ro_1604177618169" caption="Regions reading order">
                <RegionRefIndexed index="0" regionRef="r_1_1"/>
                <RegionRefIndexed index="1" regionRef="r_1_2"/>
                <RegionRefIndexed index="2" regionRef="r_1_3"/>
                <RegionRefIndexed index="3" regionRef="r_1_4"/>
                <RegionRefIndexed index="4" regionRef="r_1_5"/>
                <RegionRefIndexed index="5" regionRef="r_1_6"/>
                <RegionRefIndexed index="6" regionRef="r_1_7"/>
                <RegionRefIndexed index="7" regionRef="r_1_8"/>
                <RegionRefIndexed index="8" regionRef="r_1_9"/>
                <RegionRefIndexed index="9" regionRef="r_1_10"/>
                <RegionRefIndexed index="10" regionRef="r_1_11"/>
                <RegionRefIndexed index="11" regionRef="r_1_12"/>
                <RegionRefIndexed index="12" regionRef="r_1_13"/>
                <RegionRefIndexed index="13" regionRef="r_1_14"/>
                <RegionRefIndexed index="14" regionRef="r_1_15"/>
                <RegionRefIndexed index="15" regionRef="r_1_16"/>
                <RegionRefIndexed index="16" regionRef="r_1_17"/>
                <RegionRefIndexed index="17" regionRef="r_1_18"/>
                <RegionRefIndexed index="18" regionRef="r_1_19"/>
                <RegionRefIndexed index="19" regionRef="r_1_20"/>
                <RegionRefIndexed index="20" regionRef="r_1_21"/>
                <RegionRefIndexed index="21" regionRef="r_1_22"/>
                <RegionRefIndexed index="22" regionRef="r_1_23"/>
                <RegionRefIndexed index="23" regionRef="r_1_24"/>
                <RegionRefIndexed index="24" regionRef="r_1_25"/>
                <RegionRefIndexed index="25" regionRef="r_1_26"/>
                <RegionRefIndexed index="26" regionRef="r_1_27"/>
                <RegionRefIndexed index="27" regionRef="r_1_28"/>
            </OrderedGroup>
        </ReadingOrder>
        <TextRegion type="paragraph" id="r_1_1" custom="readingOrder {index:0;}">
            <Coords points="94,77 798,77 798,130 94,130"/>
            <TextLine id="tl_1" primaryLanguage="English" custom="readingOrder {index:0;}">
                <Coords points="95,78 797,78 797,129 95,129"/>
                <Baseline points="95,117 138,129 405,116 797,114"/>
                <Word id="w_w2aab1b1b2b1b1ab1" language="English" custom="readingOrder {index:0;}">
                    <Coords points="95,92 138,92 138,129 95,129"/>
                    <TextEquiv>
                        <Unicode>*4</Unicode>
                    </TextEquiv>
                    <TextStyle fontFamily="Times New Roman" fontSize="13.0" bold="true"/>
                </Word>
                <Word id="w_w2aab1b1b2b1b1ab7" language="English" custom="readingOrder {index:1;}">
                    <Coords points="231,80 405,80 405,118 231,118"/>
                    <TextEquiv>
                        <Unicode>DOM</Unicode>
                    </TextEquiv>
                    <TextStyle fontFamily="Times New Roman" fontSize="13.0" bold="true"/>
                </Word>
                <Word id="w_w2aab1b1b2b1b1ac15" language="English" custom="readingOrder {index:2;}">
                    <Coords points="460,78 797,78 797,117 460,117"/>
                    <TextEquiv>
                        <Unicode>GARCIE</Unicode>
                    </TextEquiv>
                    <TextStyle fontFamily="Times New Roman" fontSize="13.0" bold="true"/>
                </Word>
                <TextEquiv>
                    <Unicode>14 DOM GARCIE</Unicode>
                </TextEquiv>
                <TextStyle fontFamily="Times New Roman" fontSize="13.0" bold="true"/>
            </TextLine>
            <TextEquiv>
                <Unicode>14 DOM GARCIE</Unicode>
            </TextEquiv>
        </TextRegion>
        <TextRegion type="paragraph" id="r_1_2" custom="readingOrder {index:1;}">
            <Coords points="88,128 785,128 785,170 88,170"/>
            <TextLine id="tl_2" primaryLanguage="English" custom="readingOrder {index:0;}">
                <Coords points="89,129 784,129 784,169 89,169"/>
                <Baseline points="89,158 212,159 292,158 420,158 458,158 551,158 609,157 784,161"/>
                <Word id="w_w2aab1b1b2b3b1ab1" language="English" custom="readingOrder {index:0;}">
                    <Coords points="89,131 212,131 212,169 89,169"/>
                    <TextEquiv>
                        <Unicode>Daignez</Unicode>
                    </TextEquiv>
                    <TextStyle fontFamily="Times New Roman" fontSize="9.0"/>
                </Word>
                <Word id="w_w2aab1b1b2b3b1ac17" language="English" custom="readingOrder {index:1;}">
                    <Coords points="224,131 292,131 292,159 224,159"/>
                    <TextEquiv>
                        <Unicode>donc</Unicode>
                    </TextEquiv>
                    <TextStyle fontFamily="Times New Roman" fontSize="9.0"/>
                </Word>
                <Word id="w_w2aab1b1b2b3b1ac27" language="English" custom="readingOrder {index:2;}">
                    <Coords points="307,129 420,129 420,160 307,160"/>
                    <TextEquiv>
                        <Unicode>étouffer</Unicode>
                    </TextEquiv>
                    <TextStyle fontFamily="Times New Roman" fontSize="9.0"/>
                </Word>
                <Word id="w_w2aab1b1b2b3b1ac45" language="English" custom="readingOrder {index:3;}">
                    <Coords points="435,130 458,130 458,158 435,158"/>
                    <TextEquiv>
                        <Unicode>le</Unicode>
                    </TextEquiv>
                    <TextStyle fontFamily="Times New Roman" fontSize="9.0"/>
                </Word>
                <Word id="w_w2aab1b1b2b3b1ac51" language="English" custom="readingOrder {index:4;}">
                    <Coords points="473,130 551,130 551,158 473,158"/>
                    <TextEquiv>
                        <Unicode>doute</Unicode>
                    </TextEquiv>
                    <TextStyle fontFamily="Times New Roman" fontSize="9.0"/>
                </Word>
                <Word id="w_w2aab1b1b2b3b1ac63" language="English" custom="readingOrder {index:5;}">
                    <Coords points="564,131 609,131 609,168 564,168"/>
                    <TextEquiv>
                        <Unicode>qui</Unicode>
                    </TextEquiv>
                    <TextStyle fontFamily="Times New Roman" fontSize="9.0"/>
                </Word>
                <Word id="w_w2aab1b1b2b3b1ac71" language="English" custom="readingOrder {index:6;}">
                    <Coords points="626,129 784,129 784,161 626,161"/>
                    <TextEquiv>
                        <Unicode>m’accable,</Unicode>
                    </TextEquiv>
                    <TextStyle fontFamily="Times New Roman" fontSize="9.0"/>
                </Word>
                <TextEquiv>
                    <Unicode>Daignez donc étouffer le doute qui m’accable,</Unicode>
                </TextEquiv>
                <TextStyle fontFamily="Times New Roman" fontSize="9.0"/>
            </TextLine>
            <TextEquiv>
                <Unicode>Daignez donc étouffer le doute qui m’accable,</Unicode>
            </TextEquiv>
        </TextRegion>
        <TextRegion type="paragraph" id="r_1_3" custom="readingOrder {index:2;}">
            <Coords points="88,167 787,167 787,241 88,241"/>
            <TextLine id="tl_3" primaryLanguage="English" custom="readingOrder {index:0;}">
                <Coords points="91,168 737,168 737,208 91,208"/>
                <Baseline points="91,198 124,197 212,198 308,197 388,198 482,196 598,197 737,196"/>
                <Word id="w_w2aab1b1b2b5b1ab1" language="English" custom="readingOrder {index:0;}">
                    <Coords points="91,171 124,171 124,198 91,198"/>
                    <TextEquiv>
                        <Unicode>Et</Unicode>
                    </TextEquiv>
                    <TextStyle fontFamily="Times New Roman" fontSize="9.0"/>
                </Word>
                <Word id="w_w2aab1b1b2b5b1ab7" language="English" custom="readingOrder {index:1;}">
                    <Coords points="138,172 212,172 212,198 138,198"/>
                    <TextEquiv>
                        <Unicode>faites</Unicode>
                    </TextEquiv>
                    <TextStyle fontFamily="Times New Roman" fontSize="9.0"/>
                </Word>
                <Word id="w_w2aab1b1b2b5b1ac21" language="English" custom="readingOrder {index:2;}">
                    <Coords points="226,172 308,172 308,208 226,208"/>
                    <TextEquiv>
                        <Unicode>qu’un</Unicode>
                    </TextEquiv>
                    <TextStyle fontFamily="Times New Roman" fontSize="9.0"/>
                </Word>
                <Word id="w_w2aab1b1b2b5b1ac33" language="English" custom="readingOrder {index:3;}">
                    <Coords points="325,179 388,179 388,198 325,198"/>
                    <TextEquiv>
                        <Unicode>aveu</Unicode>
                    </TextEquiv>
                    <TextStyle fontFamily="Times New Roman" fontSize="9.0"/>
                </Word>
                <Word id="w_w2aab1b1b2b5b1ac43" language="English" custom="readingOrder {index:4;}">
                    <Coords points="404,170 482,170 482,198 404,198"/>
                    <TextEquiv>
                        <Unicode>d’une</Unicode>
                    </TextEquiv>
                    <TextStyle fontFamily="Times New Roman" fontSize="9.0"/>
                </Word>
                <Word id="w_w2aab1b1b2b5b1ac55" language="English" custom="readingOrder {index:5;}">
                    <Coords points="496,168 598,168 598,198 496,198"/>
                    <TextEquiv>
                        <Unicode>bouche</Unicode>
                    </TextEquiv>
                    <TextStyle fontFamily="Times New Roman" fontSize="9.0"/>
                </Word>
                <Word id="w_w2aab1b1b2b5b1ac69" language="English" custom="readingOrder {index:6;}">
                    <Coords points="614,169 737,169 737,197 614,197"/>
                    <TextEquiv>
                        <Unicode>adorable</Unicode>
                    </TextEquiv>
                    <TextStyle fontFamily="Times New Roman" fontSize="9.0"/>
                </Word>
                <TextEquiv>
                    <Unicode>Et faites qu’un aveu d’une bouche adorable</Unicode>
                </TextEquiv>
                <TextStyle fontFamily="Times New Roman" fontSize="9.0"/>
            </TextLine>
            <TextLine id="tl_4" primaryLanguage="English" custom="readingOrder {index:1;}">
                <Coords points="89,206 786,206 786,240 89,240"/>
                <Baseline points="89,237 138,237 238,237 325,238 402,237 448,237 519,236 565,236 636,236 786,240"/>
                <Word id="w_w2aab1b1b2b5b3ab1" language="English" custom="readingOrder {index:0;}">
                    <Coords points="89,211 138,211 138,237 89,237"/>
                    <TextEquiv>
                        <Unicode>Mc</Unicode>
                    </TextEquiv>
                    <TextStyle fontFamily="Times New Roman" fontSize="9.0"/>
                </Word>
                <Word id="w_w2aab1b1b2b5b3ab7" language="English" custom="readingOrder {index:1;}">
                    <Coords points="151,209 238,209 238,237 151,237"/>
                    <TextEquiv>
                        <Unicode>donne</Unicode>
                    </TextEquiv>
                    <TextStyle fontFamily="Times New Roman" fontSize="9.0"/>
                </Word>
                <Word id="w_w2aab1b1b2b5b3ac19" language="English" custom="readingOrder {index:2;}">
                    <Coords points="252,206 325,206 325,238 252,238"/>
                    <TextEquiv>
                        <Unicode>l’affu</Unicode>
                    </TextEquiv>
                    <TextStyle fontFamily="Times New Roman" fontSize="9.0"/>
                </Word>
                <Word id="w_w2aab1b1b2b5b3ac33" language="English" custom="readingOrder {index:3;}">
                    <Coords points="328,218 402,218 402,238 328,238"/>
                    <TextEquiv>
                        <Unicode>rance</Unicode>
                    </TextEquiv>
                    <TextStyle fontFamily="Times New Roman" fontSize="9.0"/>
                </Word>
                <Word id="w_w2aab1b1b2b5b3ac45" language="English" custom="readingOrder {index:4;}">
                    <Coords points="417,219 448,219 448,238 417,238"/>
                    <TextEquiv>
                        <Unicode>au</Unicode>
                    </TextEquiv>
                    <TextStyle fontFamily="Times New Roman" fontSize="9.0"/>
                </Word>
                <Word id="w_w2aab1b1b2b5b3ac51" language="English" custom="readingOrder {index:5;}">
                    <Coords points="466,207 519,207 519,236 466,236"/>
                    <TextEquiv>
                        <Unicode>fort</Unicode>
                    </TextEquiv>
                    <TextStyle fontFamily="Times New Roman" fontSize="9.0"/>
                </Word>
                <Word id="w_w2aab1b1b2b5b3ac61" language="English" custom="readingOrder {index:6;}">
                    <Coords points="534,209 565,209 565,237 534,237"/>
                    <TextEquiv>
                        <Unicode>de</Unicode>
                    </TextEquiv>
                    <TextStyle fontFamily="Times New Roman" fontSize="9.0"/>
                </Word>
                <Word id="w_w2aab1b1b2b5b3ac67" language="English" custom="readingOrder {index:7;}">
                    <Coords points="582,218 636,218 636,237 582,237"/>
                    <TextEquiv>
                        <Unicode>tant</Unicode>
                    </TextEquiv>
                    <TextStyle fontFamily="Times New Roman" fontSize="9.0"/>
                </Word>
                <Word id="w_w2aab1b1b2b5b3ac77" language="English" custom="readingOrder {index:8;}">
                    <Coords points="650,207 786,207 786,240 650,240"/>
                    <TextEquiv>
                        <Unicode>d'allants.</Unicode>
                    </TextEquiv>
                    <TextStyle fontFamily="Times New Roman" fontSize="9.0"/>
                </Word>
                <TextEquiv>
                    <Unicode>Me donne l’aſſurance au fort de tant d'aſſauts,</Unicode>
                </TextEquiv>
                <TextStyle fontFamily="Times New Roman" fontSize="9.0"/>
            </TextLine>
            <TextEquiv>
                <Unicode>Et faites qu’un aveu d’une bouche adorable
Me donne l’aſſurance au fort de tant d'aſſauts,</Unicode>
            </TextEquiv>
        </TextRegion>
        <TextRegion type="paragraph" id="r_1_4" custom="readingOrder {index:3;}">
            <Coords points="90,247 805,247 805,288 90,288"/>
            <TextLine id="tl_5" primaryLanguage="English" custom="readingOrder {index:0;}">
                <Coords points="91,248 804,248 804,287 91,287"/>
                <Baseline points="91,284 153,276 191,275 237,276 311,277 427,276 506,276 543,276 608,276 667,275 709,275 804,276"/>
                <Word id="w_w2aab1b1b2b7b1ab1" language="English" custom="readingOrder {index:0;}">
                    <Coords points="91,249 153,249 153,284 91,284"/>
                    <TextEquiv>
                        <Unicode>Que</Unicode>
                    </TextEquiv>
                    <TextStyle fontFamily="Times New Roman" fontSize="9.0"/>
                </Word>
                <Word id="w_w2aab1b1b2b7b1ab9" language="English" custom="readingOrder {index:1;}">
                    <Coords points="166,248 191,248 191,285 166,285"/>
                    <TextEquiv>
                        <Unicode>je</Unicode>
                    </TextEquiv>
                    <TextStyle fontFamily="Times New Roman" fontSize="9.0"/>
                </Word>
                <Word id="w_w2aab1b1b2b7b1ac15" language="English" custom="readingOrder {index:2;}">
                    <Coords points="206,257 237,257 237,277 206,277"/>
                    <TextEquiv>
                        <Unicode>ne</Unicode>
                    </TextEquiv>
                    <TextStyle fontFamily="Times New Roman" fontSize="9.0"/>
                </Word>
                <Word id="w_w2aab1b1b2b7b1ac21" language="English" custom="readingOrder {index:3;}">
                    <Coords points="253,249 311,249 311,287 253,287"/>
                    <TextEquiv>
                        <Unicode>puis</Unicode>
                    </TextEquiv>
                    <TextStyle fontFamily="Times New Roman" fontSize="9.0"/>
                </Word>
                <Word id="w_w2aab1b1b2b7b1ac31" language="English" custom="readingOrder {index:4;}">
                    <Coords points="324,257 427,257 427,277 324,277"/>
                    <TextEquiv>
                        <Unicode>trouver</Unicode>
                    </TextEquiv>
                    <TextStyle fontFamily="Times New Roman" fontSize="9.0"/>
                </Word>
                <Word id="w_w2aab1b1b2b7b1ac47" language="English" custom="readingOrder {index:5;}">
                    <Coords points="442,248 506,248 506,276 442,276"/>
                    <TextEquiv>
                        <Unicode>dans</Unicode>
                    </TextEquiv>
                    <TextStyle fontFamily="Times New Roman" fontSize="9.0"/>
                </Word>
                <Word id="w_w2aab1b1b2b7b1ac57" language="English" custom="readingOrder {index:6;}">
                    <Coords points="519,248 543,248 543,276 519,276"/>
                    <TextEquiv>
                        <Unicode>le</Unicode>
                    </TextEquiv>
                    <TextStyle fontFamily="Times New Roman" fontSize="9.0"/>
                </Word>
                <Word id="w_w2aab1b1b2b7b1ac63" language="English" custom="readingOrder {index:7;}">
                    <Coords points="558,258 608,258 608,287 558,287"/>
                    <TextEquiv>
                        <Unicode>peu</Unicode>
                    </TextEquiv>
                    <TextStyle fontFamily="Times New Roman" fontSize="9.0"/>
                </Word>
                <Word id="w_w2aab1b1b2b7b1ac71" language="English" custom="readingOrder {index:8;}">
                    <Coords points="617,257 667,257 667,287 617,287"/>
                    <TextEquiv>
                        <Unicode>que</Unicode>
                    </TextEquiv>
                    <TextStyle fontFamily="Times New Roman" fontSize="9.0"/>
                </Word>
                <Word id="w_w2aab1b1b2b7b1ac79" language="English" custom="readingOrder {index:9;}">
                    <Coords points="683,249 709,249 709,285 683,285"/>
                    <TextEquiv>
                        <Unicode>je</Unicode>
                    </TextEquiv>
                    <TextStyle fontFamily="Times New Roman" fontSize="9.0"/>
                </Word>
                <Word id="w_w2aab1b1b2b7b1ac85" language="English" custom="readingOrder {index:10;}">
                    <Coords points="725,258 804,258 804,276 725,276"/>
                    <TextEquiv>
                        <Unicode>vaux.</Unicode>
                    </TextEquiv>
                    <TextStyle fontFamily="Times New Roman" fontSize="9.0"/>
                </Word>
                <TextEquiv>
                    <Unicode>Que je ne puis trouver dans le peu que je vaux.</Unicode>
                </TextEquiv>
                <TextStyle fontFamily="Times New Roman" fontSize="9.0"/>
            </TextLine>
            <TextEquiv>
                <Unicode>Que je ne puis trouver dans le peu que je vaux.</Unicode>
            </TextEquiv>
        </TextRegion>
        <TextRegion type="paragraph" id="r_1_5" custom="readingOrder {index:4;}">
            <Coords points="349,288 629,288 629,317 349,317"/>
            <TextLine id="tl_6" primaryLanguage="English" custom="readingOrder {index:0;}">
                <Coords points="350,289 628,289 628,316 350,316"/>
                <Baseline points="350,316 386,316 448,316 482,315 519,315 547,315 586,315 628,315"/>
                <Word id="w_w2aab1b1b2b9b1ab1" language="English" custom="readingOrder {index:0;}">
                    <Coords points="350,290 386,290 386,316 350,316"/>
                    <TextEquiv>
                        <Unicode>D.</Unicode>
                    </TextEquiv>
                    <TextStyle fontFamily="Times New Roman" fontSize="9.0"/>
                </Word>
                <Word id="w_w2aab1b1b2b9b1ab7" language="English" custom="readingOrder {index:1;}">
                    <Coords points="427,289 448,289 448,316 427,316"/>
                    <TextEquiv>
                        <Unicode>E</Unicode>
                    </TextEquiv>
                    <TextStyle fontFamily="Times New Roman" fontSize="9.0"/>
                </Word>
                <Word id="w_w2aab1b1b2b9b1b1b1" language="English" custom="readingOrder {index:2;}">
                    <Coords points="467,297 482,297 482,315 467,315"/>
                    <TextEquiv>
                        <Unicode>L</Unicode>
                    </TextEquiv>
                    <TextStyle fontFamily="Times New Roman" fontSize="6.5"/>
                </Word>
                <Word id="w_w2aab1b1b2b9b1b1b5" language="English" custom="readingOrder {index:3;}">
                    <Coords points="502,297 519,297 519,315 502,315"/>
                    <TextEquiv>
                        <Unicode>U</Unicode>
                    </TextEquiv>
                    <TextStyle fontFamily="Times New Roman" fontSize="6.5"/>
                </Word>
                <Word id="w_w2aab1b1b2b9b1b1b9" language="English" custom="readingOrder {index:4;}">
                    <Coords points="538,297 547,297 547,315 538,315"/>
                    <TextEquiv>
                        <Unicode>I</Unicode>
                    </TextEquiv>
                    <TextStyle fontFamily="Times New Roman" fontSize="6.5"/>
                </Word>
                <Word id="w_w2aab1b1b2b9b1b1c13" language="English" custom="readingOrder {index:5;}">
                    <Coords points="568,296 586,296 586,315 568,315"/>
                    <TextEquiv>
                        <Unicode>R</Unicode>
                    </TextEquiv>
                    <TextStyle fontFamily="Times New Roman" fontSize="6.5"/>
                </Word>
                <Word id="w_w2aab1b1b2b9b1b1c17" language="English" custom="readingOrder {index:6;}">
                    <Coords points="607,298 628,298 628,316 607,316"/>
                    <TextEquiv>
                        <Unicode>ï.</Unicode>
                    </TextEquiv>
                    <TextStyle fontFamily="Times New Roman" fontSize="6.5"/>
                </Word>
                <TextEquiv>
                    <Unicode>D. ELUIRE.</Unicode>
                </TextEquiv>
            </TextLine>
            <TextEquiv>
                <Unicode>D. ELUIRE.</Unicode>
            </TextEquiv>
        </TextRegion>
        <TextRegion type="paragraph" id="r_1_6" custom="readingOrder {index:5;}">
            <Coords points="87,324 891,324 891,556 87,556"/>
            <TextLine id="tl_7" primaryLanguage="English" custom="readingOrder {index:0;}">
                <Coords points="89,325 766,325 766,367 89,367"/>
                <Baseline points="89,356 180,354 230,354 290,356 432,355 469,355 602,354 653,354 766,354"/>
                <Word id="w_w2aab1b1b2c11b1ab1" language="English" custom="readingOrder {index:0;}">
                    <Coords points="89,328 180,328 180,356 89,356"/>
                    <TextEquiv>
                        <Unicode>Prince</Unicode>
                    </TextEquiv>
                    <TextStyle fontFamily="Times New Roman" fontSize="9.0"/>
                </Word>
                <Word id="w_w2aab1b1b2c11b1ac15" language="English" custom="readingOrder {index:1;}">
                    <Coords points="198,325 230,325 230,355 198,355"/>
                    <TextEquiv>
                        <Unicode>de</Unicode>
                    </TextEquiv>
                    <TextStyle fontFamily="Times New Roman" fontSize="9.0"/>
                </Word>
                <Word id="w_w2aab1b1b2c11b1ac21" language="English" custom="readingOrder {index:2;}">
                    <Coords points="245,337 290,337 290,356 245,356"/>
                    <TextEquiv>
                        <Unicode>vos</Unicode>
                    </TextEquiv>
                    <TextStyle fontFamily="Times New Roman" fontSize="9.0"/>
                </Word>
                <Word id="w_w2aab1b1b2c11b1ac29" language="English" custom="readingOrder {index:3;}">
                    <Coords points="303,325 432,325 432,367 303,367"/>
                    <TextEquiv>
                        <Unicode>fôupçons</Unicode>
                    </TextEquiv>
                    <TextStyle fontFamily="Times New Roman" fontSize="9.0"/>
                </Word>
                <Word id="w_w2aab1b1b2c11b1ac47" language="English" custom="readingOrder {index:4;}">
                    <Coords points="445,327 469,327 469,355 445,355"/>
                    <TextEquiv>
                        <Unicode>la</Unicode>
                    </TextEquiv>
                    <TextStyle fontFamily="Times New Roman" fontSize="9.0"/>
                </Word>
                <Word id="w_w2aab1b1b2c11b1ac53" language="English" custom="readingOrder {index:5;}">
                    <Coords points="485,328 602,328 602,366 485,366"/>
                    <TextEquiv>
                        <Unicode>tyrannie</Unicode>
                    </TextEquiv>
                    <TextStyle fontFamily="Times New Roman" fontSize="9.0"/>
                </Word>
                <Word id="w_w2aab1b1b2c11b1ac71" language="English" custom="readingOrder {index:6;}">
                    <Coords points="616,326 653,326 653,355 616,355"/>
                    <TextEquiv>
                        <Unicode>cfl</Unicode>
                    </TextEquiv>
                    <TextStyle fontFamily="Times New Roman" fontSize="9.0"/>
                </Word>
                <Word id="w_w2aab1b1b2c11b1ac79" language="English" custom="readingOrder {index:7;}">
                    <Coords points="670,326 766,326 766,366 670,366"/>
                    <TextEquiv>
                        <Unicode>grande</Unicode>
                    </TextEquiv>
                    <TextStyle fontFamily="Times New Roman" fontSize="9.0"/>
                </Word>
                <TextEquiv>
                    <Unicode>Prince de vos ſoupçons la tyrannie eſt grande</Unicode>
                </TextEquiv>
                <TextStyle fontFamily="Times New Roman" fontSize="9.0"/>
            </TextLine>
            <TextLine id="tl_8" primaryLanguage="English" custom="readingOrder {index:1;}">
                <Coords points="89,364 890,364 890,406 89,406"/>
                <Baseline points="89,395 133,395 262,395 327,395 458,399 502,394 584,393 650,394 739,394 890,398"/>
                <Word id="w_w2aab1b1b2c11b3ab1" language="English" custom="readingOrder {index:0;}">
                    <Coords points="89,369 133,369 133,395 89,395"/>
                    <TextEquiv>
                        <Unicode>Au</Unicode>
                    </TextEquiv>
                    <TextStyle fontFamily="Times New Roman" fontSize="9.0"/>
                </Word>
                <Word id="w_w2aab1b1b2c11b3ab7" language="English" custom="readingOrder {index:1;}">
                    <Coords points="142,366 262,366 262,395 142,395"/>
                    <TextEquiv>
                        <Unicode>moindre</Unicode>
                    </TextEquiv>
                    <TextStyle fontFamily="Times New Roman" fontSize="9.0"/>
                </Word>
                <Word id="w_w2aab1b1b2c11b3ac23" language="English" custom="readingOrder {index:2;}">
                    <Coords points="269,376 327,376 327,395 269,395"/>
                    <TextEquiv>
                        <Unicode>mot</Unicode>
                    </TextEquiv>
                    <TextStyle fontFamily="Times New Roman" fontSize="9.0"/>
                </Word>
                <Word id="w_w2aab1b1b2c11b3ac31" language="English" custom="readingOrder {index:3;}">
                    <Coords points="334,366 458,366 458,406 334,406"/>
                    <TextEquiv>
                        <Unicode>qu’ildit,</Unicode>
                    </TextEquiv>
                    <TextStyle fontFamily="Times New Roman" fontSize="9.0"/>
                </Word>
                <Word id="w_w2aab1b1b2c11b3ac51" language="English" custom="readingOrder {index:4;}">
                    <Coords points="468,377 502,377 502,395 468,395"/>
                    <TextEquiv>
                        <Unicode>un</Unicode>
                    </TextEquiv>
                    <TextStyle fontFamily="Times New Roman" fontSize="9.0"/>
                </Word>
                <Word id="w_w2aab1b1b2c11b3ac57" language="English" custom="readingOrder {index:5;}">
                    <Coords points="511,376 584,376 584,394 511,394"/>
                    <TextEquiv>
                        <Unicode>cœur</Unicode>
                    </TextEquiv>
                    <TextStyle fontFamily="Times New Roman" fontSize="9.0"/>
                </Word>
                <Word id="w_w2aab1b1b2c11b3ac67" language="English" custom="readingOrder {index:6;}">
                    <Coords points="591,375 650,375 650,394 591,394"/>
                    <TextEquiv>
                        <Unicode>veut</Unicode>
                    </TextEquiv>
                    <TextStyle fontFamily="Times New Roman" fontSize="9.0"/>
                </Word>
                <Word id="w_w2aab1b1b2c11b3ac77" language="English" custom="readingOrder {index:7;}">
                    <Coords points="657,368 739,368 739,405 657,405"/>
                    <TextEquiv>
                        <Unicode>qu’on</Unicode>
                    </TextEquiv>
                    <TextStyle fontFamily="Times New Roman" fontSize="9.0"/>
                </Word>
                <Word id="w_w2aab1b1b2c11b3ac89" language="English" custom="readingOrder {index:8;}">
                    <Coords points="748,364 890,364 890,398 748,398"/>
                    <TextEquiv>
                        <Unicode>l’entende,</Unicode>
                    </TextEquiv>
                    <TextStyle fontFamily="Times New Roman" fontSize="9.0"/>
                </Word>
                <TextEquiv>
                    <Unicode>Au moindre mot qu’il dit, un cœur veut qu’on l’entende,</Unicode>
                </TextEquiv>
                <TextStyle fontFamily="Times New Roman" fontSize="9.0"/>
            </TextLine>
            <TextLine id="tl_9" primaryLanguage="English" custom="readingOrder {index:2;}">
                <Coords points="88,405 738,405 738,445 88,445"/>
                <Baseline points="88,434 121,433 236,434 295,435 349,435 443,437 525,434 738,433"/>
                <Word id="w_w2aab1b1b2c11b5ab1" language="English" custom="readingOrder {index:0;}">
                    <Coords points="88,406 121,406 121,434 88,434"/>
                    <TextEquiv>
                        <Unicode>Et</Unicode>
                    </TextEquiv>
                    <TextStyle fontFamily="Times New Roman" fontSize="9.0"/>
                </Word>
                <Word id="w_w2aab1b1b2c11b5ab7" language="English" custom="readingOrder {index:1;}">
                    <Coords points="138,406 236,406 236,434 138,434"/>
                    <TextEquiv>
                        <Unicode>n’aime</Unicode>
                    </TextEquiv>
                    <TextStyle fontFamily="Times New Roman" fontSize="9.0"/>
                </Word>
                <Word id="w_w2aab1b1b2c11b5ac21" language="English" custom="readingOrder {index:2;}">
                    <Coords points="251,416 295,416 295,445 251,445"/>
                    <TextEquiv>
                        <Unicode>pas</Unicode>
                    </TextEquiv>
                    <TextStyle fontFamily="Times New Roman" fontSize="9.0"/>
                </Word>
                <Word id="w_w2aab1b1b2c11b5ac29" language="English" custom="readingOrder {index:3;}">
                    <Coords points="307,416 349,416 349,435 307,435"/>
                    <TextEquiv>
                        <Unicode>ces</Unicode>
                    </TextEquiv>
                    <TextStyle fontFamily="Times New Roman" fontSize="9.0"/>
                </Word>
                <Word id="w_w2aab1b1b2c11b5ac37" language="English" custom="readingOrder {index:4;}">
                    <Coords points="364,405 443,405 443,437 364,437"/>
                    <TextEquiv>
                        <Unicode>feux,</Unicode>
                    </TextEquiv>
                    <TextStyle fontFamily="Times New Roman" fontSize="9.0"/>
                </Word>
                <Word id="w_w2aab1b1b2c11b5ac49" language="English" custom="readingOrder {index:5;}">
                    <Coords points="460,405 525,405 525,434 460,434"/>
                    <TextEquiv>
                        <Unicode>dont</Unicode>
                    </TextEquiv>
                    <TextStyle fontFamily="Times New Roman" fontSize="9.0"/>
                </Word>
                <Word id="w_w2aab1b1b2c11b5ac59" language="English" custom="readingOrder {index:6;}">
                    <Coords points="543,405 738,405 738,444 543,444"/>
                    <TextEquiv>
                        <Unicode>l’importunité</Unicode>
                    </TextEquiv>
                    <TextStyle fontFamily="Times New Roman" fontSize="9.0"/>
                </Word>
                <TextEquiv>
                    <Unicode>Et n’aime pas ces feux, dont l’importunité</Unicode>
                </TextEquiv>
                <TextStyle fontFamily="Times New Roman" fontSize="9.0"/>
            </TextLine>
            <TextLine id="tl_10" primaryLanguage="English" custom="readingOrder {index:3;}">
                <Coords points="88,444 739,444 739,484 88,484"/>
                <Baseline points="88,473 318,473 453,472 528,473 599,473 645,472 739,472"/>
                <Word id="w_w2aab1b1b2c11b7ab1" language="English" custom="readingOrder {index:0;}">
                    <Coords points="88,445 318,445 318,484 88,484"/>
                    <TextEquiv>
                        <Unicode>Demand^qu’on</Unicode>
                    </TextEquiv>
                    <TextStyle fontFamily="Times New Roman" fontSize="9.0"/>
                </Word>
                <Word id="w_w2aab1b1b2c11b7ac27" language="English" custom="readingOrder {index:1;}">
                    <Coords points="332,446 453,446 453,484 332,484"/>
                    <TextEquiv>
                        <Unicode>explique</Unicode>
                    </TextEquiv>
                    <TextStyle fontFamily="Times New Roman" fontSize="9.0"/>
                </Word>
                <Word id="w_w2aab1b1b2c11b7ac45" language="English" custom="readingOrder {index:2;}">
                    <Coords points="468,455 528,455 528,473 468,473"/>
                    <TextEquiv>
                        <Unicode>avec</Unicode>
                    </TextEquiv>
                    <TextStyle fontFamily="Times New Roman" fontSize="9.0"/>
                </Word>
                <Word id="w_w2aab1b1b2c11b7ac55" language="English" custom="readingOrder {index:3;}">
                    <Coords points="544,454 599,454 599,473 544,473"/>
                    <TextEquiv>
                        <Unicode>tant</Unicode>
                    </TextEquiv>
                    <TextStyle fontFamily="Times New Roman" fontSize="9.0"/>
                </Word>
                <Word id="w_w2aab1b1b2c11b7ac65" language="English" custom="readingOrder {index:4;}">
                    <Coords points="615,445 645,445 645,473 615,473"/>
                    <TextEquiv>
                        <Unicode>de</Unicode>
                    </TextEquiv>
                    <TextStyle fontFamily="Times New Roman" fontSize="9.0"/>
                </Word>
                <Word id="w_w2aab1b1b2c11b7ac71" language="English" custom="readingOrder {index:5;}">
                    <Coords points="659,444 739,444 739,472 659,472"/>
                    <TextEquiv>
                        <Unicode>clarté</Unicode>
                    </TextEquiv>
                    <TextStyle fontFamily="Times New Roman" fontSize="9.0"/>
                </Word>
                <TextEquiv>
                    <Unicode>Demande qu’on explique avec tant de clarté</Unicode>
                </TextEquiv>
                <TextStyle fontFamily="Times New Roman" fontSize="9.0"/>
            </TextLine>
            <TextLine id="tl_11" primaryLanguage="English" custom="readingOrder {index:4;}">
                <Coords points="88,483 825,483 825,524 88,524"/>
                <Baseline points="88,512 125,511 252,512 441,512 499,511 639,512 726,511 825,513"/>
                <Word id="w_w2aab1b1b2c11b9ab1" language="English" custom="readingOrder {index:0;}">
                    <Coords points="88,485 125,485 125,512 88,512"/>
                    <TextEquiv>
                        <Unicode>Le</Unicode>
                    </TextEquiv>
                    <TextStyle fontFamily="Times New Roman" fontSize="9.0"/>
                </Word>
                <Word id="w_w2aab1b1b2c11b9ab7" language="English" custom="readingOrder {index:1;}">
                    <Coords points="139,485 252,485 252,524 139,524"/>
                    <TextEquiv>
                        <Unicode>premier</Unicode>
                    </TextEquiv>
                    <TextStyle fontFamily="Times New Roman" fontSize="9.0"/>
                </Word>
                <Word id="w_w2aab1b1b2c11b9ac23" language="English" custom="readingOrder {index:2;}">
                    <Coords points="266,493 441,493 441,514 266,514"/>
                    <TextEquiv>
                        <Unicode>mouvement</Unicode>
                    </TextEquiv>
                    <TextStyle fontFamily="Times New Roman" fontSize="9.0"/>
                </Word>
                <Word id="w_w2aab1b1b2c11b9ac43" language="English" custom="readingOrder {index:3;}">
                    <Coords points="454,486 499,486 499,523 454,523"/>
                    <TextEquiv>
                        <Unicode>qui</Unicode>
                    </TextEquiv>
                    <TextStyle fontFamily="Times New Roman" fontSize="9.0"/>
                </Word>
                <Word id="w_w2aab1b1b2c11b9ac51" language="English" custom="readingOrder {index:4;}">
                    <Coords points="512,484 639,484 639,512 512,512"/>
                    <TextEquiv>
                        <Unicode>découvre</Unicode>
                    </TextEquiv>
                    <TextStyle fontFamily="Times New Roman" fontSize="9.0"/>
                </Word>
                <Word id="w_w2aab1b1b2c11b9ac69" language="English" custom="readingOrder {index:5;}">
                    <Coords points="652,483 726,483 726,511 652,511"/>
                    <TextEquiv>
                        <Unicode>nôtre</Unicode>
                    </TextEquiv>
                    <TextStyle fontFamily="Times New Roman" fontSize="9.0"/>
                </Word>
                <Word id="w_w2aab1b1b2c11b9ac81" language="English" custom="readingOrder {index:6;}">
                    <Coords points="739,493 825,493 825,517 739,517"/>
                    <TextEquiv>
                        <Unicode>ame,.</Unicode>
                    </TextEquiv>
                    <TextStyle fontFamily="Times New Roman" fontSize="9.0"/>
                </Word>
                <TextEquiv>
                    <Unicode>Le premier mouvement qui découvre nôtre ame,</Unicode>
                </TextEquiv>
                <TextStyle fontFamily="Times New Roman" fontSize="9.0"/>
            </TextLine>
            <TextLine id="tl_12" primaryLanguage="English" custom="readingOrder {index:5;}">
                <Coords points="90,522 742,522 742,555 90,555"/>
                <Baseline points="90,551 158,552 235,551 352,552 457,550 628,552 742,555"/>
                <Word id="w_w2aab1b1b2c11c11ab1" language="English" custom="readingOrder {index:0;}">
                    <Coords points="90,525 158,525 158,552 90,552"/>
                    <TextEquiv>
                        <Unicode>Doit</Unicode>
                    </TextEquiv>
                    <TextStyle fontFamily="Times New Roman" fontSize="9.0"/>
                </Word>
                <Word id="w_w2aab1b1b2c11c11ac11" language="English" custom="readingOrder {index:1;}">
                    <Coords points="172,523 235,523 235,552 172,552"/>
                    <TextEquiv>
                        <Unicode>d’un</Unicode>
                    </TextEquiv>
                    <TextStyle fontFamily="Times New Roman" fontSize="9.0"/>
                </Word>
                <Word id="w_w2aab1b1b2c11c11ac21" language="English" custom="readingOrder {index:2;}">
                    <Coords points="253,527 352,527 352,553 253,553"/>
                    <TextEquiv>
                        <Unicode>Amant</Unicode>
                    </TextEquiv>
                    <TextStyle fontFamily="Times New Roman" fontSize="9.0"/>
                </Word>
                <Word id="w_w2aab1b1b2c11c11ac33" language="English" custom="readingOrder {index:3;}">
                    <Coords points="366,522 457,522 457,551 366,551"/>
                    <TextEquiv>
                        <Unicode>discret</Unicode>
                    </TextEquiv>
                    <TextStyle fontFamily="Times New Roman" fontSize="9.0"/>
                </Word>
                <Word id="w_w2aab1b1b2c11c11ac49" language="English" custom="readingOrder {index:4;}">
                    <Coords points="473,522 628,522 628,552 473,552"/>
                    <TextEquiv>
                        <Unicode>fatisfairela</Unicode>
                    </TextEquiv>
                    <TextStyle fontFamily="Times New Roman" fontSize="9.0"/>
                </Word>
                <Word id="w_w2aab1b1b2c11c11ac75" language="English" custom="readingOrder {index:5;}">
                    <Coords points="645,523 742,523 742,555 645,555"/>
                    <TextEquiv>
                        <Unicode>flame,</Unicode>
                    </TextEquiv>
                    <TextStyle fontFamily="Times New Roman" fontSize="9.0"/>
                </Word>
                <TextEquiv>
                    <Unicode>Doit d’un Amant diſcret ſatisfaire la flâme,</Unicode>
                </TextEquiv>
                <TextStyle fontFamily="Times New Roman" fontSize="9.0"/>
            </TextLine>
            <TextEquiv>
                <Unicode>Prince de vos ſoupçons la tyrannie eſt grande
Au moindre mot qu’il dit, un cœur veut qu’on l’entende,
Et n’aime pas ces feux, dont l’importunité
Demande qu’on explique avec tant de clarté
Le premier mouvement qui découvre nôtre ame,
Doit d’un Amant diſcret ſatisfaire la flâme,</Unicode>
            </TextEquiv>
        </TextRegion>
        <TextRegion type="paragraph" id="r_1_7" custom="readingOrder {index:6;}">
            <Coords points="88,560 733,560 733,595 88,595"/>
            <TextLine id="tl_13" primaryLanguage="English" custom="readingOrder {index:0;}">
                <Coords points="89,561 732,561 732,594 89,594"/>
                <Baseline points="89,590 123,591 207,590 238,591 306,591 409,590 566,590 622,590 732,594"/>
                <Word id="w_w2aab1b1b2c13b1ab1" language="English" custom="readingOrder {index:0;}">
                    <Coords points="89,563 123,563 123,591 89,591"/>
                    <TextEquiv>
                        <Unicode>Et</Unicode>
                    </TextEquiv>
                    <TextStyle fontFamily="Times New Roman" fontSize="9.0"/>
                </Word>
                <Word id="w_w2aab1b1b2c13b1ab7" language="English" custom="readingOrder {index:1;}">
                    <Coords points="146,562 207,562 207,591 146,591"/>
                    <TextEquiv>
                        <Unicode>c’eft</Unicode>
                    </TextEquiv>
                    <TextStyle fontFamily="Times New Roman" fontSize="9.0"/>
                </Word>
                <Word id="w_w2aab1b1b2c13b1ac19" language="English" custom="readingOrder {index:2;}">
                    <Coords points="223,563 238,563 238,591 223,591"/>
                    <TextEquiv>
                        <Unicode>à</Unicode>
                    </TextEquiv>
                    <TextStyle fontFamily="Times New Roman" fontSize="9.0"/>
                </Word>
                <Word id="w_w2aab1b1b2c13b1ac23" language="English" custom="readingOrder {index:3;}">
                    <Coords points="253,565 306,565 306,592 253,592"/>
                    <TextEquiv>
                        <Unicode>s’en</Unicode>
                    </TextEquiv>
                    <TextStyle fontFamily="Times New Roman" fontSize="9.0"/>
                </Word>
                <Word id="w_w2aab1b1b2c13b1ac33" language="English" custom="readingOrder {index:4;}">
                    <Coords points="320,563 409,563 409,591 320,591"/>
                    <TextEquiv>
                        <Unicode>dédire</Unicode>
                    </TextEquiv>
                    <TextStyle fontFamily="Times New Roman" fontSize="9.0"/>
                </Word>
                <Word id="w_w2aab1b1b2c13b1ac47" language="English" custom="readingOrder {index:5;}">
                    <Coords points="422,561 566,561 566,591 422,591"/>
                    <TextEquiv>
                        <Unicode>authorifer</Unicode>
                    </TextEquiv>
                    <TextStyle fontFamily="Times New Roman" fontSize="9.0"/>
                </Word>
                <Word id="w_w2aab1b1b2c13b1ac69" language="English" custom="readingOrder {index:6;}">
                    <Coords points="575,573 622,573 622,590 575,590"/>
                    <TextEquiv>
                        <Unicode>nos</Unicode>
                    </TextEquiv>
                    <TextStyle fontFamily="Times New Roman" fontSize="9.0"/>
                </Word>
                <Word id="w_w2aab1b1b2c13b1ac77" language="English" custom="readingOrder {index:7;}">
                    <Coords points="636,572 732,572 732,594 636,594"/>
                    <TextEquiv>
                        <Unicode>voeux,</Unicode>
                    </TextEquiv>
                    <TextStyle fontFamily="Times New Roman" fontSize="9.0"/>
                </Word>
                <TextEquiv>
                    <Unicode>Et c’eſt à s’en dédire authoriſer nos vœux,</Unicode>
                </TextEquiv>
                <TextStyle fontFamily="Times New Roman" fontSize="9.0"/>
            </TextLine>
            <TextEquiv>
                <Unicode>Et c’eſt à s’en dédire authoriſer nos vœux,</Unicode>
            </TextEquiv>
        </TextRegion>
        <TextRegion type="paragraph" id="r_1_8" custom="readingOrder {index:7;}">
            <Coords points="88,598 752,598 752,641 88,641"/>
            <TextLine id="tl_14" primaryLanguage="English" custom="readingOrder {index:0;}">
                <Coords points="89,599 751,599 751,640 89,640"/>
                <Baseline points="89,638 151,629 269,629 340,630 430,630 538,629 585,629 648,630 751,629"/>
                <Word id="w_w2aab1b1b2c15b1ab1" language="English" custom="readingOrder {index:0;}">
                    <Coords points="89,602 151,602 151,638 89,638"/>
                    <TextEquiv>
                        <Unicode>Que</Unicode>
                    </TextEquiv>
                    <TextStyle fontFamily="Times New Roman" fontSize="9.0"/>
                </Word>
                <Word id="w_w2aab1b1b2c15b1ab9" language="English" custom="readingOrder {index:1;}">
                    <Coords points="167,601 269,601 269,630 167,630"/>
                    <TextEquiv>
                        <Unicode>vouloir</Unicode>
                    </TextEquiv>
                    <TextStyle fontFamily="Times New Roman" fontSize="9.0"/>
                </Word>
                <Word id="w_w2aab1b1b2c15b1ac25" language="English" custom="readingOrder {index:2;}">
                    <Coords points="283,603 340,603 340,640 283,640"/>
                    <TextEquiv>
                        <Unicode>plus</Unicode>
                    </TextEquiv>
                    <TextStyle fontFamily="Times New Roman" fontSize="9.0"/>
                </Word>
                <Word id="w_w2aab1b1b2c15b1ac35" language="English" custom="readingOrder {index:3;}">
                    <Coords points="354,611 430,611 430,630 354,630"/>
                    <TextEquiv>
                        <Unicode>avant</Unicode>
                    </TextEquiv>
                    <TextStyle fontFamily="Times New Roman" fontSize="9.0"/>
                </Word>
                <Word id="w_w2aab1b1b2c15b1ac47" language="English" custom="readingOrder {index:4;}">
                    <Coords points="437,599 538,599 538,640 437,640"/>
                    <TextEquiv>
                        <Unicode>pouffer</Unicode>
                    </TextEquiv>
                    <TextStyle fontFamily="Times New Roman" fontSize="9.0"/>
                </Word>
                <Word id="w_w2aab1b1b2c15b1ac63" language="English" custom="readingOrder {index:5;}">
                    <Coords points="553,601 585,601 585,630 553,630"/>
                    <TextEquiv>
                        <Unicode>de</Unicode>
                    </TextEquiv>
                    <TextStyle fontFamily="Times New Roman" fontSize="9.0"/>
                </Word>
                <Word id="w_w2aab1b1b2c15b1ac69" language="English" custom="readingOrder {index:6;}">
                    <Coords points="600,602 648,602 648,630 600,630"/>
                    <TextEquiv>
                        <Unicode>tels</Unicode>
                    </TextEquiv>
                    <TextStyle fontFamily="Times New Roman" fontSize="9.0"/>
                </Word>
                <Word id="w_w2aab1b1b2c15b1ac79" language="English" custom="readingOrder {index:7;}">
                    <Coords points="662,612 751,612 751,630 662,630"/>
                    <TextEquiv>
                        <Unicode>aveux.</Unicode>
                    </TextEquiv>
                    <TextStyle fontFamily="Times New Roman" fontSize="9.0"/>
                </Word>
                <TextEquiv>
                    <Unicode>Que vouloir plus avant pouſſer de tels aveux.</Unicode>
                </TextEquiv>
                <TextStyle fontFamily="Times New Roman" fontSize="9.0"/>
            </TextLine>
            <TextEquiv>
                <Unicode>Que vouloir plus avant pouſſer de tels aveux.</Unicode>
            </TextEquiv>
        </TextRegion>
        <TextRegion type="paragraph" id="r_1_9" custom="readingOrder {index:8;}">
            <Coords points="85,639 855,639 855,758 85,758"/>
            <TextLine id="tl_15" primaryLanguage="English" custom="readingOrder {index:0;}">
                <Coords points="87,640 839,640 839,680 87,680"/>
                <Baseline points="87,678 118,668 165,669 219,669 307,669 479,673 538,668 659,668 839,674"/>
                <Word id="w_w2aab1b1b2c17b1ab1" language="English" custom="readingOrder {index:0;}">
                    <Coords points="87,642 118,642 118,678 87,678"/>
                    <TextEquiv>
                        <Unicode>Je</Unicode>
                    </TextEquiv>
                    <TextStyle fontFamily="Times New Roman" fontSize="9.0"/>
                </Word>
                <Word id="w_w2aab1b1b2c17b1ab7" language="English" custom="readingOrder {index:1;}">
                    <Coords points="134,651 165,651 165,669 134,669"/>
                    <TextEquiv>
                        <Unicode>ne</Unicode>
                    </TextEquiv>
                    <TextStyle fontFamily="Times New Roman" fontSize="9.0"/>
                </Word>
                <Word id="w_w2aab1b1b2c17b1ac13" language="English" custom="readingOrder {index:2;}">
                    <Coords points="180,640 219,640 219,669 180,669"/>
                    <TextEquiv>
                        <Unicode>dis</Unicode>
                    </TextEquiv>
                    <TextStyle fontFamily="Times New Roman" fontSize="9.0"/>
                </Word>
                <Word id="w_w2aab1b1b2c17b1ac21" language="English" custom="readingOrder {index:3;}">
                    <Coords points="232,643 307,643 307,680 232,680"/>
                    <TextEquiv>
                        <Unicode>point</Unicode>
                    </TextEquiv>
                    <TextStyle fontFamily="Times New Roman" fontSize="9.0"/>
                </Word>
                <Word id="w_w2aab1b1b2c17b1ac33" language="English" custom="readingOrder {index:4;}">
                    <Coords points="320,641 479,641 479,680 320,680"/>
                    <TextEquiv>
                        <Unicode>quelchoix,</Unicode>
                    </TextEquiv>
                    <TextStyle fontFamily="Times New Roman" fontSize="9.0"/>
                </Word>
                <Word id="w_w2aab1b1b2c17b1ac55" language="English" custom="readingOrder {index:5;}">
                    <Coords points="499,641 538,641 538,669 499,669"/>
                    <TextEquiv>
                        <Unicode>s'il</Unicode>
                    </TextEquiv>
                    <TextStyle fontFamily="Times New Roman" fontSize="9.0"/>
                </Word>
                <Word id="w_w2aab1b1b2c17b1ac65" language="English" custom="readingOrder {index:6;}">
                    <Coords points="554,641 659,641 659,669 554,669"/>
                    <TextEquiv>
                        <Unicode>m’étoit</Unicode>
                    </TextEquiv>
                    <TextStyle fontFamily="Times New Roman" fontSize="9.0"/>
                </Word>
                <Word id="w_w2aab1b1b2c17b1ac81" language="English" custom="readingOrder {index:7;}">
                    <Coords points="676,641 839,641 839,674 676,674"/>
                    <TextEquiv>
                        <Unicode>volontaire,</Unicode>
                    </TextEquiv>
                    <TextStyle fontFamily="Times New Roman" fontSize="9.0"/>
                </Word>
                <TextEquiv>
                    <Unicode>Je ne dis point quel choix, s'il m’étoit volontaire,</Unicode>
                </TextEquiv>
                <TextStyle fontFamily="Times New Roman" fontSize="9.0"/>
            </TextLine>
            <TextLine id="tl_16" primaryLanguage="English" custom="readingOrder {index:1;}">
                <Coords points="87,679 838,679 838,719 87,719"/>
                <Baseline points="87,709 168,708 251,708 302,709 357,710 460,712 545,708 618,707 750,708 822,707 838,713"/>
                <Word id="w_w2aab1b1b2c17b3ab1" language="English" custom="readingOrder {index:0;}">
                    <Coords points="87,681 168,681 168,709 87,709"/>
                    <TextEquiv>
                        <Unicode>Entre</Unicode>
                    </TextEquiv>
                    <TextStyle fontFamily="Times New Roman" fontSize="9.0"/>
                </Word>
                <Word id="w_w2aab1b1b2c17b3ac13" language="English" custom="readingOrder {index:1;}">
                    <Coords points="176,681 251,681 251,708 176,708"/>
                    <TextEquiv>
                        <Unicode>Dom</Unicode>
                    </TextEquiv>
                    <TextStyle fontFamily="Times New Roman" fontSize="9.0"/>
                </Word>
                <Word id="w_w2aab1b1b2c17b3ac21" language="English" custom="readingOrder {index:2;}">
                    <Coords points="261,681 333,681 333,719 261,719"/>
                    <TextEquiv>
                        <Unicode>Sylve</Unicode>
                    </TextEquiv>
                    <TextStyle fontFamily="Times New Roman" fontSize="9.0"/>
                </Word>
                <Word id="w_w2aab1b1b2c17b3b1b1" language="English" custom="readingOrder {index:3;}">
                    <Coords points="341,685 367,685 367,710 341,710"/>
                    <TextEquiv>
                        <Unicode>Si</Unicode>
                    </TextEquiv>
                    <TextStyle fontFamily="Times New Roman" fontSize="9.0" italic="true"/>
                </Word>
                <Word id="w_w2aab1b1b2c17b3b2b3" language="English" custom="readingOrder {index:4;}">
                    <Coords points="379,690 460,690 460,712 379,712"/>
                    <TextEquiv>
                        <Unicode>vous,</Unicode>
                    </TextEquiv>
                    <TextStyle fontFamily="Times New Roman" fontSize="9.0"/>
                </Word>
                <Word id="w_w2aab1b1b2c17b3b2c15" language="English" custom="readingOrder {index:5;}">
                    <Coords points="478,690 545,690 545,708 478,708"/>
                    <TextEquiv>
                        <Unicode>mon</Unicode>
                    </TextEquiv>
                    <TextStyle fontFamily="Times New Roman" fontSize="9.0"/>
                </Word>
                <Word id="w_w2aab1b1b2c17b3b2c23" language="English" custom="readingOrder {index:6;}">
                    <Coords points="558,690 618,690 618,708 558,708"/>
                    <TextEquiv>
                        <Unicode>ame</Unicode>
                    </TextEquiv>
                    <TextStyle fontFamily="Times New Roman" fontSize="9.0"/>
                </Word>
                <Word id="w_w2aab1b1b2c17b3b2c31" language="English" custom="readingOrder {index:7;}">
                    <Coords points="631,681 750,681 750,719 631,719"/>
                    <TextEquiv>
                        <Unicode>pourroit</Unicode>
                    </TextEquiv>
                    <TextStyle fontFamily="Times New Roman" fontSize="9.0"/>
                </Word>
                <Word id="w_w2aab1b1b2c17b3b2c49" language="English" custom="readingOrder {index:8;}">
                    <Coords points="757,679 822,679 822,709 757,709"/>
                    <TextEquiv>
                        <Unicode>faire</Unicode>
                    </TextEquiv>
                    <TextStyle fontFamily="Times New Roman" fontSize="9.0"/>
                </Word>
                <Word id="w_w2aab1b1b2c17b3b2c61" language="English" custom="readingOrder {index:9;}">
                    <Coords points="831,694 838,694 838,713 831,713"/>
                    <TextEquiv>
                        <Unicode>-,</Unicode>
                    </TextEquiv>
                    <TextStyle fontFamily="Times New Roman" fontSize="9.0"/>
                </Word>
                <TextEquiv>
                    <Unicode>Entre Dom Sylve &amp; vous, mon ame pourroit faire;</Unicode>
                </TextEquiv>
            </TextLine>
            <TextLine id="tl_17" primaryLanguage="English" custom="readingOrder {index:2;}">
                <Coords points="86,719 854,719 854,757 86,757"/>
                <Baseline points="86,748 159,749 275,748 351,748 527,747 549,748 647,747 736,746 854,753"/>
                <Word id="w_w2aab1b1b2c17b5ab1" language="English" custom="readingOrder {index:0;}">
                    <Coords points="86,721 159,721 159,749 86,749"/>
                    <TextEquiv>
                        <Unicode>Mais</Unicode>
                    </TextEquiv>
                    <TextStyle fontFamily="Times New Roman" fontSize="9.0"/>
                </Word>
                <Word id="w_w2aab1b1b2c17b5ac11" language="English" custom="readingOrder {index:1;}">
                    <Coords points="173,720 275,720 275,748 173,748"/>
                    <TextEquiv>
                        <Unicode>vouloir</Unicode>
                    </TextEquiv>
                    <TextStyle fontFamily="Times New Roman" fontSize="9.0"/>
                </Word>
                <Word id="w_w2aab1b1b2c17b5ac27" language="English" custom="readingOrder {index:2;}">
                    <Coords points="289,731 351,731 351,749 289,749"/>
                    <TextEquiv>
                        <Unicode>vous</Unicode>
                    </TextEquiv>
                    <TextStyle fontFamily="Times New Roman" fontSize="9.0"/>
                </Word>
                <Word id="w_w2aab1b1b2c17b5ac37" language="English" custom="readingOrder {index:3;}">
                    <Coords points="364,719 527,719 527,748 364,748"/>
                    <TextEquiv>
                        <Unicode>contraindre</Unicode>
                    </TextEquiv>
                    <TextStyle fontFamily="Times New Roman" fontSize="9.0"/>
                </Word>
                <Word id="w_w2aab1b1b2c17b5ac61" language="English" custom="readingOrder {index:4;}">
                    <Coords points="534,719 549,719 549,748 534,748"/>
                    <TextEquiv>
                        <Unicode>à</Unicode>
                    </TextEquiv>
                    <TextStyle fontFamily="Times New Roman" fontSize="9.0"/>
                </Word>
                <Word id="w_w2aab1b1b2c17b5ac65" language="English" custom="readingOrder {index:5;}">
                    <Coords points="565,728 647,728 647,748 565,748"/>
                    <TextEquiv>
                        <Unicode>netre</Unicode>
                    </TextEquiv>
                    <TextStyle fontFamily="Times New Roman" fontSize="9.0"/>
                </Word>
                <Word id="w_w2aab1b1b2c17b5ac77" language="English" custom="readingOrder {index:6;}">
                    <Coords points="662,720 736,720 736,757 662,757"/>
                    <TextEquiv>
                        <Unicode>point</Unicode>
                    </TextEquiv>
                    <TextStyle fontFamily="Times New Roman" fontSize="9.0"/>
                </Word>
                <Word id="w_w2aab1b1b2c17b5ac89" language="English" custom="readingOrder {index:7;}">
                    <Coords points="749,719 854,719 854,755 749,755"/>
                    <TextEquiv>
                        <Unicode>jaloux,</Unicode>
                    </TextEquiv>
                    <TextStyle fontFamily="Times New Roman" fontSize="9.0"/>
                </Word>
                <TextEquiv>
                    <Unicode>Mais vouloir vous contraindre à n'être point jaloux,</Unicode>
                </TextEquiv>
                <TextStyle fontFamily="Times New Roman" fontSize="9.0"/>
            </TextLine>
            <TextEquiv>
                <Unicode>Je ne dis point quel choix, s'il m’étoit volontaire,
Entre Dom Sylve &amp; vous, mon ame pourroit faire;
Mais vouloir vous contraindre à n'être point jaloux,</Unicode>
            </TextEquiv>
        </TextRegion>
        <TextRegion type="paragraph" id="r_1_10" custom="readingOrder {index:9;}">
            <Coords points="86,757 792,757 792,799 86,799"/>
            <TextLine id="tl_18" primaryLanguage="English" custom="readingOrder {index:0;}">
                <Coords points="87,758 791,758 791,798 87,798"/>
                <Baseline points="87,787 111,787 129,788 183,787 234,787 353,786 443,786 475,787 548,787 630,785 696,785 791,792"/>
                <Word id="w_w2aab1b1b2c19b1ab1" language="English" custom="readingOrder {index:0;}">
                    <Coords points="87,762 111,762 111,787 87,787"/>
                    <TextEquiv>
                        <Unicode>A</Unicode>
                    </TextEquiv>
                    <TextStyle fontFamily="Times New Roman" fontSize="9.0"/>
                </Word>
                <Word id="w_w2aab1b1b2c19b1ab5" language="English" custom="readingOrder {index:1;}">
                    <Coords points="115,769 129,769 129,788 115,788"/>
                    <TextEquiv>
                        <Unicode>u</Unicode>
                    </TextEquiv>
                    <TextStyle fontFamily="Times New Roman" fontSize="9.0"/>
                </Word>
                <Word id="w_w2aab1b1b2c19b1ab9" language="English" custom="readingOrder {index:2;}">
                    <Coords points="133,760 183,760 183,787 133,787"/>
                    <TextEquiv>
                        <Unicode>toit</Unicode>
                    </TextEquiv>
                    <TextStyle fontFamily="Times New Roman" fontSize="9.0"/>
                </Word>
                <Word id="w_w2aab1b1b2c19b1ac19" language="English" custom="readingOrder {index:3;}">
                    <Coords points="196,758 234,758 234,787 196,787"/>
                    <TextEquiv>
                        <Unicode>dit</Unicode>
                    </TextEquiv>
                    <TextStyle fontFamily="Times New Roman" fontSize="9.0"/>
                </Word>
                <Word id="w_w2aab1b1b2c19b1ac27" language="English" custom="readingOrder {index:4;}">
                    <Coords points="240,760 353,760 353,798 240,798"/>
                    <TextEquiv>
                        <Unicode>quelque</Unicode>
                    </TextEquiv>
                    <TextStyle fontFamily="Times New Roman" fontSize="9.0"/>
                </Word>
                <Word id="w_w2aab1b1b2c19b1ac43" language="English" custom="readingOrder {index:5;}">
                    <Coords points="367,758 443,758 443,787 367,787"/>
                    <TextEquiv>
                        <Unicode>chofe</Unicode>
                    </TextEquiv>
                    <TextStyle fontFamily="Times New Roman" fontSize="9.0"/>
                </Word>
                <Word id="w_w2aab1b1b2c19b1ac55" language="English" custom="readingOrder {index:6;}">
                    <Coords points="459,758 475,758 475,787 459,787"/>
                    <TextEquiv>
                        <Unicode>à</Unicode>
                    </TextEquiv>
                    <TextStyle fontFamily="Times New Roman" fontSize="9.0"/>
                </Word>
                <Word id="w_w2aab1b1b2c19b1ac59" language="English" custom="readingOrder {index:7;}">
                    <Coords points="492,767 548,767 548,787 492,787"/>
                    <TextEquiv>
                        <Unicode>tout</Unicode>
                    </TextEquiv>
                    <TextStyle fontFamily="Times New Roman" fontSize="9.0"/>
                </Word>
                <Word id="w_w2aab1b1b2c19b1ac69" language="English" custom="readingOrder {index:8;}">
                    <Coords points="559,767 630,767 630,787 559,787"/>
                    <TextEquiv>
                        <Unicode>autre</Unicode>
                    </TextEquiv>
                    <TextStyle fontFamily="Times New Roman" fontSize="9.0"/>
                </Word>
                <Word id="w_w2aab1b1b2c19b1ac81" language="English" custom="readingOrder {index:9;}">
                    <Coords points="646,768 696,768 696,797 646,797"/>
                    <TextEquiv>
                        <Unicode>que</Unicode>
                    </TextEquiv>
                    <TextStyle fontFamily="Times New Roman" fontSize="9.0"/>
                </Word>
                <Word id="w_w2aab1b1b2c19b1ac89" language="English" custom="readingOrder {index:10;}">
                    <Coords points="711,768 791,768 791,792 711,792"/>
                    <TextEquiv>
                        <Unicode>vous;</Unicode>
                    </TextEquiv>
                    <TextStyle fontFamily="Times New Roman" fontSize="9.0"/>
                </Word>
                <TextEquiv>
                    <Unicode>Auroit dit quelque choſe à tout autre que vous;</Unicode>
                </TextEquiv>
                <TextStyle fontFamily="Times New Roman" fontSize="9.0"/>
            </TextLine>
            <TextEquiv>
                <Unicode>Auroit dit quelque choſe à tout autre que vous;</Unicode>
            </TextEquiv>
        </TextRegion>
        <TextRegion type="paragraph" id="r_1_11" custom="readingOrder {index:10;}">
            <Coords points="86,796 761,796 761,877 86,877"/>
            <TextLine id="tl_19" primaryLanguage="English" custom="readingOrder {index:0;}">
                <Coords points="87,797 760,797 760,838 87,838"/>
                <Baseline points="87,826 121,826 159,826 280,827 333,826 423,825 466,826 546,826 632,825 760,826"/>
                <Word id="w_w2aab1b1b2c21b1ab1" language="English" custom="readingOrder {index:0;}">
                    <Coords points="87,800 121,800 121,826 87,826"/>
                    <TextEquiv>
                        <Unicode>Et</Unicode>
                    </TextEquiv>
                    <TextStyle fontFamily="Times New Roman" fontSize="9.0"/>
                </Word>
                <Word id="w_w2aab1b1b2c21b1ab7" language="English" custom="readingOrder {index:1;}">
                    <Coords points="136,799 159,799 159,835 136,835"/>
                    <TextEquiv>
                        <Unicode>je</Unicode>
                    </TextEquiv>
                    <TextStyle fontFamily="Times New Roman" fontSize="9.0"/>
                </Word>
                <Word id="w_w2aab1b1b2c21b1ac13" language="English" custom="readingOrder {index:2;}">
                    <Coords points="175,800 280,800 280,837 175,837"/>
                    <TextEquiv>
                        <Unicode>croyois</Unicode>
                    </TextEquiv>
                    <TextStyle fontFamily="Times New Roman" fontSize="9.0"/>
                </Word>
                <Word id="w_w2aab1b1b2c21b1ac29" language="English" custom="readingOrder {index:3;}">
                    <Coords points="293,808 333,808 333,826 293,826"/>
                    <TextEquiv>
                        <Unicode>cet</Unicode>
                    </TextEquiv>
                    <TextStyle fontFamily="Times New Roman" fontSize="9.0"/>
                </Word>
                <Word id="w_w2aab1b1b2c21b1ac37" language="English" custom="readingOrder {index:4;}">
                    <Coords points="347,798 423,798 423,826 347,826"/>
                    <TextEquiv>
                        <Unicode>ordre</Unicode>
                    </TextEquiv>
                    <TextStyle fontFamily="Times New Roman" fontSize="9.0"/>
                </Word>
                <Word id="w_w2aab1b1b2c21b1ac49" language="English" custom="readingOrder {index:5;}">
                    <Coords points="431,808 466,808 466,826 431,826"/>
                    <TextEquiv>
                        <Unicode>un</Unicode>
                    </TextEquiv>
                    <TextStyle fontFamily="Times New Roman" fontSize="9.0"/>
                </Word>
                <Word id="w_w2aab1b1b2c21b1ac55" language="English" custom="readingOrder {index:6;}">
                    <Coords points="480,797 546,797 546,826 480,826"/>
                    <TextEquiv>
                        <Unicode>allez</Unicode>
                    </TextEquiv>
                    <TextStyle fontFamily="Times New Roman" fontSize="9.0"/>
                </Word>
                <Word id="w_w2aab1b1b2c21b1ac67" language="English" custom="readingOrder {index:7;}">
                    <Coords points="562,798 632,798 632,826 562,826"/>
                    <TextEquiv>
                        <Unicode>doux</Unicode>
                    </TextEquiv>
                    <TextStyle fontFamily="Times New Roman" fontSize="9.0"/>
                </Word>
                <Word id="w_w2aab1b1b2c21b1ac77" language="English" custom="readingOrder {index:8;}">
                    <Coords points="648,798 760,798 760,838 648,838"/>
                    <TextEquiv>
                        <Unicode>langage</Unicode>
                    </TextEquiv>
                    <TextStyle fontFamily="Times New Roman" fontSize="9.0"/>
                </Word>
                <TextEquiv>
                    <Unicode>Et je croyois cet ordre un aſſez doux langage</Unicode>
                </TextEquiv>
                <TextStyle fontFamily="Times New Roman" fontSize="9.0"/>
            </TextLine>
            <TextLine id="tl_20" primaryLanguage="English" custom="readingOrder {index:1;}">
                <Coords points="87,836 721,836 721,876 87,876"/>
                <Baseline points="87,871 157,866 272,865 322,866 417,865 492,865 555,865 721,863"/>
                <Word id="w_w2aab1b1b2c21b3ab1" language="English" custom="readingOrder {index:0;}">
                    <Coords points="87,839 157,839 157,871 87,871"/>
                    <TextEquiv>
                        <Unicode>Peur</Unicode>
                    </TextEquiv>
                    <TextStyle fontFamily="Times New Roman" fontSize="9.0"/>
                </Word>
                <Word id="w_w2aab1b1b2c21b3ac11" language="English" custom="readingOrder {index:1;}">
                    <Coords points="173,838 272,838 272,866 173,866"/>
                    <TextEquiv>
                        <Unicode>n’avoir</Unicode>
                    </TextEquiv>
                    <TextStyle fontFamily="Times New Roman" fontSize="9.0"/>
                </Word>
                <Word id="w_w2aab1b1b2c21b3ac27" language="English" custom="readingOrder {index:2;}">
                    <Coords points="279,848 322,848 322,876 279,876"/>
                    <TextEquiv>
                        <Unicode>pas</Unicode>
                    </TextEquiv>
                    <TextStyle fontFamily="Times New Roman" fontSize="9.0"/>
                </Word>
                <Word id="w_w2aab1b1b2c21b3ac35" language="English" custom="readingOrder {index:3;}">
                    <Coords points="329,836 417,836 417,866 329,866"/>
                    <TextEquiv>
                        <Unicode>befoin</Unicode>
                    </TextEquiv>
                    <TextStyle fontFamily="Times New Roman" fontSize="9.0"/>
                </Word>
                <Word id="w_w2aab1b1b2c21b3ac49" language="English" custom="readingOrder {index:4;}">
                    <Coords points="433,837 492,837 492,865 433,865"/>
                    <TextEquiv>
                        <Unicode>d’en</Unicode>
                    </TextEquiv>
                    <TextStyle fontFamily="Times New Roman" fontSize="9.0"/>
                </Word>
                <Word id="w_w2aab1b1b2c21b3ac59" language="English" custom="readingOrder {index:5;}">
                    <Coords points="501,837 555,837 555,865 501,865"/>
                    <TextEquiv>
                        <Unicode>dire</Unicode>
                    </TextEquiv>
                    <TextStyle fontFamily="Times New Roman" fontSize="9.0"/>
                </Word>
                <Word id="w_w2aab1b1b2c21b3ac69" language="English" custom="readingOrder {index:6;}">
                    <Coords points="569,837 721,837 721,876 569,876"/>
                    <TextEquiv>
                        <Unicode>davantage.</Unicode>
                    </TextEquiv>
                    <TextStyle fontFamily="Times New Roman" fontSize="9.0"/>
                </Word>
                <TextEquiv>
                    <Unicode>Peur n’avoir pas beſoin d’en dire davantage.</Unicode>
                </TextEquiv>
                <TextStyle fontFamily="Times New Roman" fontSize="9.0"/>
            </TextLine>
            <TextEquiv>
                <Unicode>Et je croyois cet ordre un aſſez doux langage
Peur n’avoir pas beſoin d’en dire davantage.</Unicode>
            </TextEquiv>
        </TextRegion>
        <TextRegion type="paragraph" id="r_1_12" custom="readingOrder {index:11;}">
            <Coords points="86,874 780,874 780,915 86,915"/>
            <TextLine id="tl_21" primaryLanguage="English" custom="readingOrder {index:0;}">
                <Coords points="87,875 779,875 779,914 87,914"/>
                <Baseline points="87,904 239,904 324,904 426,904 498,904 549,905 642,904 763,904 779,910"/>
                <Word id="w_w2aab1b1b2c23b1ab1" language="English" custom="readingOrder {index:0;}">
                    <Coords points="87,876 239,876 239,914 87,914"/>
                    <TextEquiv>
                        <Unicode>Cependant</Unicode>
                    </TextEquiv>
                    <TextStyle fontFamily="Times New Roman" fontSize="9.0"/>
                </Word>
                <Word id="w_w2aab1b1b2c23b1ac21" language="English" custom="readingOrder {index:1;}">
                    <Coords points="252,876 324,876 324,905 252,905"/>
                    <TextEquiv>
                        <Unicode>vôtre</Unicode>
                    </TextEquiv>
                    <TextStyle fontFamily="Times New Roman" fontSize="9.0"/>
                </Word>
                <Word id="w_w2aab1b1b2c23b1ac33" language="English" custom="readingOrder {index:2;}">
                    <Coords points="332,886 426,886 426,905 332,905"/>
                    <TextEquiv>
                        <Unicode>amour</Unicode>
                    </TextEquiv>
                    <TextStyle fontFamily="Times New Roman" fontSize="9.0"/>
                </Word>
                <Word id="w_w2aab1b1b2c23b1ac45" language="English" custom="readingOrder {index:3;}">
                    <Coords points="434,875 498,875 498,905 434,905"/>
                    <TextEquiv>
                        <Unicode>n’cft</Unicode>
                    </TextEquiv>
                    <TextStyle fontFamily="Times New Roman" fontSize="9.0"/>
                </Word>
                <Word id="w_w2aab1b1b2c23b1ac57" language="English" custom="readingOrder {index:4;}">
                    <Coords points="506,886 549,886 549,914 506,914"/>
                    <TextEquiv>
                        <Unicode>pas</Unicode>
                    </TextEquiv>
                    <TextStyle fontFamily="Times New Roman" fontSize="9.0"/>
                </Word>
                <Word id="w_w2aab1b1b2c23b1ac65" language="English" custom="readingOrder {index:5;}">
                    <Coords points="565,886 642,886 642,904 565,904"/>
                    <TextEquiv>
                        <Unicode>encor</Unicode>
                    </TextEquiv>
                    <TextStyle fontFamily="Times New Roman" fontSize="9.0"/>
                </Word>
                <Word id="w_w2aab1b1b2c23b1ac77" language="English" custom="readingOrder {index:6;}">
                    <Coords points="657,884 763,884 763,904 657,904"/>
                    <TextEquiv>
                        <Unicode>content</Unicode>
                    </TextEquiv>
                    <TextStyle fontFamily="Times New Roman" fontSize="9.0"/>
                </Word>
                <Word id="w_w2aab1b1b2c23b1ac93" language="English" custom="readingOrder {index:7;}">
                    <Coords points="771,888 779,888 779,910 771,910"/>
                    <TextEquiv>
                        <Unicode>;</Unicode>
                    </TextEquiv>
                    <TextStyle fontFamily="Times New Roman" fontSize="9.0"/>
                </Word>
                <TextEquiv>
                    <Unicode>Cependant vôtre amour n’eſt pas encor content;</Unicode>
                </TextEquiv>
                <TextStyle fontFamily="Times New Roman" fontSize="9.0"/>
            </TextLine>
            <TextEquiv>
                <Unicode>Cependant vôtre amour n’eſt pas encor content;</Unicode>
            </TextEquiv>
        </TextRegion>
        <TextRegion type="paragraph" id="r_1_13" custom="readingOrder {index:12;}">
            <Coords points="84,914 699,914 699,955 84,955"/>
            <TextLine id="tl_22" primaryLanguage="English" custom="readingOrder {index:0;}">
                <Coords points="85,915 698,915 698,954 85,954"/>
                <Baseline points="85,944 108,943 256,943 307,944 384,943 447,943 504,943 568,943 698,942"/>
                <Word id="w_w2aab1b1b2c25b1ab1" language="English" custom="readingOrder {index:0;}">
                    <Coords points="85,916 108,916 108,944 85,944"/>
                    <TextEquiv>
                        <Unicode>11</Unicode>
                    </TextEquiv>
                    <TextStyle fontFamily="Times New Roman" fontSize="9.0"/>
                </Word>
                <Word id="w_w2aab1b1b2c25b1ab7" language="English" custom="readingOrder {index:1;}">
                    <Coords points="128,915 256,915 256,943 128,943"/>
                    <TextEquiv>
                        <Unicode>demande</Unicode>
                    </TextEquiv>
                    <TextStyle fontFamily="Times New Roman" fontSize="9.0"/>
                </Word>
                <Word id="w_w2aab1b1b2c25b1ac23" language="English" custom="readingOrder {index:2;}">
                    <Coords points="272,926 307,926 307,944 272,944"/>
                    <TextEquiv>
                        <Unicode>un</Unicode>
                    </TextEquiv>
                    <TextStyle fontFamily="Times New Roman" fontSize="9.0"/>
                </Word>
                <Word id="w_w2aab1b1b2c25b1ac29" language="English" custom="readingOrder {index:3;}">
                    <Coords points="322,925 384,925 384,943 322,943"/>
                    <TextEquiv>
                        <Unicode>aveu</Unicode>
                    </TextEquiv>
                    <TextStyle fontFamily="Times New Roman" fontSize="9.0"/>
                </Word>
                <Word id="w_w2aab1b1b2c25b1ac39" language="English" custom="readingOrder {index:4;}">
                    <Coords points="401,916 447,916 447,954 401,954"/>
                    <TextEquiv>
                        <Unicode>qui</Unicode>
                    </TextEquiv>
                    <TextStyle fontFamily="Times New Roman" fontSize="9.0"/>
                </Word>
                <Word id="w_w2aab1b1b2c25b1ac47" language="English" custom="readingOrder {index:5;}">
                    <Coords points="455,917 504,917 504,943 455,943"/>
                    <TextEquiv>
                        <Unicode>loir</Unicode>
                    </TextEquiv>
                    <TextStyle fontFamily="Times New Roman" fontSize="9.0"/>
                </Word>
                <Word id="w_w2aab1b1b2c25b1ac57" language="English" custom="readingOrder {index:6;}">
                    <Coords points="511,916 568,916 568,954 511,954"/>
                    <TextEquiv>
                        <Unicode>plus</Unicode>
                    </TextEquiv>
                    <TextStyle fontFamily="Times New Roman" fontSize="9.0"/>
                </Word>
                <Word id="w_w2aab1b1b2c25b1ac67" language="English" custom="readingOrder {index:7;}">
                    <Coords points="580,916 698,916 698,944 580,944"/>
                    <TextEquiv>
                        <Unicode>éclatant.</Unicode>
                    </TextEquiv>
                    <TextStyle fontFamily="Times New Roman" fontSize="9.0"/>
                </Word>
                <TextEquiv>
                    <Unicode>Il demande un aveu qui ſoit plus éclatant.</Unicode>
                </TextEquiv>
                <TextStyle fontFamily="Times New Roman" fontSize="9.0"/>
            </TextLine>
            <TextEquiv>
                <Unicode>Il demande un aveu qui ſoit plus éclatant.</Unicode>
            </TextEquiv>
        </TextRegion>
        <TextRegion type="paragraph" id="r_1_14" custom="readingOrder {index:13;}">
            <Coords points="84,952 848,952 848,994 84,994"/>
            <TextLine id="tl_23" primaryLanguage="English" custom="readingOrder {index:0;}">
                <Coords points="85,953 847,953 847,993 85,993"/>
                <Baseline points="85,983 157,982 248,982 294,983 443,987 478,982 541,982 611,983 642,982 723,983 847,989"/>
                <Word id="w_w2aab1b1b2c27b1ab1" language="English" custom="readingOrder {index:0;}">
                    <Coords points="85,956 157,956 157,983 85,983"/>
                    <TextEquiv>
                        <Unicode>Pour</Unicode>
                    </TextEquiv>
                    <TextStyle fontFamily="Times New Roman" fontSize="9.0"/>
                </Word>
                <Word id="w_w2aab1b1b2c27b1ac11" language="English" custom="readingOrder {index:1;}">
                    <Coords points="172,954 248,954 248,983 172,983"/>
                    <TextEquiv>
                        <Unicode>l’ôter</Unicode>
                    </TextEquiv>
                    <TextStyle fontFamily="Times New Roman" fontSize="9.0"/>
                </Word>
                <Word id="w_w2aab1b1b2c27b1ac25" language="English" custom="readingOrder {index:2;}">
                    <Coords points="262,954 294,954 294,983 262,983"/>
                    <TextEquiv>
                        <Unicode>de</Unicode>
                    </TextEquiv>
                    <TextStyle fontFamily="Times New Roman" fontSize="9.0"/>
                </Word>
                <Word id="w_w2aab1b1b2c27b1ac31" language="English" custom="readingOrder {index:3;}">
                    <Coords points="310,953 443,953 443,993 310,993"/>
                    <TextEquiv>
                        <Unicode>fcrupule,</Unicode>
                    </TextEquiv>
                    <TextStyle fontFamily="Times New Roman" fontSize="9.0"/>
                </Word>
                <Word id="w_w2aab1b1b2c27b1ac51" language="English" custom="readingOrder {index:4;}">
                    <Coords points="462,955 478,955 478,982 462,982"/>
                    <TextEquiv>
                        <Unicode>il</Unicode>
                    </TextEquiv>
                    <TextStyle fontFamily="Times New Roman" fontSize="9.0"/>
                </Word>
                <Word id="w_w2aab1b1b2c27b1ac57" language="English" custom="readingOrder {index:5;}">
                    <Coords points="496,964 541,964 541,982 496,982"/>
                    <TextEquiv>
                        <Unicode>me</Unicode>
                    </TextEquiv>
                    <TextStyle fontFamily="Times New Roman" fontSize="9.0"/>
                </Word>
                <Word id="w_w2aab1b1b2c27b1ac63" language="English" custom="readingOrder {index:6;}">
                    <Coords points="556,954 611,954 611,983 556,983"/>
                    <TextEquiv>
                        <Unicode>faut</Unicode>
                    </TextEquiv>
                    <TextStyle fontFamily="Times New Roman" fontSize="9.0"/>
                </Word>
                <Word id="w_w2aab1b1b2c27b1ac73" language="English" custom="readingOrder {index:7;}">
                    <Coords points="626,964 642,964 642,982 626,982"/>
                    <TextEquiv>
                        <Unicode>a</Unicode>
                    </TextEquiv>
                    <TextStyle fontFamily="Times New Roman" fontSize="9.0"/>
                </Word>
                <Word id="w_w2aab1b1b2c27b1ac77" language="English" custom="readingOrder {index:8;}">
                    <Coords points="659,964 723,964 723,983 659,983"/>
                    <TextEquiv>
                        <Unicode>vous</Unicode>
                    </TextEquiv>
                    <TextStyle fontFamily="Times New Roman" fontSize="9.0"/>
                </Word>
                <Word id="w_w2aab1b1b2c27b1ac87" language="English" custom="readingOrder {index:9;}">
                    <Coords points="736,954 847,954 847,989 736,989"/>
                    <TextEquiv>
                        <Unicode>même,</Unicode>
                    </TextEquiv>
                    <TextStyle fontFamily="Times New Roman" fontSize="9.0"/>
                </Word>
                <TextEquiv>
                    <Unicode>Pour l’ôter de ſcrupule, il me faut à vous méme,</Unicode>
                </TextEquiv>
                <TextStyle fontFamily="Times New Roman" fontSize="9.0"/>
            </TextLine>
            <TextEquiv>
                <Unicode>Pour l’ôter de ſcrupule, il me faut à vous méme,</Unicode>
            </TextEquiv>
        </TextRegion>
        <TextRegion type="paragraph" id="r_1_15" custom="readingOrder {index:14;}">
            <Coords points="84,992 771,992 771,1033 84,1033"/>
            <TextLine id="tl_24" primaryLanguage="English" custom="readingOrder {index:0;}">
                <Coords points="85,993 770,993 770,1032 85,1032"/>
                <Baseline points="85,1023 126,1023 184,1022 293,1022 413,1026 486,1022 550,1021 589,1021 668,1021 770,1022"/>
                <Word id="w_w2aab1b1b2c29b1ab1" language="English" custom="readingOrder {index:0;}">
                    <Coords points="85,995 126,995 126,1023 85,1023"/>
                    <TextEquiv>
                        <Unicode>En</Unicode>
                    </TextEquiv>
                    <TextStyle fontFamily="Times New Roman" fontSize="9.0"/>
                </Word>
                <Word id="w_w2aab1b1b2c29b1ab7" language="English" custom="readingOrder {index:1;}">
                    <Coords points="140,994 184,994 184,1022 140,1022"/>
                    <TextEquiv>
                        <Unicode>des</Unicode>
                    </TextEquiv>
                    <TextStyle fontFamily="Times New Roman" fontSize="9.0"/>
                </Word>
                <Word id="w_w2aab1b1b2c29b1ac15" language="English" custom="readingOrder {index:2;}">
                    <Coords points="198,1003 293,1003 293,1023 198,1023"/>
                    <TextEquiv>
                        <Unicode>termes</Unicode>
                    </TextEquiv>
                    <TextStyle fontFamily="Times New Roman" fontSize="9.0"/>
                </Word>
                <Word id="w_w2aab1b1b2c29b1ac29" language="English" custom="readingOrder {index:3;}">
                    <Coords points="307,993 413,993 413,1031 307,1031"/>
                    <TextEquiv>
                        <Unicode>exprès,</Unicode>
                    </TextEquiv>
                    <TextStyle fontFamily="Times New Roman" fontSize="9.0"/>
                </Word>
                <Word id="w_w2aab1b1b2c29b1ac45" language="English" custom="readingOrder {index:4;}">
                    <Coords points="432,994 486,994 486,1022 432,1022"/>
                    <TextEquiv>
                        <Unicode>dire</Unicode>
                    </TextEquiv>
                    <TextStyle fontFamily="Times New Roman" fontSize="9.0"/>
                </Word>
                <Word id="w_w2aab1b1b2c29b1ac55" language="English" custom="readingOrder {index:5;}">
                    <Coords points="500,1003 550,1003 550,1032 500,1032"/>
                    <TextEquiv>
                        <Unicode>que</Unicode>
                    </TextEquiv>
                    <TextStyle fontFamily="Times New Roman" fontSize="9.0"/>
                </Word>
                <Word id="w_w2aab1b1b2c29b1ac63" language="English" custom="readingOrder {index:6;}">
                    <Coords points="564,995 589,995 589,1030 564,1030"/>
                    <TextEquiv>
                        <Unicode>je</Unicode>
                    </TextEquiv>
                    <TextStyle fontFamily="Times New Roman" fontSize="9.0"/>
                </Word>
                <Word id="w_w2aab1b1b2c29b1ac69" language="English" custom="readingOrder {index:7;}">
                    <Coords points="606,1004 668,1004 668,1022 606,1022"/>
                    <TextEquiv>
                        <Unicode>vous</Unicode>
                    </TextEquiv>
                    <TextStyle fontFamily="Times New Roman" fontSize="9.0"/>
                </Word>
                <Word id="w_w2aab1b1b2c29b1ac79" language="English" custom="readingOrder {index:8;}">
                    <Coords points="682,995 770,995 770,1022 682,1022"/>
                    <TextEquiv>
                        <Unicode>aime?</Unicode>
                    </TextEquiv>
                    <TextStyle fontFamily="Times New Roman" fontSize="9.0"/>
                </Word>
                <TextEquiv>
                    <Unicode>En des termes exprés, dire que je vous aime?</Unicode>
                </TextEquiv>
                <TextStyle fontFamily="Times New Roman" fontSize="9.0"/>
            </TextLine>
            <TextEquiv>
                <Unicode>En des termes exprés, dire que je vous aime?</Unicode>
            </TextEquiv>
        </TextRegion>
        <TextRegion type="paragraph" id="r_1_16" custom="readingOrder {index:15;}">
            <Coords points="83,1032 721,1032 721,1110 83,1110"/>
            <TextLine id="tl_25" primaryLanguage="English" custom="readingOrder {index:0;}">
                <Coords points="84,1033 720,1033 720,1072 84,1072"/>
                <Baseline points="84,1061 119,1061 260,1061 400,1061 482,1060 563,1061 608,1061 720,1062"/>
                <Word id="w_w2aab1b1b2c31b1ab1" language="English" custom="readingOrder {index:0;}">
                    <Coords points="84,1035 119,1035 119,1061 84,1061"/>
                    <TextEquiv>
                        <Unicode>Et</Unicode>
                    </TextEquiv>
                    <TextStyle fontFamily="Times New Roman" fontSize="9.0"/>
                </Word>
                <Word id="w_w2aab1b1b2c31b1ab7" language="English" custom="readingOrder {index:1;}">
                    <Coords points="132,1033 260,1033 260,1072 132,1072"/>
                    <TextEquiv>
                        <Unicode>peut-être</Unicode>
                    </TextEquiv>
                    <TextStyle fontFamily="Times New Roman" fontSize="9.0"/>
                </Word>
                <Word id="w_w2aab1b1b2c31b1ac27" language="English" custom="readingOrder {index:2;}">
                    <Coords points="274,1035 400,1035 400,1072 274,1072"/>
                    <TextEquiv>
                        <Unicode>qu’encor</Unicode>
                    </TextEquiv>
                    <TextStyle fontFamily="Times New Roman" fontSize="9.0"/>
                </Word>
                <Word id="w_w2aab1b1b2c31b1ac45" language="English" custom="readingOrder {index:3;}">
                    <Coords points="416,1043 482,1043 482,1072 416,1072"/>
                    <TextEquiv>
                        <Unicode>pour</Unicode>
                    </TextEquiv>
                    <TextStyle fontFamily="Times New Roman" fontSize="9.0"/>
                </Word>
                <Word id="w_w2aab1b1b2c31b1ac55" language="English" custom="readingOrder {index:4;}">
                    <Coords points="499,1043 563,1043 563,1061 499,1061"/>
                    <TextEquiv>
                        <Unicode>vous</Unicode>
                    </TextEquiv>
                    <TextStyle fontFamily="Times New Roman" fontSize="9.0"/>
                </Word>
                <Word id="w_w2aab1b1b2c31b1ac65" language="English" custom="readingOrder {index:5;}">
                    <Coords points="577,1043 608,1043 608,1061 577,1061"/>
                    <TextEquiv>
                        <Unicode>en</Unicode>
                    </TextEquiv>
                    <TextStyle fontFamily="Times New Roman" fontSize="9.0"/>
                </Word>
                <Word id="w_w2aab1b1b2c31b1ac71" language="English" custom="readingOrder {index:6;}">
                    <Coords points="624,1033 720,1033 720,1062 624,1062"/>
                    <TextEquiv>
                        <Unicode>aflurer</Unicode>
                    </TextEquiv>
                    <TextStyle fontFamily="Times New Roman" fontSize="9.0"/>
                </Word>
                <TextEquiv>
                    <Unicode>Et peut-être qu’encor pour vous en aſſurer</Unicode>
                </TextEquiv>
                <TextStyle fontFamily="Times New Roman" fontSize="9.0"/>
            </TextLine>
            <TextLine id="tl_26" primaryLanguage="English" custom="readingOrder {index:1;}">
                <Coords points="84,1071 700,1071 700,1109 84,1109"/>
                <Baseline points="84,1102 160,1102 238,1102 409,1101 440,1101 529,1101 608,1100 700,1101"/>
                <Word id="w_w2aab1b1b2c31b3ab1" language="English" custom="readingOrder {index:0;}">
                    <Coords points="84,1074 160,1074 160,1102 84,1102"/>
                    <TextEquiv>
                        <Unicode>Vous</Unicode>
                    </TextEquiv>
                    <TextStyle fontFamily="Times New Roman" fontSize="9.0"/>
                </Word>
                <Word id="w_w2aab1b1b2c31b3ac11" language="English" custom="readingOrder {index:1;}">
                    <Coords points="174,1083 238,1083 238,1102 174,1102"/>
                    <TextEquiv>
                        <Unicode>vous</Unicode>
                    </TextEquiv>
                    <TextStyle fontFamily="Times New Roman" fontSize="9.0"/>
                </Word>
                <Word id="w_w2aab1b1b2c31b3ac21" language="English" custom="readingOrder {index:2;}">
                    <Coords points="251,1072 409,1072 409,1101 251,1101"/>
                    <TextEquiv>
                        <Unicode>obftineriez</Unicode>
                    </TextEquiv>
                    <TextStyle fontFamily="Times New Roman" fontSize="9.0"/>
                </Word>
                <Word id="w_w2aab1b1b2c31b3ac45" language="English" custom="readingOrder {index:3;}">
                    <Coords points="425,1073 440,1073 440,1101 425,1101"/>
                    <TextEquiv>
                        <Unicode>à</Unicode>
                    </TextEquiv>
                    <TextStyle fontFamily="Times New Roman" fontSize="9.0"/>
                </Word>
                <Word id="w_w2aab1b1b2c31b3ac49" language="English" custom="readingOrder {index:4;}">
                    <Coords points="458,1074 529,1074 529,1101 458,1101"/>
                    <TextEquiv>
                        <Unicode>m’en</Unicode>
                    </TextEquiv>
                    <TextStyle fontFamily="Times New Roman" fontSize="9.0"/>
                </Word>
                <Word id="w_w2aab1b1b2c31b3ac59" language="English" custom="readingOrder {index:5;}">
                    <Coords points="544,1071 608,1071 608,1101 544,1101"/>
                    <TextEquiv>
                        <Unicode>faire</Unicode>
                    </TextEquiv>
                    <TextStyle fontFamily="Times New Roman" fontSize="9.0"/>
                </Word>
                <Word id="w_w2aab1b1b2c31b3ac71" language="English" custom="readingOrder {index:6;}">
                    <Coords points="621,1073 700,1073 700,1109 621,1109"/>
                    <TextEquiv>
                        <Unicode>jurer.</Unicode>
                    </TextEquiv>
                    <TextStyle fontFamily="Times New Roman" fontSize="9.0"/>
                </Word>
                <TextEquiv>
                    <Unicode>Vous vous obſtineriez à m’en faire jurer.</Unicode>
                </TextEquiv>
                <TextStyle fontFamily="Times New Roman" fontSize="9.0"/>
            </TextLine>
            <TextEquiv>
                <Unicode>Et peut-être qu’encor pour vous en aſſurer
Vous vous obſtineriez à m’en faire jurer.</Unicode>
            </TextEquiv>
        </TextRegion>
        <TextRegion type="paragraph" id="r_1_17" custom="readingOrder {index:16;}">
            <Coords points="341,1113 627,1113 627,1142 341,1142"/>
            <TextLine id="tl_27" primaryLanguage="English" custom="readingOrder {index:0;}">
                <Coords points="342,1114 626,1114 626,1141 342,1141"/>
                <Baseline points="342,1139 368,1139 441,1141 479,1139 518,1140 554,1140 584,1139 626,1140"/>
                <Word id="w_w2aab1b1b2c33b1ab1" language="English" custom="readingOrder {index:0;}">
                    <Coords points="342,1114 376,1114 376,1141 342,1141"/>
                    <TextEquiv>
                        <Unicode>D.</Unicode>
                    </TextEquiv>
                    <TextStyle fontFamily="Times New Roman" fontSize="9.0"/>
                </Word>
                <Word id="w_w2aab1b1b2c33b1b1b1" language="English" custom="readingOrder {index:1;}">
                    <Coords points="416,1115 441,1115 441,1141 416,1141"/>
                    <TextEquiv>
                        <Unicode>G</Unicode>
                    </TextEquiv>
                    <TextStyle fontFamily="Times New Roman" fontSize="9.0" italic="true"/>
                </Word>
                <Word id="w_w2aab1b1b2c33b1b3b1" language="English" custom="readingOrder {index:2;}">
                    <Coords points="461,1121 479,1121 479,1139 461,1139"/>
                    <TextEquiv>
                        <Unicode>A</Unicode>
                    </TextEquiv>
                    <TextStyle fontFamily="Times New Roman" fontSize="6.5"/>
                </Word>
                <Word id="w_w2aab1b1b2c33b1b3b5" language="English" custom="readingOrder {index:3;}">
                    <Coords points="500,1121 518,1121 518,1140 500,1140"/>
                    <TextEquiv>
                        <Unicode>R</Unicode>
                    </TextEquiv>
                    <TextStyle fontFamily="Times New Roman" fontSize="6.5"/>
                </Word>
                <Word id="w_w2aab1b1b2c33b1b3b9" language="English" custom="readingOrder {index:4;}">
                    <Coords points="538,1122 554,1122 554,1140 538,1140"/>
                    <TextEquiv>
                        <Unicode>C</Unicode>
                    </TextEquiv>
                    <TextStyle fontFamily="Times New Roman" fontSize="6.5"/>
                </Word>
                <Word id="w_w2aab1b1b2c33b1b3c13" language="English" custom="readingOrder {index:5;}">
                    <Coords points="574,1121 584,1121 584,1139 574,1139"/>
                    <TextEquiv>
                        <Unicode>I</Unicode>
                    </TextEquiv>
                    <TextStyle fontFamily="Times New Roman" fontSize="6.5"/>
                </Word>
                <Word id="w_w2aab1b1b2c33b1b3c17" language="English" custom="readingOrder {index:6;}">
                    <Coords points="605,1122 626,1122 626,1140 605,1140"/>
                    <TextEquiv>
                        <Unicode>F.</Unicode>
                    </TextEquiv>
                    <TextStyle fontFamily="Times New Roman" fontSize="6.5"/>
                </Word>
                <TextEquiv>
                    <Unicode>D. GARCIE.</Unicode>
                </TextEquiv>
            </TextLine>
            <TextEquiv>
                <Unicode>D. GARCIE.</Unicode>
            </TextEquiv>
        </TextRegion>
        <TextRegion type="paragraph" id="r_1_18" custom="readingOrder {index:17;}">
            <Coords points="81,1148 875,1148 875,1231 81,1231"/>
            <TextLine id="tl_28" primaryLanguage="English" custom="readingOrder {index:0;}">
                <Coords points="82,1149 874,1149 874,1188 82,1188"/>
                <Baseline points="82,1180 128,1179 211,1182 375,1184 428,1179 517,1182 560,1178 626,1179 700,1188 874,1184"/>
                <Word id="w_w2aab1b1b2c35b1ab1" language="English" custom="readingOrder {index:0;}">
                    <Coords points="82,1151 128,1151 128,1180 82,1180"/>
                    <TextEquiv>
                        <Unicode>Hé</Unicode>
                    </TextEquiv>
                    <TextStyle fontFamily="Times New Roman" fontSize="9.0"/>
                </Word>
                <Word id="w_w2aab1b1b2c35b1ab7" language="English" custom="readingOrder {index:1;}">
                    <Coords points="135,1151 211,1151 211,1182 135,1182"/>
                    <TextEquiv>
                        <Unicode>bien,</Unicode>
                    </TextEquiv>
                    <TextStyle fontFamily="Times New Roman" fontSize="9.0"/>
                </Word>
                <Word id="w_w2aab1b1b2c35b1ac19" language="English" custom="readingOrder {index:2;}">
                    <Coords points="231,1151 375,1151 375,1184 231,1184"/>
                    <TextEquiv>
                        <Unicode>Madame,</Unicode>
                    </TextEquiv>
                    <TextStyle fontFamily="Times New Roman" fontSize="9.0"/>
                </Word>
                <Word id="w_w2aab1b1b2c35b1ac35" language="English" custom="readingOrder {index:3;}">
                    <Coords points="394,1150 428,1150 428,1179 394,1179"/>
                    <TextEquiv>
                        <Unicode>hé</Unicode>
                    </TextEquiv>
                    <TextStyle fontFamily="Times New Roman" fontSize="9.0"/>
                </Word>
                <Word id="w_w2aab1b1b2c35b1ac41" language="English" custom="readingOrder {index:4;}">
                    <Coords points="438,1151 517,1151 517,1182 438,1182"/>
                    <TextEquiv>
                        <Unicode>bien,</Unicode>
                    </TextEquiv>
                    <TextStyle fontFamily="Times New Roman" fontSize="9.0"/>
                </Word>
                <Word id="w_w2aab1b1b2c35b1ac53" language="English" custom="readingOrder {index:5;}">
                    <Coords points="535,1151 560,1151 560,1188 535,1188"/>
                    <TextEquiv>
                        <Unicode>je</Unicode>
                    </TextEquiv>
                    <TextStyle fontFamily="Times New Roman" fontSize="9.0"/>
                </Word>
                <Word id="w_w2aab1b1b2c35b1ac59" language="English" custom="readingOrder {index:6;}">
                    <Coords points="576,1149 626,1149 626,1179 576,1179"/>
                    <TextEquiv>
                        <Unicode>fuis</Unicode>
                    </TextEquiv>
                    <TextStyle fontFamily="Times New Roman" fontSize="9.0"/>
                </Word>
                <Word id="w_w2aab1b1b2c35b1ac69" language="English" custom="readingOrder {index:7;}">
                    <Coords points="641,1160 700,1160 700,1188 641,1188"/>
                    <TextEquiv>
                        <Unicode>trop</Unicode>
                    </TextEquiv>
                    <TextStyle fontFamily="Times New Roman" fontSize="9.0"/>
                </Word>
                <Word id="w_w2aab1b1b2c35b1ac79" language="English" custom="readingOrder {index:8;}">
                    <Coords points="718,1152 874,1152 874,1184 718,1184"/>
                    <TextEquiv>
                        <Unicode>temerairej</Unicode>
                    </TextEquiv>
                    <TextStyle fontFamily="Times New Roman" fontSize="9.0"/>
                </Word>
                <TextEquiv>
                    <Unicode>Hé bien, Madame, hé bien, je ſuis trop temeraire,</Unicode>
                </TextEquiv>
                <TextStyle fontFamily="Times New Roman" fontSize="9.0"/>
            </TextLine>
            <TextLine id="tl_29" primaryLanguage="English" custom="readingOrder {index:1;}">
                <Coords points="82,1189 815,1189 815,1230 82,1230"/>
                <Baseline points="82,1218 126,1218 198,1218 240,1217 302,1218 382,1218 482,1221 524,1218 599,1218 662,1217 815,1225"/>
                <Word id="w_w2aab1b1b2c35b3ab1" language="English" custom="readingOrder {index:0;}">
                    <Coords points="82,1192 126,1192 126,1218 82,1218"/>
                    <TextEquiv>
                        <Unicode>De</Unicode>
                    </TextEquiv>
                    <TextStyle fontFamily="Times New Roman" fontSize="9.0"/>
                </Word>
                <Word id="w_w2aab1b1b2c35b3ab7" language="English" custom="readingOrder {index:1;}">
                    <Coords points="140,1199 198,1199 198,1218 140,1218"/>
                    <TextEquiv>
                        <Unicode>tout</Unicode>
                    </TextEquiv>
                    <TextStyle fontFamily="Times New Roman" fontSize="9.0"/>
                </Word>
                <Word id="w_w2aab1b1b2c35b3ac17" language="English" custom="readingOrder {index:2;}">
                    <Coords points="211,1200 240,1200 240,1217 211,1217"/>
                    <TextEquiv>
                        <Unicode>ce</Unicode>
                    </TextEquiv>
                    <TextStyle fontFamily="Times New Roman" fontSize="9.0"/>
                </Word>
                <Word id="w_w2aab1b1b2c35b3ac23" language="English" custom="readingOrder {index:3;}">
                    <Coords points="256,1191 302,1191 302,1229 256,1229"/>
                    <TextEquiv>
                        <Unicode>qui</Unicode>
                    </TextEquiv>
                    <TextStyle fontFamily="Times New Roman" fontSize="9.0"/>
                </Word>
                <Word id="w_w2aab1b1b2c35b3ac31" language="English" custom="readingOrder {index:4;}">
                    <Coords points="318,1200 382,1200 382,1218 318,1218"/>
                    <TextEquiv>
                        <Unicode>vous</Unicode>
                    </TextEquiv>
                    <TextStyle fontFamily="Times New Roman" fontSize="9.0"/>
                </Word>
                <Word id="w_w2aab1b1b2c35b3ac41" language="English" custom="readingOrder {index:5;}">
                    <Coords points="397,1189 482,1189 482,1230 397,1230"/>
                    <TextEquiv>
                        <Unicode>plaît,</Unicode>
                    </TextEquiv>
                    <TextStyle fontFamily="Times New Roman" fontSize="9.0"/>
                </Word>
                <Word id="w_w2aab1b1b2c35b3ac55" language="English" custom="readingOrder {index:6;}">
                    <Coords points="501,1190 524,1190 524,1227 501,1227"/>
                    <TextEquiv>
                        <Unicode>je</Unicode>
                    </TextEquiv>
                    <TextStyle fontFamily="Times New Roman" fontSize="9.0"/>
                </Word>
                <Word id="w_w2aab1b1b2c35b3ac61" language="English" custom="readingOrder {index:7;}">
                    <Coords points="540,1190 599,1190 599,1219 540,1219"/>
                    <TextEquiv>
                        <Unicode>dois</Unicode>
                    </TextEquiv>
                    <TextStyle fontFamily="Times New Roman" fontSize="9.0"/>
                </Word>
                <Word id="w_w2aab1b1b2c35b3ac71" language="English" custom="readingOrder {index:8;}">
                    <Coords points="619,1200 662,1200 662,1218 619,1218"/>
                    <TextEquiv>
                        <Unicode>me</Unicode>
                    </TextEquiv>
                    <TextStyle fontFamily="Times New Roman" fontSize="9.0"/>
                </Word>
                <Word id="w_w2aab1b1b2c35b3ac77" language="English" custom="readingOrder {index:9;}">
                    <Coords points="676,1189 815,1189 815,1225 676,1225"/>
                    <TextEquiv>
                        <Unicode>fàtisfàire;</Unicode>
                    </TextEquiv>
                    <TextStyle fontFamily="Times New Roman" fontSize="9.0"/>
                </Word>
                <TextEquiv>
                    <Unicode>De tout ce qui vous plaît, je dois me ſatisfaire;</Unicode>
                </TextEquiv>
                <TextStyle fontFamily="Times New Roman" fontSize="9.0"/>
            </TextLine>
            <TextEquiv>
                <Unicode>Hé bien, Madame, hé bien, je ſuis trop temeraire,
De tout ce qui vous plaît, je dois me ſatisfaire;</Unicode>
            </TextEquiv>
        </TextRegion>
        <TextRegion type="paragraph" id="r_1_19" custom="readingOrder {index:18;}">
            <Coords points="78,1228 739,1228 739,1271 78,1271"/>
            <TextLine id="tl_30" primaryLanguage="English" custom="readingOrder {index:0;}">
                <Coords points="79,1229 738,1229 738,1270 79,1270"/>
                <Baseline points="79,1267 111,1257 160,1256 303,1256 391,1257 440,1256 514,1257 627,1256 738,1262"/>
                <Word id="w_w2aab1b1b2c37b1ab1" language="English" custom="readingOrder {index:0;}">
                    <Coords points="79,1229 111,1229 111,1267 79,1267"/>
                    <TextEquiv>
                        <Unicode>Je</Unicode>
                    </TextEquiv>
                    <TextStyle fontFamily="Times New Roman" fontSize="9.0"/>
                </Word>
                <Word id="w_w2aab1b1b2c37b1ab7" language="English" custom="readingOrder {index:1;}">
                    <Coords points="125,1239 160,1239 160,1257 125,1257"/>
                    <TextEquiv>
                        <Unicode>ne</Unicode>
                    </TextEquiv>
                    <TextStyle fontFamily="Times New Roman" fontSize="9.0"/>
                </Word>
                <Word id="w_w2aab1b1b2c37b1ac13" language="English" custom="readingOrder {index:2;}">
                    <Coords points="173,1229 303,1229 303,1258 173,1258"/>
                    <TextEquiv>
                        <Unicode>demande</Unicode>
                    </TextEquiv>
                    <TextStyle fontFamily="Times New Roman" fontSize="9.0"/>
                </Word>
                <Word id="w_w2aab1b1b2c37b1ac29" language="English" custom="readingOrder {index:3;}">
                    <Coords points="317,1230 391,1230 391,1267 317,1267"/>
                    <TextEquiv>
                        <Unicode>point</Unicode>
                    </TextEquiv>
                    <TextStyle fontFamily="Times New Roman" fontSize="9.0"/>
                </Word>
                <Word id="w_w2aab1b1b2c37b1ac41" language="English" custom="readingOrder {index:4;}">
                    <Coords points="408,1229 440,1229 440,1257 408,1257"/>
                    <TextEquiv>
                        <Unicode>de</Unicode>
                    </TextEquiv>
                    <TextStyle fontFamily="Times New Roman" fontSize="9.0"/>
                </Word>
                <Word id="w_w2aab1b1b2c37b1ac47" language="English" custom="readingOrder {index:5;}">
                    <Coords points="456,1230 514,1230 514,1267 456,1267"/>
                    <TextEquiv>
                        <Unicode>plus</Unicode>
                    </TextEquiv>
                    <TextStyle fontFamily="Times New Roman" fontSize="9.0"/>
                </Word>
                <Word id="w_w2aab1b1b2c37b1ac57" language="English" custom="readingOrder {index:6;}">
                    <Coords points="527,1229 627,1229 627,1270 527,1270"/>
                    <TextEquiv>
                        <Unicode>grande</Unicode>
                    </TextEquiv>
                    <TextStyle fontFamily="Times New Roman" fontSize="9.0"/>
                </Word>
                <Word id="w_w2aab1b1b2c37b1ac71" language="English" custom="readingOrder {index:7;}">
                    <Coords points="641,1229 738,1229 738,1262 641,1262"/>
                    <TextEquiv>
                        <Unicode>clarté,</Unicode>
                    </TextEquiv>
                    <TextStyle fontFamily="Times New Roman" fontSize="9.0"/>
                </Word>
                <TextEquiv>
                    <Unicode>Je ne demande point de plus grande clarté,</Unicode>
                </TextEquiv>
                <TextStyle fontFamily="Times New Roman" fontSize="9.0"/>
            </TextLine>
            <TextEquiv>
                <Unicode>Je ne demande point de plus grande clarté,</Unicode>
            </TextEquiv>
        </TextRegion>
        <TextRegion type="paragraph" id="r_1_20" custom="readingOrder {index:19;}">
            <Coords points="76,1268 803,1268 803,1309 76,1309"/>
            <TextLine id="tl_31" primaryLanguage="English" custom="readingOrder {index:0;}">
                <Coords points="77,1269 802,1269 802,1308 77,1308"/>
                <Baseline points="77,1306 111,1297 180,1297 251,1296 330,1296 407,1296 488,1296 561,1296 688,1296 802,1303"/>
                <Word id="w_w2aab1b1b2c39b1ab1" language="English" custom="readingOrder {index:0;}">
                    <Coords points="77,1270 111,1270 111,1306 77,1306"/>
                    <TextEquiv>
                        <Unicode>Je</Unicode>
                    </TextEquiv>
                    <TextStyle fontFamily="Times New Roman" fontSize="9.0"/>
                </Word>
                <Word id="w_w2aab1b1b2c39b1ab7" language="English" custom="readingOrder {index:1;}">
                    <Coords points="125,1269 180,1269 180,1297 125,1297"/>
                    <TextEquiv>
                        <Unicode>croi</Unicode>
                    </TextEquiv>
                    <TextStyle fontFamily="Times New Roman" fontSize="9.0"/>
                </Word>
                <Word id="w_w2aab1b1b2c39b1ac17" language="English" custom="readingOrder {index:2;}">
                    <Coords points="199,1278 251,1278 251,1308 199,1308"/>
                    <TextEquiv>
                        <Unicode>que</Unicode>
                    </TextEquiv>
                    <TextStyle fontFamily="Times New Roman" fontSize="9.0"/>
                </Word>
                <Word id="w_w2aab1b1b2c39b1ac25" language="English" custom="readingOrder {index:3;}">
                    <Coords points="266,1278 330,1278 330,1296 266,1296"/>
                    <TextEquiv>
                        <Unicode>vous</Unicode>
                    </TextEquiv>
                    <TextStyle fontFamily="Times New Roman" fontSize="9.0"/>
                </Word>
                <Word id="w_w2aab1b1b2c39b1ac35" language="English" custom="readingOrder {index:4;}">
                    <Coords points="344,1277 407,1277 407,1297 344,1297"/>
                    <TextEquiv>
                        <Unicode>avez</Unicode>
                    </TextEquiv>
                    <TextStyle fontFamily="Times New Roman" fontSize="9.0"/>
                </Word>
                <Word id="w_w2aab1b1b2c39b1ac45" language="English" custom="readingOrder {index:5;}">
                    <Coords points="422,1278 488,1278 488,1307 422,1307"/>
                    <TextEquiv>
                        <Unicode>pour</Unicode>
                    </TextEquiv>
                    <TextStyle fontFamily="Times New Roman" fontSize="9.0"/>
                </Word>
                <Word id="w_w2aab1b1b2c39b1ac55" language="English" custom="readingOrder {index:6;}">
                    <Coords points="503,1270 561,1270 561,1296 503,1296"/>
                    <TextEquiv>
                        <Unicode>moi</Unicode>
                    </TextEquiv>
                    <TextStyle fontFamily="Times New Roman" fontSize="9.0"/>
                </Word>
                <Word id="w_w2aab1b1b2c39b1ac63" language="English" custom="readingOrder {index:7;}">
                    <Coords points="576,1269 688,1269 688,1307 576,1307"/>
                    <TextEquiv>
                        <Unicode>quelque</Unicode>
                    </TextEquiv>
                    <TextStyle fontFamily="Times New Roman" fontSize="9.0"/>
                </Word>
                <Word id="w_w2aab1b1b2c39b1ac79" language="English" custom="readingOrder {index:8;}">
                    <Coords points="702,1269 802,1269 802,1303 702,1303"/>
                    <TextEquiv>
                        <Unicode>bonté,</Unicode>
                    </TextEquiv>
                    <TextStyle fontFamily="Times New Roman" fontSize="9.0"/>
                </Word>
                <TextEquiv>
                    <Unicode>Je croi que vous avez pour moi quelque bonté,</Unicode>
                </TextEquiv>
                <TextStyle fontFamily="Times New Roman" fontSize="9.0"/>
            </TextLine>
            <TextEquiv>
                <Unicode>Je croi que vous avez pour moi quelque bonté,</Unicode>
            </TextEquiv>
        </TextRegion>
        <TextRegion type="paragraph" id="r_1_21" custom="readingOrder {index:20;}">
            <Coords points="79,1305 775,1305 775,1348 79,1348"/>
            <TextLine id="tl_32" primaryLanguage="English" custom="readingOrder {index:0;}">
                <Coords points="80,1306 774,1306 774,1347 80,1347"/>
                <Baseline points="80,1345 142,1336 220,1336 285,1336 333,1335 411,1335 494,1336 554,1336 635,1336 774,1342"/>
                <Word id="w_w2aab1b1b2c41b1ab1" language="English" custom="readingOrder {index:0;}">
                    <Coords points="80,1309 142,1309 142,1345 80,1345"/>
                    <TextEquiv>
                        <Unicode>Que</Unicode>
                    </TextEquiv>
                    <TextStyle fontFamily="Times New Roman" fontSize="9.0"/>
                </Word>
                <Word id="w_w2aab1b1b2c41b1ab9" language="English" custom="readingOrder {index:1;}">
                    <Coords points="155,1308 220,1308 220,1337 155,1337"/>
                    <TextEquiv>
                        <Unicode>d’un</Unicode>
                    </TextEquiv>
                    <TextStyle fontFamily="Times New Roman" fontSize="9.0"/>
                </Word>
                <Word id="w_w2aab1b1b2c41b1ac19" language="English" custom="readingOrder {index:2;}">
                    <Coords points="234,1317 285,1317 285,1347 234,1347"/>
                    <TextEquiv>
                        <Unicode>peu</Unicode>
                    </TextEquiv>
                    <TextStyle fontFamily="Times New Roman" fontSize="9.0"/>
                </Word>
                <Word id="w_w2aab1b1b2c41b1ac27" language="English" custom="readingOrder {index:3;}">
                    <Coords points="301,1307 333,1307 333,1336 301,1336"/>
                    <TextEquiv>
                        <Unicode>de</Unicode>
                    </TextEquiv>
                    <TextStyle fontFamily="Times New Roman" fontSize="9.0"/>
                </Word>
                <Word id="w_w2aab1b1b2c41b1ac33" language="English" custom="readingOrder {index:4;}">
                    <Coords points="347,1308 411,1308 411,1346 347,1346"/>
                    <TextEquiv>
                        <Unicode>pitié</Unicode>
                    </TextEquiv>
                    <TextStyle fontFamily="Times New Roman" fontSize="9.0"/>
                </Word>
                <Word id="w_w2aab1b1b2c41b1ac45" language="English" custom="readingOrder {index:5;}">
                    <Coords points="428,1318 494,1318 494,1336 428,1336"/>
                    <TextEquiv>
                        <Unicode>mon</Unicode>
                    </TextEquiv>
                    <TextStyle fontFamily="Times New Roman" fontSize="9.0"/>
                </Word>
                <Word id="w_w2aab1b1b2c41b1ac53" language="English" custom="readingOrder {index:6;}">
                    <Coords points="511,1307 554,1307 554,1336 511,1336"/>
                    <TextEquiv>
                        <Unicode>feu</Unicode>
                    </TextEquiv>
                    <TextStyle fontFamily="Times New Roman" fontSize="9.0"/>
                </Word>
                <Word id="w_w2aab1b1b2c41b1ac61" language="English" custom="readingOrder {index:7;}">
                    <Coords points="570,1317 635,1317 635,1336 570,1336"/>
                    <TextEquiv>
                        <Unicode>vous</Unicode>
                    </TextEquiv>
                    <TextStyle fontFamily="Times New Roman" fontSize="9.0"/>
                </Word>
                <Word id="w_w2aab1b1b2c41b1ac71" language="English" custom="readingOrder {index:8;}">
                    <Coords points="651,1306 774,1306 774,1342 651,1342"/>
                    <TextEquiv>
                        <Unicode>lôllicite,</Unicode>
                    </TextEquiv>
                    <TextStyle fontFamily="Times New Roman" fontSize="9.0"/>
                </Word>
                <TextEquiv>
                    <Unicode>Que d’un peu de pitié mon feu vous ſollicite,</Unicode>
                </TextEquiv>
                <TextStyle fontFamily="Times New Roman" fontSize="9.0"/>
            </TextLine>
            <TextEquiv>
                <Unicode>Que d’un peu de pitié mon feu vous ſollicite,</Unicode>
            </TextEquiv>
        </TextRegion>
        <TextRegion type="paragraph" id="r_1_22" custom="readingOrder {index:21;}">
            <Coords points="78,1344 744,1344 744,1387 78,1387"/>
            <TextLine id="tl_33" primaryLanguage="English" custom="readingOrder {index:0;}">
                <Coords points="79,1345 743,1345 743,1386 79,1386"/>
                <Baseline points="79,1375 114,1375 153,1374 212,1374 284,1376 408,1375 481,1376 546,1375 583,1374 622,1375 743,1375"/>
                <Word id="w_w2aab1b1b2c43b1ab1" language="English" custom="readingOrder {index:0;}">
                    <Coords points="79,1348 114,1348 114,1375 79,1375"/>
                    <TextEquiv>
                        <Unicode>Et</Unicode>
                    </TextEquiv>
                    <TextStyle fontFamily="Times New Roman" fontSize="9.0"/>
                </Word>
                <Word id="w_w2aab1b1b2c43b1ab7" language="English" custom="readingOrder {index:1;}">
                    <Coords points="129,1348 153,1348 153,1383 129,1383"/>
                    <TextEquiv>
                        <Unicode>je</Unicode>
                    </TextEquiv>
                    <TextStyle fontFamily="Times New Roman" fontSize="9.0"/>
                </Word>
                <Word id="w_w2aab1b1b2c43b1ac13" language="English" custom="readingOrder {index:2;}">
                    <Coords points="168,1357 212,1357 212,1375 168,1375"/>
                    <TextEquiv>
                        <Unicode>me</Unicode>
                    </TextEquiv>
                    <TextStyle fontFamily="Times New Roman" fontSize="9.0"/>
                </Word>
                <Word id="w_w2aab1b1b2c43b1ac19" language="English" custom="readingOrder {index:3;}">
                    <Coords points="228,1347 284,1347 284,1376 228,1376"/>
                    <TextEquiv>
                        <Unicode>vois</Unicode>
                    </TextEquiv>
                    <TextStyle fontFamily="Times New Roman" fontSize="9.0"/>
                </Word>
                <Word id="w_w2aab1b1b2c43b1ac29" language="English" custom="readingOrder {index:4;}">
                    <Coords points="292,1345 408,1345 408,1375 292,1375"/>
                    <TextEquiv>
                        <Unicode>heureux</Unicode>
                    </TextEquiv>
                    <TextStyle fontFamily="Times New Roman" fontSize="9.0"/>
                </Word>
                <Word id="w_w2aab1b1b2c43b1ac45" language="English" custom="readingOrder {index:5;}">
                    <Coords points="424,1347 481,1347 481,1385 424,1385"/>
                    <TextEquiv>
                        <Unicode>plus</Unicode>
                    </TextEquiv>
                    <TextStyle fontFamily="Times New Roman" fontSize="9.0"/>
                </Word>
                <Word id="w_w2aab1b1b2c43b1ac55" language="English" custom="readingOrder {index:6;}">
                    <Coords points="494,1357 546,1357 546,1386 494,1386"/>
                    <TextEquiv>
                        <Unicode>que</Unicode>
                    </TextEquiv>
                    <TextStyle fontFamily="Times New Roman" fontSize="9.0"/>
                </Word>
                <Word id="w_w2aab1b1b2c43b1ac63" language="English" custom="readingOrder {index:7;}">
                    <Coords points="559,1347 583,1347 583,1383 559,1383"/>
                    <TextEquiv>
                        <Unicode>je</Unicode>
                    </TextEquiv>
                    <TextStyle fontFamily="Times New Roman" fontSize="9.0"/>
                </Word>
                <Word id="w_w2aab1b1b2c43b1ac69" language="English" custom="readingOrder {index:8;}">
                    <Coords points="590,1357 622,1357 622,1375 590,1375"/>
                    <TextEquiv>
                        <Unicode>ne</Unicode>
                    </TextEquiv>
                    <TextStyle fontFamily="Times New Roman" fontSize="9.0"/>
                </Word>
                <Word id="w_w2aab1b1b2c43b1ac75" language="English" custom="readingOrder {index:9;}">
                    <Coords points="638,1348 743,1348 743,1376 638,1376"/>
                    <TextEquiv>
                        <Unicode>mérité.</Unicode>
                    </TextEquiv>
                    <TextStyle fontFamily="Times New Roman" fontSize="9.0"/>
                </Word>
                <TextEquiv>
                    <Unicode>Et je me vois heureux plus que je ne merite.</Unicode>
                </TextEquiv>
                <TextStyle fontFamily="Times New Roman" fontSize="9.0"/>
            </TextLine>
            <TextEquiv>
                <Unicode>Et je me vois heureux plus que je ne merite.</Unicode>
            </TextEquiv>
        </TextRegion>
        <TextRegion type="paragraph" id="r_1_23" custom="readingOrder {index:22;}">
            <Coords points="77,1384 850,1384 850,1464 77,1464"/>
            <TextLine id="tl_34" primaryLanguage="English" custom="readingOrder {index:0;}">
                <Coords points="79,1385 814,1385 814,1426 79,1426"/>
                <Baseline points="79,1414 147,1414 199,1413 279,1419 319,1413 447,1414 478,1415 551,1415 692,1414 814,1421"/>
                <Word id="w_w2aab1b1b2c45b1ab1" language="English" custom="readingOrder {index:0;}">
                    <Coords points="79,1389 147,1389 147,1414 79,1414"/>
                    <TextEquiv>
                        <Unicode>C'en</Unicode>
                    </TextEquiv>
                    <TextStyle fontFamily="Times New Roman" fontSize="9.0"/>
                </Word>
                <Word id="w_w2aab1b1b2c45b1ac11" language="English" custom="readingOrder {index:1;}">
                    <Coords points="162,1385 199,1385 199,1413 162,1413"/>
                    <TextEquiv>
                        <Unicode>eft</Unicode>
                    </TextEquiv>
                    <TextStyle fontFamily="Times New Roman" fontSize="9.0"/>
                </Word>
                <Word id="w_w2aab1b1b2c45b1ac19" language="English" custom="readingOrder {index:2;}">
                    <Coords points="216,1385 279,1385 279,1419 216,1419"/>
                    <TextEquiv>
                        <Unicode>fait,</Unicode>
                    </TextEquiv>
                    <TextStyle fontFamily="Times New Roman" fontSize="9.0"/>
                </Word>
                <Word id="w_w2aab1b1b2c45b1ac31" language="English" custom="readingOrder {index:3;}">
                    <Coords points="296,1386 319,1386 319,1422 296,1422"/>
                    <TextEquiv>
                        <Unicode>je</Unicode>
                    </TextEquiv>
                    <TextStyle fontFamily="Times New Roman" fontSize="9.0"/>
                </Word>
                <Word id="w_w2aab1b1b2c45b1ac37" language="English" custom="readingOrder {index:4;}">
                    <Coords points="335,1396 447,1396 447,1414 335,1414"/>
                    <TextEquiv>
                        <Unicode>renonce</Unicode>
                    </TextEquiv>
                    <TextStyle fontFamily="Times New Roman" fontSize="9.0"/>
                </Word>
                <Word id="w_w2aab1b1b2c45b1ac53" language="English" custom="readingOrder {index:5;}">
                    <Coords points="463,1387 478,1387 478,1415 463,1415"/>
                    <TextEquiv>
                        <Unicode>à</Unicode>
                    </TextEquiv>
                    <TextStyle fontFamily="Times New Roman" fontSize="9.0"/>
                </Word>
                <Word id="w_w2aab1b1b2c45b1ac57" language="English" custom="readingOrder {index:6;}">
                    <Coords points="494,1396 551,1396 551,1415 494,1415"/>
                    <TextEquiv>
                        <Unicode>mes</Unicode>
                    </TextEquiv>
                    <TextStyle fontFamily="Times New Roman" fontSize="9.0"/>
                </Word>
                <Word id="w_w2aab1b1b2c45b1ac65" language="English" custom="readingOrder {index:7;}">
                    <Coords points="564,1386 692,1386 692,1426 564,1426"/>
                    <TextEquiv>
                        <Unicode>foupçons</Unicode>
                    </TextEquiv>
                    <TextStyle fontFamily="Times New Roman" fontSize="9.0"/>
                </Word>
                <Word id="w_w2aab1b1b2c45b1ac83" language="English" custom="readingOrder {index:8;}">
                    <Coords points="707,1387 814,1387 814,1423 707,1423"/>
                    <TextEquiv>
                        <Unicode>jaloux,</Unicode>
                    </TextEquiv>
                    <TextStyle fontFamily="Times New Roman" fontSize="9.0"/>
                </Word>
                <TextEquiv>
                    <Unicode>C'en eſt fait, je renonce à mes ſoupçons jaloux,</Unicode>
                </TextEquiv>
                <TextStyle fontFamily="Times New Roman" fontSize="9.0"/>
            </TextLine>
            <TextLine id="tl_35" primaryLanguage="English" custom="readingOrder {index:1;}">
                <Coords points="78,1424 849,1424 849,1463 78,1463"/>
                <Baseline points="78,1453 180,1453 240,1452 300,1452 478,1457 536,1454 586,1453 669,1453 743,1454 849,1462"/>
                <Word id="w_w2aab1b1b2c45b3ab1" language="English" custom="readingOrder {index:0;}">
                    <Coords points="78,1424 180,1424 180,1454 78,1454"/>
                    <TextEquiv>
                        <Unicode>L’arrêt</Unicode>
                    </TextEquiv>
                    <TextStyle fontFamily="Times New Roman" fontSize="9.0"/>
                </Word>
                <Word id="w_w2aab1b1b2c45b3ac17" language="English" custom="readingOrder {index:1;}">
                    <Coords points="193,1425 240,1425 240,1463 193,1463"/>
                    <TextEquiv>
                        <Unicode>qui</Unicode>
                    </TextEquiv>
                    <TextStyle fontFamily="Times New Roman" fontSize="9.0"/>
                </Word>
                <Word id="w_w2aab1b1b2c45b3ac25" language="English" custom="readingOrder {index:2;}">
                    <Coords points="256,1435 300,1435 300,1453 256,1453"/>
                    <TextEquiv>
                        <Unicode>me</Unicode>
                    </TextEquiv>
                    <TextStyle fontFamily="Times New Roman" fontSize="9.0"/>
                </Word>
                <Word id="w_w2aab1b1b2c45b3ac31" language="English" custom="readingOrder {index:3;}">
                    <Coords points="313,1425 478,1425 478,1457 313,1457"/>
                    <TextEquiv>
                        <Unicode>condamne,</Unicode>
                    </TextEquiv>
                    <TextStyle fontFamily="Times New Roman" fontSize="9.0"/>
                </Word>
                <Word id="w_w2aab1b1b2c45b3ac51" language="English" custom="readingOrder {index:4;}">
                    <Coords points="498,1425 536,1425 536,1454 498,1454"/>
                    <TextEquiv>
                        <Unicode>cft</Unicode>
                    </TextEquiv>
                    <TextStyle fontFamily="Times New Roman" fontSize="9.0"/>
                </Word>
                <Word id="w_w2aab1b1b2c45b3ac59" language="English" custom="readingOrder {index:5;}">
                    <Coords points="551,1436 586,1436 586,1454 551,1454"/>
                    <TextEquiv>
                        <Unicode>un</Unicode>
                    </TextEquiv>
                    <TextStyle fontFamily="Times New Roman" fontSize="9.0"/>
                </Word>
                <Word id="w_w2aab1b1b2c45b3ac65" language="English" custom="readingOrder {index:6;}">
                    <Coords points="601,1435 669,1435 669,1454 601,1454"/>
                    <TextEquiv>
                        <Unicode>arrêt</Unicode>
                    </TextEquiv>
                    <TextStyle fontFamily="Times New Roman" fontSize="9.0"/>
                </Word>
                <Word id="w_w2aab1b1b2c45b3ac77" language="English" custom="readingOrder {index:7;}">
                    <Coords points="683,1426 743,1426 743,1454 683,1454"/>
                    <TextEquiv>
                        <Unicode>bien</Unicode>
                    </TextEquiv>
                    <TextStyle fontFamily="Times New Roman" fontSize="9.0"/>
                </Word>
                <Word id="w_w2aab1b1b2c45b3ac87" language="English" custom="readingOrder {index:8;}">
                    <Coords points="761,1427 849,1427 849,1462 761,1462"/>
                    <TextEquiv>
                        <Unicode>doux;</Unicode>
                    </TextEquiv>
                    <TextStyle fontFamily="Times New Roman" fontSize="9.0"/>
                </Word>
                <TextEquiv>
                    <Unicode>L’arrêt qui me condamne, eſt un arrêt bien doux;</Unicode>
                </TextEquiv>
                <TextStyle fontFamily="Times New Roman" fontSize="9.0"/>
            </TextLine>
            <TextEquiv>
                <Unicode>C'en eſt fait, je renonce à mes ſoupçons jaloux,
L’arrêt qui me condamne, eſt un arrêt bien doux;</Unicode>
            </TextEquiv>
        </TextRegion>
        <TextRegion type="paragraph" id="r_1_24" custom="readingOrder {index:23;}">
            <Coords points="79,1463 741,1463 741,1504 79,1504"/>
            <TextLine id="tl_36" primaryLanguage="English" custom="readingOrder {index:0;}">
                <Coords points="80,1464 740,1464 740,1503 80,1503"/>
                <Baseline points="80,1491 114,1490 152,1491 250,1491 288,1492 351,1491 426,1492 536,1492 596,1492 740,1497"/>
                <Word id="w_w2aab1b1b2c47b1ab1" language="English" custom="readingOrder {index:0;}">
                    <Coords points="80,1465 114,1465 114,1491 80,1491"/>
                    <TextEquiv>
                        <Unicode>Et</Unicode>
                    </TextEquiv>
                    <TextStyle fontFamily="Times New Roman" fontSize="9.0"/>
                </Word>
                <Word id="w_w2aab1b1b2c47b1ab7" language="English" custom="readingOrder {index:1;}">
                    <Coords points="128,1464 152,1464 152,1499 128,1499"/>
                    <TextEquiv>
                        <Unicode>je</Unicode>
                    </TextEquiv>
                    <TextStyle fontFamily="Times New Roman" fontSize="9.0"/>
                </Word>
                <Word id="w_w2aab1b1b2c47b1ac13" language="English" custom="readingOrder {index:2;}">
                    <Coords points="168,1464 250,1464 250,1492 168,1492"/>
                    <TextEquiv>
                        <Unicode>reçois</Unicode>
                    </TextEquiv>
                    <TextStyle fontFamily="Times New Roman" fontSize="9.0"/>
                </Word>
                <Word id="w_w2aab1b1b2c47b1ac27" language="English" custom="readingOrder {index:3;}">
                    <Coords points="265,1464 288,1464 288,1492 265,1492"/>
                    <TextEquiv>
                        <Unicode>la</Unicode>
                    </TextEquiv>
                    <TextStyle fontFamily="Times New Roman" fontSize="9.0"/>
                </Word>
                <Word id="w_w2aab1b1b2c47b1ac33" language="English" custom="readingOrder {index:4;}">
                    <Coords points="305,1465 351,1465 351,1492 305,1492"/>
                    <TextEquiv>
                        <Unicode>Loi</Unicode>
                    </TextEquiv>
                    <TextStyle fontFamily="Times New Roman" fontSize="9.0"/>
                </Word>
                <Word id="w_w2aab1b1b2c47b1ac41" language="English" custom="readingOrder {index:5;}">
                    <Coords points="361,1464 426,1464 426,1502 361,1502"/>
                    <TextEquiv>
                        <Unicode>qu’il</Unicode>
                    </TextEquiv>
                    <TextStyle fontFamily="Times New Roman" fontSize="9.0"/>
                </Word>
                <Word id="w_w2aab1b1b2c47b1ac53" language="English" custom="readingOrder {index:6;}">
                    <Coords points="441,1465 536,1465 536,1503 441,1503"/>
                    <TextEquiv>
                        <Unicode>daigne</Unicode>
                    </TextEquiv>
                    <TextStyle fontFamily="Times New Roman" fontSize="9.0"/>
                </Word>
                <Word id="w_w2aab1b1b2c47b1ac67" language="English" custom="readingOrder {index:7;}">
                    <Coords points="551,1474 596,1474 596,1492 551,1492"/>
                    <TextEquiv>
                        <Unicode>me</Unicode>
                    </TextEquiv>
                    <TextStyle fontFamily="Times New Roman" fontSize="9.0"/>
                </Word>
                <Word id="w_w2aab1b1b2c47b1ac73" language="English" custom="readingOrder {index:8;}">
                    <Coords points="610,1465 740,1465 740,1503 610,1503"/>
                    <TextEquiv>
                        <Unicode>préaire,</Unicode>
                    </TextEquiv>
                    <TextStyle fontFamily="Times New Roman" fontSize="9.0"/>
                </Word>
                <TextEquiv>
                    <Unicode>Et je reçois la Loi qu’il daigne me précrire,</Unicode>
                </TextEquiv>
                <TextStyle fontFamily="Times New Roman" fontSize="9.0"/>
            </TextLine>
            <TextEquiv>
                <Unicode>Et je reçois la Loi qu’il daigne me précrire,</Unicode>
            </TextEquiv>
        </TextRegion>
        <TextRegion type="paragraph" id="r_1_25" custom="readingOrder {index:24;}">
            <Coords points="79,1500 821,1500 821,1545 79,1545"/>
            <TextLine id="tl_37" primaryLanguage="English" custom="readingOrder {index:0;}">
                <Coords points="80,1501 820,1501 820,1544 80,1544"/>
                <Baseline points="80,1529 151,1528 304,1530 386,1530 472,1531 517,1531 586,1531 693,1532 820,1534"/>
                <Word id="w_w2aab1b1b2c49b1ab1" language="English" custom="readingOrder {index:0;}">
                    <Coords points="80,1503 151,1503 151,1529 80,1529"/>
                    <TextEquiv>
                        <Unicode>Pour</Unicode>
                    </TextEquiv>
                    <TextStyle fontFamily="Times New Roman" fontSize="9.0"/>
                </Word>
                <Word id="w_w2aab1b1b2c49b1ac11" language="English" custom="readingOrder {index:1;}">
                    <Coords points="163,1501 304,1501 304,1531 163,1531"/>
                    <TextEquiv>
                        <Unicode>affranchir</Unicode>
                    </TextEquiv>
                    <TextStyle fontFamily="Times New Roman" fontSize="9.0"/>
                </Word>
                <Word id="w_w2aab1b1b2c49b1ac33" language="English" custom="readingOrder {index:2;}">
                    <Coords points="321,1513 386,1513 386,1530 321,1530"/>
                    <TextEquiv>
                        <Unicode>mon</Unicode>
                    </TextEquiv>
                    <TextStyle fontFamily="Times New Roman" fontSize="9.0"/>
                </Word>
                <Word id="w_w2aab1b1b2c49b1ac41" language="English" custom="readingOrder {index:3;}">
                    <Coords points="399,1513 472,1513 472,1531 399,1531"/>
                    <TextEquiv>
                        <Unicode>cœur</Unicode>
                    </TextEquiv>
                    <TextStyle fontFamily="Times New Roman" fontSize="9.0"/>
                </Word>
                <Word id="w_w2aab1b1b2c49b1ac51" language="English" custom="readingOrder {index:4;}">
                    <Coords points="486,1504 517,1504 517,1532 486,1532"/>
                    <TextEquiv>
                        <Unicode>de</Unicode>
                    </TextEquiv>
                    <TextStyle fontFamily="Times New Roman" fontSize="9.0"/>
                </Word>
                <Word id="w_w2aab1b1b2c49b1ac57" language="English" custom="readingOrder {index:5;}">
                    <Coords points="531,1504 586,1504 586,1532 531,1532"/>
                    <TextEquiv>
                        <Unicode>leur</Unicode>
                    </TextEquiv>
                    <TextStyle fontFamily="Times New Roman" fontSize="9.0"/>
                </Word>
                <Word id="w_w2aab1b1b2c49b1ac67" language="English" custom="readingOrder {index:6;}">
                    <Coords points="600,1503 693,1503 693,1541 600,1541"/>
                    <TextEquiv>
                        <Unicode>injufte</Unicode>
                    </TextEquiv>
                    <TextStyle fontFamily="Times New Roman" fontSize="9.0"/>
                </Word>
                <Word id="w_w2aab1b1b2c49b1ac83" language="English" custom="readingOrder {index:7;}">
                    <Coords points="709,1505 820,1505 820,1544 709,1544"/>
                    <TextEquiv>
                        <Unicode>empire.</Unicode>
                    </TextEquiv>
                    <TextStyle fontFamily="Times New Roman" fontSize="9.0"/>
                </Word>
                <TextEquiv>
                    <Unicode>Pour affranchir mon cœur de leur injuſte empire.</Unicode>
                </TextEquiv>
                <TextStyle fontFamily="Times New Roman" fontSize="9.0"/>
            </TextLine>
            <TextEquiv>
                <Unicode>Pour affranchir mon cœur de leur injuſte empire.</Unicode>
            </TextEquiv>
        </TextRegion>
        <TextRegion type="paragraph" id="r_1_26" custom="readingOrder {index:25;}">
            <Coords points="339,1542 618,1542 618,1571 339,1571"/>
            <TextLine id="tl_38" primaryLanguage="English" custom="readingOrder {index:0;}">
                <Coords points="340,1543 617,1543 617,1570 340,1570"/>
                <Baseline points="340,1569 376,1569 438,1569 470,1570 506,1569 534,1570 574,1570 617,1570"/>
                <Word id="w_w2aab1b1b2c51b1ab1" language="English" custom="readingOrder {index:0;}">
                    <Coords points="340,1543 376,1543 376,1569 340,1569"/>
                    <TextEquiv>
                        <Unicode>D.</Unicode>
                    </TextEquiv>
                    <TextStyle fontFamily="Times New Roman" fontSize="9.0"/>
                </Word>
                <Word id="w_w2aab1b1b2c51b1ab7" language="English" custom="readingOrder {index:1;}">
                    <Coords points="416,1543 438,1543 438,1570 416,1570"/>
                    <TextEquiv>
                        <Unicode>E</Unicode>
                    </TextEquiv>
                    <TextStyle fontFamily="Times New Roman" fontSize="9.0"/>
                </Word>
                <Word id="w_w2aab1b1b2c51b1b1b1" language="English" custom="readingOrder {index:2;}">
                    <Coords points="456,1552 470,1552 470,1570 456,1570"/>
                    <TextEquiv>
                        <Unicode>l</Unicode>
                    </TextEquiv>
                    <TextStyle fontFamily="Times New Roman" fontSize="6.5"/>
                </Word>
                <Word id="w_w2aab1b1b2c51b1b2b3" language="English" custom="readingOrder {index:3;}">
                    <Coords points="489,1553 506,1553 506,1569 489,1569"/>
                    <TextEquiv>
                        <Unicode>u</Unicode>
                    </TextEquiv>
                    <TextStyle fontFamily="Times New Roman" fontSize="6.5"/>
                </Word>
                <Word id="w_w2aab1b1b2c51b1b2b7" language="English" custom="readingOrder {index:4;}">
                    <Coords points="526,1551 534,1551 534,1570 526,1570"/>
                    <TextEquiv>
                        <Unicode>I</Unicode>
                    </TextEquiv>
                    <TextStyle fontFamily="Times New Roman" fontSize="6.5"/>
                </Word>
                <Word id="w_w2aab1b1b2c51b1b3b1" language="English" custom="readingOrder {index:5;}">
                    <Coords points="556,1551 574,1551 574,1570 556,1570"/>
                    <TextEquiv>
                        <Unicode>R</Unicode>
                    </TextEquiv>
                    <TextStyle fontFamily="Times New Roman" fontSize="7.0" bold="true"/>
                </Word>
                <Word id="w_w2aab1b1b2c51b1b4b1" language="English" custom="readingOrder {index:6;}">
                    <Coords points="593,1552 617,1552 617,1570 593,1570"/>
                    <TextEquiv>
                        <Unicode>E.</Unicode>
                    </TextEquiv>
                    <TextStyle fontFamily="Times New Roman" fontSize="6.5"/>
                </Word>
                <TextEquiv>
                    <Unicode>D. ELUIRE.</Unicode>
                </TextEquiv>
            </TextLine>
            <TextEquiv>
                <Unicode>D. ELUIRE.</Unicode>
            </TextEquiv>
        </TextRegion>
        <TextRegion type="paragraph" id="r_1_27" custom="readingOrder {index:26;}">
            <Coords points="81,1578 855,1578 855,1623 81,1623"/>
            <TextLine id="tl_39" primaryLanguage="English" custom="readingOrder {index:0;}">
                <Coords points="82,1579 854,1579 854,1622 82,1622"/>
                <Baseline points="82,1602 156,1604 310,1607 474,1612 599,1613 643,1611 676,1610 770,1611 854,1622"/>
                <Word id="w_w2aab1b1b2c53b1ab1" language="English" custom="readingOrder {index:0;}">
                    <Coords points="82,1579 156,1579 156,1604 82,1604"/>
                    <TextEquiv>
                        <Unicode>Vous</Unicode>
                    </TextEquiv>
                    <TextStyle fontFamily="Times New Roman" fontSize="9.0"/>
                </Word>
                <Word id="w_w2aab1b1b2c53b1ac11" language="English" custom="readingOrder {index:1;}">
                    <Coords points="163,1587 310,1587 310,1614 163,1614"/>
                    <TextEquiv>
                        <Unicode>promettez</Unicode>
                    </TextEquiv>
                    <TextStyle fontFamily="Times New Roman" fontSize="9.0"/>
                </Word>
                <Word id="w_w2aab1b1b2c53b1ac31" language="English" custom="readingOrder {index:2;}">
                    <Coords points="322,1581 474,1581 474,1619 322,1619"/>
                    <TextEquiv>
                        <Unicode>beaucoup,</Unicode>
                    </TextEquiv>
                    <TextStyle fontFamily="Times New Roman" fontSize="9.0"/>
                </Word>
                <Word id="w_w2aab1b1b2c53b1ac51" language="English" custom="readingOrder {index:3;}">
                    <Coords points="493,1582 599,1582 599,1613 493,1613"/>
                    <TextEquiv>
                        <Unicode>Prince,</Unicode>
                    </TextEquiv>
                    <TextStyle fontFamily="Times New Roman" fontSize="9.0"/>
                </Word>
                <Word id="w_w2aab1b1b2c53b1ac67" language="English" custom="readingOrder {index:4;}">
                    <Coords points="619,1586 643,1586 643,1611 619,1611"/>
                    <TextEquiv>
                        <Unicode>&amp;</Unicode>
                    </TextEquiv>
                    <TextStyle fontFamily="Times New Roman" fontSize="9.0"/>
                </Word>
                <Word id="w_w2aab1b1b2c53b1ac71" language="English" custom="readingOrder {index:5;}">
                    <Coords points="653,1582 676,1582 676,1618 653,1618"/>
                    <TextEquiv>
                        <Unicode>je</Unicode>
                    </TextEquiv>
                    <TextStyle fontFamily="Times New Roman" fontSize="9.0"/>
                </Word>
                <Word id="w_w2aab1b1b2c53b1ac77" language="English" custom="readingOrder {index:6;}">
                    <Coords points="689,1582 770,1582 770,1611 689,1611"/>
                    <TextEquiv>
                        <Unicode>doute</Unicode>
                    </TextEquiv>
                    <TextStyle fontFamily="Times New Roman" fontSize="9.0"/>
                </Word>
                <Word id="w_w2aab1b1b2c53b1ac89" language="English" custom="readingOrder {index:7;}">
                    <Coords points="786,1582 854,1582 854,1622 786,1622"/>
                    <TextEquiv>
                        <Unicode>fort,</Unicode>
                    </TextEquiv>
                    <TextStyle fontFamily="Times New Roman" fontSize="9.0"/>
                </Word>
                <TextEquiv>
                    <Unicode>Vous promettez beaucoup, Prince, &amp; je doute fort,</Unicode>
                </TextEquiv>
                <TextStyle fontFamily="Times New Roman" fontSize="9.0"/>
            </TextLine>
            <TextEquiv>
                <Unicode>Vous promettez beaucoup, Prince, &amp; je doute fort,</Unicode>
            </TextEquiv>
        </TextRegion>
        <TextRegion type="paragraph" id="r_1_28" custom="readingOrder {index:27;}">
            <Coords points="81,1614 769,1614 769,1663 81,1663"/>
            <TextLine id="tl_40" primaryLanguage="English" custom="readingOrder {index:0;}">
                <Coords points="82,1615 768,1615 768,1662 82,1662"/>
                <Baseline points="82,1641 108,1641 184,1644 310,1647 364,1647 446,1650 522,1650 566,1649 663,1650 768,1652"/>
                <Word id="w_w2aab1b1b2c55b1ab1" language="English" custom="readingOrder {index:0;}">
                    <Coords points="82,1615 108,1615 108,1641 82,1641"/>
                    <TextEquiv>
                        <Unicode>Si</Unicode>
                    </TextEquiv>
                    <TextStyle fontFamily="Times New Roman" fontSize="9.0"/>
                </Word>
                <Word id="w_w2aab1b1b2c55b1ab7" language="English" custom="readingOrder {index:1;}">
                    <Coords points="122,1625 184,1625 184,1645 122,1645"/>
                    <TextEquiv>
                        <Unicode>vous</Unicode>
                    </TextEquiv>
                    <TextStyle fontFamily="Times New Roman" fontSize="9.0"/>
                </Word>
                <Word id="w_w2aab1b1b2c55b1ac17" language="English" custom="readingOrder {index:2;}">
                    <Coords points="199,1625 310,1625 310,1654 199,1654"/>
                    <TextEquiv>
                        <Unicode>pourrez</Unicode>
                    </TextEquiv>
                    <TextStyle fontFamily="Times New Roman" fontSize="9.0"/>
                </Word>
                <Word id="w_w2aab1b1b2c55b1ac33" language="English" custom="readingOrder {index:3;}">
                    <Coords points="323,1620 364,1620 364,1648 323,1648"/>
                    <TextEquiv>
                        <Unicode>lut</Unicode>
                    </TextEquiv>
                    <TextStyle fontFamily="Times New Roman" fontSize="9.0"/>
                </Word>
                <Word id="w_w2aab1b1b2c55b1ac41" language="English" custom="readingOrder {index:4;}">
                    <Coords points="380,1629 446,1629 446,1650 380,1650"/>
                    <TextEquiv>
                        <Unicode>vous</Unicode>
                    </TextEquiv>
                    <TextStyle fontFamily="Times New Roman" fontSize="9.0"/>
                </Word>
                <Word id="w_w2aab1b1b2c55b1ac51" language="English" custom="readingOrder {index:5;}">
                    <Coords points="458,1619 522,1619 522,1650 458,1650"/>
                    <TextEquiv>
                        <Unicode>faire</Unicode>
                    </TextEquiv>
                    <TextStyle fontFamily="Times New Roman" fontSize="9.0"/>
                </Word>
                <Word id="w_w2aab1b1b2c55b1ac63" language="English" custom="readingOrder {index:6;}">
                    <Coords points="537,1630 566,1630 566,1650 537,1650"/>
                    <TextEquiv>
                        <Unicode>ce</Unicode>
                    </TextEquiv>
                    <TextStyle fontFamily="Times New Roman" fontSize="9.0"/>
                </Word>
                <Word id="w_w2aab1b1b2c55b1ac69" language="English" custom="readingOrder {index:7;}">
                    <Coords points="580,1622 663,1622 663,1662 580,1662"/>
                    <TextEquiv>
                        <Unicode>grand</Unicode>
                    </TextEquiv>
                    <TextStyle fontFamily="Times New Roman" fontSize="9.0"/>
                </Word>
                <Word id="w_w2aab1b1b2c55b1ac81" language="English" custom="readingOrder {index:8;}">
                    <Coords points="679,1620 768,1620 768,1652 679,1652"/>
                    <TextEquiv>
                        <Unicode>effort.</Unicode>
                    </TextEquiv>
                    <TextStyle fontFamily="Times New Roman" fontSize="9.0"/>
                </Word>
                <TextEquiv>
                    <Unicode>Si vous pourrez ſur vous faire ce grand effort.</Unicode>
                </TextEquiv>
                <TextStyle fontFamily="Times New Roman" fontSize="9.0"/>
            </TextLine>
            <TextEquiv>
                <Unicode>Si vous pourrez ſur vous faire ce grand effort.</Unicode>
            </TextEquiv>
        </TextRegion>
    </Page>
</PcGts>
