1032 1756
219 84 317 120 DE
372 85 811 124 NAVARRE,
878 100 921 125 ir

378 136 414 162 D.
461 136 482 162 E
502 144 516 162 L
535 144 552 163 U
570 145 580 163 I
600 145 618 164 R
637 145 662 163 E.

115 173 162 199 Un
182 170 280 201 fccours
296 172 313 201 fi
328 172 441 211 puiflant
455 173 512 202 doit
526 174 598 202 flatcr
613 173 686 203 nôtre
699 173 799 213 efpoir;

116 212 190 240 Mais
202 212 226 248 je
241 213 322 242 crains
337 222 388 251 que
402 223 467 241 mon
482 215 557 241 Frere
575 223 590 252 y
602 214 683 252 paille
698 223 756 253 trop
771 215 867 245 devoir.

388 253 425 279 D.
465 255 487 280 A
508 262 522 279 l
541 262 558 279 v
579 262 597 280 A
617 262 646 280 R.

119 289 206 320 Mais,
227 290 367 322 Madame,
384 291 502 319 admirez
515 301 566 329 que
582 291 684 332 maigre'
698 292 723 321 la
737 293 851 332 cempe'te

118 328 179 362 Que
193 326 264 356 vôtre
279 329 427 368 usurpateur
441 331 479 358 oit
491 329 606 369 gronder
621 330 661 359 fur
676 331 699 359 la
716 332 783 364 tc'te,

117 367 192 394 Tous
206 367 241 395 les
255 367 336 396 bruits
349 368 392 397 des
406 370 477 397 Leon
490 378 635 397 annoncent
647 380 712 408 pour
726 372 837 404 certain,

118 406 191 441 Qu’à
206 406 229 434 la
247 406 379 435 Comtefle
395 409 470 447 Ignés
484 408 502 435 il
517 417 547 436 va
561 408 660 436 donner
674 409 697 438 la
717 411 800 439 main.

382 448 418 474 D.
458 448 479 474 E
497 457 511 474 l
531 457 546 473 u
568 456 577 474 I
600 456 618 475 R
638 458 659 475 e.

119 483 140 510 Il
159 484 267 512 cherche
283 484 345 514 dans
359 485 470 513 l’himen
485 485 516 513 de
532 494 596 514 cette
611 486 707 515 illuftre
722 487 785 516 Fille

120 524 226 562 L’appui
242 524 276 552 du
293 524 376 564 grand
392 525 489 556 crédit,
506 525 542 552 où
558 522 581 552 fe
596 527 649 553 voit
664 527 688 554 la
705 525 806 561 famille
815 539 829 561 y

121 563 151 598 Je
168 573 199 590 ne
214 564 295 601 reçois
311 564 364 591 rien
380 563 474 594 d’elle,
491 568 516 591 &
533 565 582 598 j’en
599 563 648 592 fuis
660 574 692 593 en
707 564 795 598 fouci,

122 602 193 630 Mais
205 603 249 629 Ion
263 612 336 630 cœur
350 612 383 631 au
397 603 462 631 titan
477 601 516 630 fut
531 603 648 638 toujours
661 604 782 634 endurci..

444 643 600 669 Elise.

122 680 163 706 De
178 688 237 718 trop
250 679 360 718 puiliant
374 679 482 712 motifs,
500 679 647 708 d’honneur
662 686 687 711 &
704 683 735 710 de
749 683 898 719 tendrefle>

123 717 256 756 Opposent
269 721 305 748 les
319 719 390 748 refus
403 729 454 748 aux
469 718 563 748 nœuds
579 719 642 747 dont
658 731 693 749 on
708 722 731 750 la
745 721 847 761 prefle*

122 758 231 787 Pour....

388 799 424 826 D.
464 801 487 827 A
506 808 521 827 L
541 809 558 827 V
576 809 594 827 A
615 808 646 828 R.

200 838 236 864 Le
252 837 341 865 Prince
354 846 425 865 entre
438 838 481 866 ici.

320 902 405 946 S'C
436 906 467 942 E
497 907 537 942 N
565 907 597 944 E
649 908 731 944 III.

144 967 349 1000 D.GARCIE,
368 969 565 1001 D.ELUIRE,
584 971 620 998 D.
632 971 752 999 ALVAR
764 987 772 1001 ,
789 970 896 1000 ELISE.

555 1031 791 1068 D. GARCIE.
505 1075 524 1102 E
538 1074 609 1102 viens
624 1070 809 1104 m'intéresser,

121 1112 262 1143 Madame,
281 1123 313 1141 au
328 1112 399 1142 doux
416 1111 514 1151 efpoir,
532 1113 596 1152 qu’il
606 1123 667 1141 vous
675 1113 743 1140 vient
751 1111 924 1140 d’annoncer,.

122 1153 160 1178 Ce
176 1154 250 1180 Frere
265 1162 310 1190 qui
327 1161 431 1180 menace
447 1162 482 1180 un
499 1153 563 1180 titan
580 1152 648 1190 plein
664 1151 695 1179 de
711 1151 822 1182 crimes,

121 1191 202 1218 Flatte
220 1191 250 1218 de
268 1201 332 1218 mon
347 1201 441 1219 amour
456 1191 491 1219 les
507 1191 646 1229 transports
660 1190 799 1229 légitimés.

121 1231 173 1257 Son
189 1228 240 1258 fort
255 1229 322 1258 olfre
338 1229 353 1257 à
369 1240 433 1257 mon
448 1229 506 1258 bras
518 1229 562 1258 des
577 1230 652 1268 périls
667 1229 802 1269 glorieux,

122 1269 198 1296 Dont
212 1269 234 1304 je
250 1269 306 1307 puis
325 1268 390 1297 faire
405 1268 550 1307 hommage
568 1269 583 1296 à
602 1268 686 1296 l’éclat
699 1268 731 1296 de
746 1277 791 1295 vos
804 1276 882 1304 yeux.

121 1308 156 1335 Et
170 1316 214 1344 par
229 1317 278 1335 eux
294 1308 464 1347 m’acquérir,
483 1306 502 1335 il
520 1309 544 1336 le
557 1308 615 1335 Ciel
631 1305 708 1334 m’eft
723 1306 847 1343 propice,

119 1347 156 1374 La
172 1345 255 1386 gloire
269 1345 332 1374 d’un
347 1356 444 1377 revers,
462 1356 512 1385 que
530 1356 592 1374 vous
605 1346 661 1373 doit
675 1343 700 1372 fa
714 1343 821 1379 jufticcj

122 1386 179 1420 Qui
195 1395 224 1413 va
239 1383 303 1413 faire
317 1386 333 1412 à
348 1395 393 1413 vos
408 1384 479 1422 pieds
491 1384 581 1413 chcoir
596 1382 760 1414 l'infidélité',

120 1425 155 1452 Et
170 1424 260 1452 rendre
277 1424 292 1452 à
310 1422 382 1452 vôtre
396 1423 458 1464 fang
474 1433 545 1452 toute
561 1422 585 1452 fa
603 1422 716 1463 dignité'.

123 1464 194 1491 Mais
207 1473 235 1491 ce
249 1464 294 1502 qui
309 1463 366 1502 plus
382 1472 424 1491 me
441 1463 519 1500 plaît,
535 1462 614 1490 d’une
629 1462 735 1490 atteinte
750 1460 767 1488 fi
784 1460 877 1492 chère,

123 1501 194 1530 C’cft
210 1512 261 1540 que
277 1512 342 1539 pour
357 1502 411 1530 être
425 1502 493 1533 Roi,
513 1502 535 1529 le
552 1501 609 1529 Ciel
625 1511 691 1529 nous
705 1499 768 1528 rend
781 1509 809 1528 ce
823 1503 900 1529 Frere
911 1511 920 1532 ;

123 1541 157 1568 Et
175 1542 283 1579 qu’ainfi
301 1551 366 1568 mon
381 1550 475 1569 amour
491 1549 550 1578 peut
565 1539 657 1567 éclater
671 1549 703 1568 au
720 1540 809 1568 moins

123 1582 186 1609 Sans
202 1580 266 1616 qu’à
283 1579 393 1610 d’autres
410 1579 504 1609 motifs
517 1589 552 1608 on
566 1579 668 1616 impute
684 1578 720 1607 les
733 1577 817 1612 foins;

627 1620 650 1646 A
670 1622 684 1645 6
894 1615 928 1643 Et
