1024 1758
205 81 299 117 DE
361 78 807 116 NAVARRE.
878 88 904 126 7

101 131 213 170 Puilque
225 141 271 169 par
285 130 321 159 fes
335 130 440 158 ardents
456 139 521 158 mon
533 139 607 158 cœur
619 128 740 158 tirannil'é

102 172 203 198 Contre
215 171 275 198 elles
291 171 307 198 à
323 167 422 207 présent
435 167 459 196 Ce
474 169 528 197 voit
542 168 685 197 authorile.

102 210 178 245 Qu’il
194 220 226 238 en
240 218 301 248 peut
315 207 455 244 justement
466 210 614 237 combattre
629 209 665 236 les
680 207 859 247 hommages»

104 251 137 278 Et
151 248 208 277 fans
221 248 336 287 scrupule
349 248 452 276 ailleurs
464 247 565 277 donner
580 246 638 276 tous
652 246 676 276 Ce
678 257 689 276 s
702 246 839 287 fuffrages.

105 289 175 317 Mais
187 287 258 316 enfin
274 287 371 326 qu’elle
383 288 442 325 joye
455 297 488 315 en
503 296 565 325 peut
576 287 685 324 prendre
699 296 728 314 ce
742 295 833 318 coeur,

102 329 126 355 Si
140 327 220 355 d’une
233 336 305 355 autre
319 328 462 354 contrainte
474 327 492 354 il
507 326 604 355 (oufFre
619 326 644 354 la
656 328 761 364 rigueur
770 331 780 353 î

101 368 125 394 Si
139 366 204 395 d’un
219 367 308 394 Prince
321 366 408 402 jaloux
422 365 564 394 l’éternelle
578 365 711 398 foibleflè.

102 406 197 444 Reçoit
210 405 391 445 indignement
403 406 438 432 les
450 404 519 433 soins
531 404 564 433 de
579 415 624 433 ma
636 403 776 434 tendresse.-

103 446 136 472 Et
148 444 248 473 semble
260 454 377 483 préparer
390 443 455 472 dans
469 454 535 472 mon
547 442 615 480 juste
627 452 760 474 courroux

103 485 149 512 U11
164 484 230 512 éclat
244 483 260 512 à
274 483 352 512 briser
366 492 424 512 tout
436 490 587 512 commerce
601 493 672 512 entre
686 488 770 512 nous?

425 523 582 550 Elise.

103 563 174 591 Mais
188 560 205 590 fi
222 561 254 590 de
268 560 342 590 vôtre
355 561 458 590 bouche
470 561 489 589 il
503 563 544 590 n’a
559 562 634 600 point
648 560 704 601 fçeu
720 560 745 590 (à
762 560 860 602 gloire,

102 601 190 629 Efi-cc
205 602 287 630 crime
302 611 368 640 pour
380 601 416 630 lui
431 610 482 638 que
496 600 528 629 de
541 612 559 629 n
569 602 626 629 oter
639 601 664 630 la
678 602 760 629 croire
768 606 777 629 ?

104 641 137 668 Et
150 650 179 668 ce
193 650 244 680 que
258 640 321 669 d’un
337 641 396 669 rival
412 651 427 669 a
441 640 474 678 pû
492 640 576 668 flatter
589 641 625 669 les
640 640 724 674 feux,.

102 678 314 708 L’authorifc-t’ü
326 690 370 719 pas
385 680 400 708 à
414 679 508 708 douter
521 679 553 708 de
566 690 612 708 vos
626 684 720 707 vœux!

367 720 402 747 O.
442 719 463 746 E
482 728 496 746 L
514 728 530 746 O
548 728 557 746 I
579 727 599 746 R
618 728 642 746 E.

103 758 185 790 Non,
204 768 256 786 non
267 777 274 788 ,
292 757 324 786 de
337 767 402 786 cette
413 756 534 789 sombre,
552 762 578 786 &
593 756 666 786 lâche
679 754 788 793 jalousie

103 798 172 826 Rien
187 807 219 826 ne
233 806 295 836 peut
308 796 411 826 excuser
423 796 550 836 l'étrange
561 795 670 825 frenefie
679 809 686 829 ;

103 838 136 864 Et
150 846 194 875 par
209 846 265 865 mes
282 836 384 865 actions
396 838 419 871 je
435 836 479 864 l’ai
492 845 551 874 trop
565 834 700 867 informe',

106 875 182 911 Qu’il
195 885 256 914 peut
269 876 328 904 bien
342 874 367 904 se
383 876 467 904 flatter
479 874 514 903 du
530 875 652 904 bonheur
666 874 748 903 d’être
760 874 842 903 aimé.

103 917 168 943 Sans
181 915 315 954 employer
331 914 355 944 la
369 915 480 955 langue,
497 914 515 942 il
531 912 569 942 est
583 913 628 944 des
642 915 794 952 interprètes

104 954 160 989 Qui
175 955 272 990 parlent
286 954 438 982 clairement
452 954 496 982 des
510 954 628 982 atteintes
642 952 760 982 fecretes.

105 994 153 1021 Un
167 992 268 1031 soupir,
285 1003 320 1021 un
334 993 424 1032 regard
435 1012 443 1022 >
460 1002 510 1020 une
525 992 618 1031 simple
630 1002 760 1033 rougeur,

104 1034 150 1060 Un
167 1031 257 1062 silence
269 1032 307 1060 est
320 1032 388 1060 allez
401 1042 467 1070 pour
482 1033 617 1070 explique»
630 1043 666 1060 un
681 1040 764 1060 cœur.

104 1072 179 1101 Tour
194 1072 265 1110 parle
278 1071 342 1099 dans
356 1072 470 1100 l’amour
480 1075 487 1102 >
504 1075 530 1100 Sc
546 1071 588 1099 fur
601 1080 667 1100 cette
682 1071 791 1098 matière

104 1112 141 1138 Le
158 1110 276 1139 moindre
288 1111 348 1147 jour
360 1110 418 1138 doit
432 1112 485 1138 être
502 1120 552 1138 une
565 1110 661 1149 grande
675 1110 785 1138 lumière
795 1122 802 1141 ;

104 1149 216 1188 Puisque
228 1149 293 1178 chez
306 1148 381 1178 nôtre
394 1152 475 1181 Sexe,
490 1150 528 1178 où
541 1150 682 1178 l’honneur
694 1147 731 1176 elt
747 1146 857 1186 paillant

106 1190 152 1216 On
168 1198 200 1216 ne
214 1198 318 1216 montre
332 1189 425 1224 jamais
438 1197 495 1217 tout
509 1198 538 1216 ce
552 1198 603 1227 que
618 1189 674 1217 l’on
689 1187 792 1216 relient.

104 1228 156 1263 J-’ai
170 1228 268 1259 voulu,
286 1228 310 1264 je
323 1227 442 1260 l’avoiic,
458 1226 554 1259 ajuster
569 1238 613 1256 ma
628 1228 768 1259 conduite,

106 1268 140 1294 Et
157 1267 212 1294 voir
228 1266 293 1294 d’un
307 1267 353 1295 œil
368 1267 442 1306 égal,
462 1268 516 1295 l’un
532 1271 547 1295 3
547 1276 558 1295 c
574 1267 665 1295 l’autre
680 1268 788 1294 mérite:

104 1306 178 1334 Mais
194 1314 247 1343 que
260 1314 348 1333 contre
362 1304 399 1334 ses
414 1316 493 1334 vœux
508 1316 544 1333 on
560 1306 667 1334 combat
682 1312 849 1334 vainement,-

107 1345 141 1372 Et
156 1353 208 1382 que
224 1344 246 1372 la
262 1342 402 1372 différence
416 1344 453 1372 elt
467 1354 570 1372 connue
584 1344 723 1375 aifitment,

107 1385 150 1410 De
167 1391 252 1411 toutes
268 1392 308 1410 ces
323 1382 424 1412 faveurs
438 1386 519 1423 qu’on
534 1382 582 1412 fait
598 1393 657 1412 avec
672 1383 751 1411 étude

107 1425 130 1450 A
147 1422 224 1450 celles
239 1421 276 1450 où
290 1422 326 1451 du
341 1432 414 1451 cœur
428 1422 477 1452 fait
490 1421 602 1462 pancher
616 1422 775 1451 l’habitude..

107 1463 181 1489 Dans
195 1462 231 1490 les
245 1471 309 1490 unes
325 1463 457 1496 toujours,
475 1472 510 1490 on
526 1461 610 1500 paraît
626 1461 650 1490 fe
667 1461 766 1492 forcer;

112 1502 183 1528 Mais
200 1501 235 1528 les
250 1509 350 1533 autres,
368 1500 455 1530 hélas!
475 1502 499 1530 le
514 1500 572 1529 font
588 1501 642 1529 (ans
655 1511 670 1539 y
686 1500 772 1539 penser
783 1518 792 1532 »

105 1539 268 1568 Semblables
283 1540 298 1566 à
312 1549 352 1568 ces
366 1550 430 1568 eaux
441 1560 450 1572 »
464 1540 481 1568 fi
500 1550 575 1578 pures
589 1544 614 1568 &
634 1539 653 1568 fi
666 1540 761 1570 belles,

107 1578 164 1616 Qui
181 1578 286 1608 coulent
300 1576 356 1608 fans
370 1578 449 1608 effort
462 1580 507 1608 des
521 1580 623 1608 sources
638 1579 785 1608 naturelles.

548 1621 579 1647 A.
583 1629 600 1654 4
860 1618 916 1644 Mil
