1032 1758
223 77 320 115 DE
377 75 817 114 NAVARRE.
887 86 931 124 19

120 130 156 158 Et
170 129 233 158 dans
248 128 344 166 l’efprit
358 129 402 158 des
413 127 535 160 Grands,
553 130 636 166 qu’on
644 126 720 156 tâche
728 127 759 156 de
766 126 927 166 furprendre,

121 170 169 197 Un
184 178 264 206 rayon
279 168 311 196 de
327 168 437 197 lumière
446 168 453 199 >
471 168 486 196 à
500 168 526 196 la
543 167 579 196 fin
594 176 654 206 peut
669 166 825 199 descendre,

122 208 179 244 Qui
196 206 239 236 fur
252 217 311 236 tous
327 218 368 236 ces
382 208 485 237 dateurs
498 216 581 248 vange
598 206 806 245 équitablement
814 224 824 238 ,

122 248 161 274 Ce
175 246 237 286 qu’a
254 246 302 276 fait
315 246 331 276 à
345 248 401 276 leur
414 246 515 287 gloire,
532 257 568 274 un
581 246 646 286 long
661 245 855 289 aveuglement.

123 286 276 324 Cependant
289 288 313 324 je
328 286 410 318 dirai,
426 295 477 326 que
492 285 565 314 vôtre
578 295 638 314 ame
653 285 796 324 s’explique

120 326 168 363 Uu
182 335 232 363 peu
249 326 310 354 bien
325 326 465 354 librement
481 325 522 354 fur
540 324 612 354 vôtre
626 324 758 364 Politique
771 337 780 357 ;

122 364 154 392 Et
170 364 207 392 les
222 364 313 394 nobles
328 364 436 396 motifs,
455 375 488 393 au
504 365 595 393 Prince
609 373 763 403 rapporter,

122 404 280 433 Serviroient
293 403 363 433 aller
376 405 430 433 mal
444 414 491 433 vos
505 403 648 432 alfiduitez.

425 446 461 472 D.
499 444 519 470 L
538 453 554 470 o
573 452 587 471 p
606 452 630 470 e.

121 482 208 510 Outre
223 492 274 520 que
290 482 317 521 je
332 484 453 521 pourreis
466 481 605 511 dclàvoüer
618 480 676 510 fans
691 480 798 514 blâme,

120 522 173 550 Ces
185 521 262 550 libres
277 523 387 554 vcrktz,
405 521 447 551 fur
461 522 526 561 quoi
543 524 645 550 s’ouvre
661 530 727 549 mon
743 530 803 548 ame
813 531 821 553 ;

117 560 148 596 Je
163 559 212 599 fçai
230 559 283 589 fort
297 561 358 589 bien
373 561 487 600 qu'Elife
500 570 515 588 a
530 559 626 599 l’efprit
640 568 698 598 trop
713 559 820 592 dilctet,

119 600 189 628 Pour
203 600 265 628 aller
281 600 417 640 divulguer
432 610 472 629 cet
484 602 610 629 entretien
625 598 713 628 fecret.

120 639 240 674 (ài'ai-je
256 639 310 671 dit,
329 650 403 678 apres
417 649 492 672 tout,
508 649 560 677 que
574 640 629 667 (ans
646 640 703 667 moi
710 639 765 667 l'on
774 638 805 679 ne
812 638 919 679 Hache?

117 678 230 721 Egdans
243 688 309 707 mon
324 679 436 718 procédé
451 690 502 720 que
517 678 604 707 fifut-il
618 687 668 716 que
682 678 706 713 je
721 677 818 706 cache?

117 718 165 755 G©
179 727 242 755 peut
258 718 373 746 craindre
389 727 440 747 une
455 719 548 747 cheure
562 727 622 746 avec
639 716 751 755 quelque
765 716 864 751 railcm,

117 756 216 792 Quand
231 767 266 784 on
283 766 339 785 met
353 768 385 786 en
401 756 493 798 ulâge,
508 768 544 786 ou
560 756 635 788 rulê,
649 764 686 783 ou
699 754 826 784 trahilon.

117 796 187 824 Mais
203 799 285 835 qu'ai-
290 796 314 832 je
329 796 345 825 à
361 797 498 829 redouter,
518 797 574 824 moi
589 796 634 835 qui
650 803 694 833 par
709 803 767 823 tout
780 797 904 824 n'avance

116 834 178 871 Que
192 835 229 863 les
242 834 311 864 foins
324 846 472 875 approuvez
486 837 552 865 d’un
566 845 615 873 peu
630 835 662 862 de
677 832 867 872 complaifancc
875 848 885 870 ;

116 874 149 902 Et
163 874 209 912 qui
224 874 261 902 fui
276 874 418 904 feulement
434 886 478 914 par
491 875 595 904 d’utiles
608 875 696 913 leçons

115 913 150 952 La
166 923 243 952 pente
257 917 317 958 cju’a
333 915 356 943 le
372 917 463 943 Prince
478 915 493 943 à
510 914 542 942 de
556 912 644 950 jaloux
660 912 805 952 foupçons?

112 966 163 983 Don
177 965 241 985 nme
253 967 354 985 icmoie
368 971 402 986 ctt
418 972 489 987 nrre
495 977 504 990 ,
521 958 548 995 ôc
564 963 589 995 je
603 968 672 987 mri5
686 968 752 987 mon
768 964 848 988 cmsC

113 998 137 1024 A
153 1005 258 1024 trouver
272 997 317 1024 des
330 998 426 1026 raitons
441 998 456 1027 à
469 999 516 1028 Ion
529 998 681 1036 inquiétude
689 1012 697 1030 ;

111 1038 136 1064 A
151 1036 208 1063 voir
223 1036 256 1065 de
270 1044 330 1064 tous
345 1046 420 1066 cotez
429 1049 437 1070 ,
456 1034 501 1066 s'it
511 1049 543 1068 ne
557 1038 584 1066 le
598 1038 666 1076 passe
682 1038 737 1067 rien
750 1056 762 1071 »

111 1076 135 1102 A
151 1073 255 1104 fournir
269 1076 293 1102 le
306 1076 370 1112 sujet
382 1076 446 1106 d'un
460 1076 539 1106 lècret
553 1079 687 1106 entretien.

111 1113 145 1141 Et
158 1114 246 1152 quand
261 1114 286 1154 je
299 1116 357 1154 puis
374 1118 442 1144 tenir
456 1116 526 1145 enflé
540 1116 619 1146 d'une
634 1116 771 1150 nouvelle,

110 1153 221 1182 Donner
237 1154 253 1182 à
266 1156 312 1182 ion
328 1164 403 1193 repos
417 1166 468 1184 une
482 1157 589 1184 atteinte
602 1156 739 1187 mortelle,

109 1191 181 1220 C’eft
199 1193 253 1221 lors
268 1203 320 1232 que
333 1194 391 1233 plus
403 1195 424 1223 il
439 1197 568 1228 m’aime,
584 1200 611 1225 &
626 1197 651 1231 je
665 1197 709 1225 voi
722 1194 748 1225 là
766 1196 801 1226 rai
805 1194 852 1227 fou

108 1232 199 1260 D’une
214 1232 338 1261 audience
351 1234 424 1262 avide
436 1235 521 1263 avaler
535 1244 564 1262 ce
580 1234 688 1272 poilôn,

106 1270 140 1298 Et
158 1272 231 1298 m'en
246 1273 398 1305 remercier,
416 1283 525 1302 comme
538 1273 619 1302 d'une
636 1274 760 1306 viéloire,

106 1310 164 1345 Qui
179 1310 338 1339 combleroit
350 1311 388 1340 lès
401 1313 472 1349 jours
485 1314 518 1342 de
532 1312 652 1342 bonheur
668 1318 694 1342 &
710 1313 743 1341 de
756 1313 864 1353 gloire..

106 1350 180 1378 Mais
194 1358 259 1376 mon
273 1350 335 1378 rival
351 1350 451 1389 paroît,
465 1354 489 1389 je
505 1363 570 1391 vou$
582 1351 651 1382 laisse
666 1361 726 1380 tous
739 1352 824 1385 deux,

105 1388 140 1416 Et
154 1388 214 1416 bien
228 1398 281 1428 que
293 1389 317 1425 je
332 1400 444 1419 renonce
459 1393 475 1420 à
487 1392 592 1432 l'efpoir
607 1392 638 1420 de
654 1402 700 1421 vos
713 1401 810 1424 vœux,

104 1428 217 1463 J'aurois
231 1438 266 1457 un
279 1438 329 1467 peu
348 1429 382 1458 de
394 1432 469 1469 peine
483 1432 499 1460 à
513 1433 572 1460 voir
587 1434 665 1471 qu’en
682 1441 726 1460 ma
741 1431 875 1471 ptelènee,

104 1466 127 1494 Il
142 1467 229 1506 reçeût
244 1467 289 1497 des
301 1468 377 1498 effets
388 1470 422 1498 de
435 1472 548 1510 quelque
560 1471 724 1510 preference;

102 1505 136 1535 Et
149 1506 175 1544 je
188 1517 254 1536 veux
262 1526 270 1540 >
287 1507 306 1536 fi
317 1510 344 1547 je
356 1511 432 1548 puis,
448 1510 617 1552 m'épargner
633 1520 661 1539 ce
674 1510 753 1540 Ibuci.

425 1550 588 1580 Elise.

102 1584 176 1616 Tout
189 1595 282 1617 amant
294 1587 326 1617 de
340 1588 395 1619 bon
408 1588 466 1620 Icns
478 1599 512 1620 en
527 1590 584 1620 doit
598 1588 655 1620 ulêr
668 1589 743 1622 ainlî.

806 1628 898 1660 SCS-
