1040 1766
123 73 145 108 6
239 73 413 110 DOM
469 73 806 111 GARCIE

440 125 462 152 £
481 133 495 152 L
516 134 524 151 I
546 134 557 152 S
576 134 600 152 F.

116 163 165 191 Cet
180 173 275 192 amour
291 173 342 202 que
356 173 423 202 pour
439 163 475 191 lui
490 164 563 192 vôtre
577 163 643 191 alite
658 172 722 191 vous
737 161 850 200 infpirc,

113 204 167 231 N’a
185 201 224 230 fur
240 212 286 232 yos
299 203 401 231 allions
416 204 470 242 pris
485 213 536 242 que
553 202 612 230 bien
626 212 674 241 peu
691 201 821 240 d’empire
834 214 841 233 ;

115 240 225 280 Puifque
243 252 292 270 nos
307 252 391 280 yeux.
413 242 558 274 Madame,
577 251 623 269 cm
632 251 666 280 pu
679 242 825 282 long-teins
832 241 923 269 douter

115 282 171 317 Qui
185 281 218 310 de
232 291 273 310 ces
286 282 355 311 deux
375 285 477 311 Amans
491 291 555 310 vous
571 282 674 310 vouliez
689 290 779 309 mieux
793 281 887 310 traiter.

381 323 415 350 D.
456 322 476 349 E
496 331 510 349 L
532 331 549 348 U
569 331 578 349 I
598 330 615 348 R
637 330 662 348 E.

114 361 156 388 De
171 370 212 388 ces
227 360 315 389 nobles
329 362 430 390 Rivaux
446 361 619 389 l’amourew(c
633 358 782 399 poursuite,

118 402 138 427 A
160 399 190 428 de
207 398 321 429 fâcheux
336 401 472 432 combats,
492 398 575 432 Elife,
594 402 649 428 m’a
666 399 773 428 réduite.

117 438 213 472 Quand
229 442 252 476 je
269 439 401 480 regardois
415 440 486 470 l’un,
506 440 560 467 rien
576 449 607 468 ne
622 449 668 467 me
683 438 832 478 reprochoit

116 480 151 506 Le
169 479 258 508 tendre
278 489 450 508 mouvement
464 478 501 507 où
521 489 585 507 mon
601 489 662 507 amc
680 478 819 516 pancjioiti

119 520 188 546 Mais
201 519 224 555 je
241 529 284 546 me
299 520 446 558 l’imputois
462 520 476 547 à
495 519 628 556 beaucoup
643 517 805 554 d’injuftice,

117 557 213 593 Quand
229 557 259 586 de
276 558 366 587 l’autre
381 559 397 587 à
411 567 467 586 mes
484 568 550 596 yeux
566 557 679 586 s’offroit
693 558 716 585 le
730 556 851 585 (âcrifice.

117 597 149 624 Et
166 598 239 624 Dom
256 598 321 625 Siîvc
335 617 342 629 ,
364 608 438 636 apres
451 606 524 630 tout,
543 597 606 625 dans
621 599 657 625 les
673 596 740 625 foins
756 605 901 626 amoureux

118 637 165 664 Me
181 634 303 665 fembloit
320 638 426 665 mériter
443 647 478 666 un
495 636 578 665 deftin
595 637 653 676 plus
669 636 794 665 heureux.

116 676 147 712 Je
162 676 323 715 in’op'polois
336 686 430 709 encor,
450 687 479 704 ce
494 679 573 715 qu’au
591 677 651 716 (àng
667 676 699 704 de
714 674 836 709 Caftüle,

117 716 161 743 Du
181 714 224 745 feu
241 716 291 744 Roi
307 716 338 744 de
353 717 441 749 Leon,
461 714 560 744 femble
574 715 664 744 devoir
679 715 702 743 la
720 714 801 749 Fille*

118 756 151 782 Et
166 755 189 783 la
204 756 300 795 longue
316 755 414 788 amitd,
435 756 479 795 qui
497 755 561 784 d’un
577 756 654 783 étroit
670 755 721 783 lien

115 795 219 833 Joignit
233 794 268 823 les
283 796 404 827 interets,
420 795 451 823 de
466 793 511 823 fon
528 797 590 823 Pere
605 799 629 824 &
648 794 682 823 du
699 794 781 822 mien.

118 832 190 861 Ainfi
208 834 264 872 plus
278 834 341 862 dans
354 844 420 863 mon
434 844 494 862 amc
513 844 547 862 un
563 843 635 862 autre
649 835 751 872 prenoit
766 833 842 871 place.

117 872 178 901 Plus
192 873 223 900 de
238 882 298 902 tous
311 873 348 901 les
363 873 472 913 rcfpcdh
485 873 509 909 je
526 873 655 912 plaignois
670 873 693 901 la
707 872 834 912 difgrace:

118 914 167 940 Ma
183 912 247 950 pitié
262 912 444 950 cofnplaifante
460 913 475 940 à
492 910 527 941 fes
541 912 646 941 brulans
660 911 777 950 foupirs*

119 952 192 980 D’un
207 950 302 981 dehors
319 951 449 982 favorable
463 952 577 981 amufoit
592 950 627 982 fes
643 951 737 987 defirs*

118 992 151 1020 Et
168 992 267 1020 vouloit
285 1001 387 1032 réparer
404 1003 448 1031 par
463 1002 491 1020 ce
508 992 588 1021 foible
603 1002 744 1036 avantage,

115 1032 157 1059 Ce
171 1033 250 1070 qu’au
268 1031 332 1062 fond
346 1032 378 1062 de
391 1042 457 1061 mon
474 1042 548 1061 coeur
562 1033 586 1068 je
603 1033 640 1062 lui
654 1032 742 1062 falloir
756 1031 904 1076 doutrage.

440 1073 601 1102 Elise.

120 1111 189 1140 Mais
203 1109 248 1139 fon
263 1110 376 1150 premier
387 1121 484 1140 amour
498 1121 550 1150 que
564 1122 628 1141 vous
641 1122 703 1141 avez
715 1113 814 1151 appris,

120 1151 186 1178 Doit
199 1149 231 1178 de
246 1160 311 1179 cette
324 1152 467 1179 contrainte
482 1151 623 1181 affranchir
637 1161 683 1181 vos
697 1152 794 1191 esprits.

120 1191 153 1217 Et
169 1190 225 1227 puis
237 1192 359 1229 qu’avant
374 1190 411 1218 fes
423 1189 491 1219 foins
506 1209 513 1223 ,
532 1200 568 1219 ou
585 1201 651 1229 pour
665 1202 728 1220 vous
744 1192 762 1220 il
779 1194 903 1233 s’engage
914 1212 927 1228 »

120 1230 199 1257 Done
215 1229 291 1269 Ignés
306 1229 338 1257 de
354 1228 398 1258 fon
414 1239 487 1259 coeur
500 1231 569 1259 avoir
581 1240 655 1260 receu
670 1231 836 1272 l’hommage
846 1245 855 1266 ;

119 1269 151 1297 Et
165 1278 216 1307 que
230 1279 276 1308 par
289 1268 332 1297 des
347 1269 411 1298 liens
426 1269 489 1298 auffi
506 1267 602 1298 fermes
617 1281 668 1309 que
682 1270 754 1300 doux

117 1309 241 1337 L’amitid
255 1318 319 1337 vous
333 1310 390 1337 unit
404 1318 469 1337 cette
484 1307 618 1338 Comtesse
633 1314 659 1339 &
676 1320 750 1340 vous.

116 1351 169 1376 Son
184 1348 262 1377 lecret
282 1348 366 1376 révélé'
381 1358 445 1376 vous
459 1349 495 1377 eft
512 1358 562 1377 une
577 1351 685 1378 matière

119 1390 142 1415 A
161 1387 259 1416 donner
275 1388 290 1415 à
305 1398 351 1416 vos
365 1397 444 1416 vœux
460 1389 550 1417 liberté
566 1397 638 1417 toute
652 1391 748 1419 entière
756 1402 764 1423 ;

117 1427 152 1454 Et
165 1437 229 1456 vous
245 1437 345 1465 pouvez
359 1426 414 1455 fans
431 1430 527 1458 crainte
545 1429 560 1456 à
575 1437 615 1457 cet
629 1431 728 1459 Amant
743 1429 838 1462 confus

117 1466 192 1495 D’un
205 1467 295 1495 devoir
309 1467 429 1495 d'amitié
446 1469 551 1497 couvrir
566 1478 625 1497 tous
638 1479 683 1498 vos
697 1469 776 1500 refus.

380 1508 414 1534 D.
454 1509 475 1536 E
494 1518 508 1536 l
529 1517 546 1534 u
565 1517 574 1536 i
594 1517 613 1536 r
633 1518 659 1540 ç.

119 1542 142 1569 Il
159 1541 195 1570 eft
209 1545 263 1572 vrai
276 1555 327 1584 que
343 1546 387 1582 j'ai
402 1546 452 1575 lieu
466 1547 497 1575 de
512 1545 597 1576 chérir
610 1548 635 1577 la
649 1549 785 1584 nouvelle,

120 1581 177 1617 Qui
191 1585 313 1624 m’apprit
326 1595 378 1625 que
396 1587 432 1614 D.
447 1586 514 1618 Silvc
526 1585 591 1617 droit
606 1598 641 1618 un
655 1587 771 1619 iafiddlc
779 1603 788 1625 z

847 1628 953 1663 PuiC*
