<?xml version="1.0" encoding="UTF-8" standalone="yes"?>
<PcGts xmlns="http://schema.primaresearch.org/PAGE/gts/pagecontent/2013-07-15" xmlns:xsi="http://www.w3.org/2001/XMLSchema-instance" xsi:schemaLocation="http://schema.primaresearch.org/PAGE/gts/pagecontent/2013-07-15 http://schema.primaresearch.org/PAGE/gts/pagecontent/2013-07-15/pagecontent.xsd">
    <Metadata>
        <Creator></Creator>
        <Created>2019-03-01T11:20:45.405+01:00</Created>
        <LastChange>2019-04-09T17:53:44.025+02:00</LastChange>
        <Comments>
                Measurement unit: pixel
                PrimaryLanguage: English
                Language: FrenchStandard
                Producer: ABBYY FineReader Engine 11</Comments>
        <TranskribusMetadata docId="146122" pageId="5420158" pageNr="15" tsid="9064711" status="DONE" userId="10612" imgUrl="https://files.transkribus.eu/Get?id=AZYPUKWOEZXMFTTKIDQBZQNC&amp;fileType=view" xmlUrl="https://files.transkribus.eu/Get?id=RYDITLTILDEGVOKNIVXLYYVE" imageId="2828205"/>
    </Metadata>
    <Page imageFilename="Moliere1694_DomGarcie_corrected_0015.png" imageWidth="1014" imageHeight="1760">
        <PrintSpace>
            <Coords points="0,0 910,0 910,1655 0,1655"/>
        </PrintSpace>
        <ReadingOrder>
            <OrderedGroup id="ro_1604177619160" caption="Regions reading order">
                <RegionRefIndexed index="0" regionRef="r_1_1"/>
                <RegionRefIndexed index="1" regionRef="r_1_2"/>
                <RegionRefIndexed index="2" regionRef="r_1_3"/>
                <RegionRefIndexed index="3" regionRef="r_1_4"/>
                <RegionRefIndexed index="4" regionRef="r_1_5"/>
                <RegionRefIndexed index="5" regionRef="r_1_6"/>
                <RegionRefIndexed index="6" regionRef="r_1_7"/>
                <RegionRefIndexed index="7" regionRef="r_1_8"/>
                <RegionRefIndexed index="8" regionRef="r_1_9"/>
                <RegionRefIndexed index="9" regionRef="r_1_10"/>
                <RegionRefIndexed index="10" regionRef="r_1_11"/>
                <RegionRefIndexed index="11" regionRef="r_1_12"/>
                <RegionRefIndexed index="12" regionRef="r_1_13"/>
                <RegionRefIndexed index="13" regionRef="r_1_14"/>
                <RegionRefIndexed index="14" regionRef="r_1_15"/>
                <RegionRefIndexed index="15" regionRef="r_1_16"/>
                <RegionRefIndexed index="16" regionRef="r_1_17"/>
                <RegionRefIndexed index="17" regionRef="r_1_18"/>
                <RegionRefIndexed index="18" regionRef="r_1_19"/>
                <RegionRefIndexed index="19" regionRef="r_1_20"/>
                <RegionRefIndexed index="20" regionRef="r_1_21"/>
                <RegionRefIndexed index="21" regionRef="r_1_22"/>
                <RegionRefIndexed index="22" regionRef="r_1_23"/>
                <RegionRefIndexed index="23" regionRef="r_1_24"/>
                <RegionRefIndexed index="24" regionRef="r_1_25"/>
                <RegionRefIndexed index="25" regionRef="r_1_26"/>
                <RegionRefIndexed index="26" regionRef="r_1_27"/>
                <RegionRefIndexed index="27" regionRef="r_1_28"/>
                <RegionRefIndexed index="28" regionRef="r_1_29"/>
                <RegionRefIndexed index="29" regionRef="r_1_30"/>
                <RegionRefIndexed index="30" regionRef="r_1_31"/>
            </OrderedGroup>
        </ReadingOrder>
        <TextRegion type="paragraph" id="r_1_1" custom="readingOrder {index:0;}">
            <Coords points="123,61 815,61 815,103 123,103"/>
            <TextLine id="tl_1" primaryLanguage="English" custom="readingOrder {index:0;}">
                <Coords points="124,62 814,62 814,102 124,102"/>
                <Baseline points="124,102 136,102 421,101 814,99"/>
                <Word id="w_w2aab1b1b2b1b1ab1" language="English" custom="readingOrder {index:0;}">
                    <Coords points="124,66 166,66 166,102 124,102"/>
                    <TextEquiv>
                        <Unicode>16</Unicode>
                    </TextEquiv>
                    <TextStyle fontFamily="Times New Roman" fontSize="14.0"/>
                </Word>
                <Word id="w_w2aab1b1b2b1b1b1b3" language="English" custom="readingOrder {index:1;}">
                    <Coords points="245,66 421,66 421,102 245,102"/>
                    <TextEquiv>
                        <Unicode>DOM</Unicode>
                    </TextEquiv>
                    <TextStyle fontFamily="Times New Roman" fontSize="17.0" bold="true"/>
                </Word>
                <Word id="w_w2aab1b1b2b1b1b1c11" language="English" custom="readingOrder {index:2;}">
                    <Coords points="476,62 814,62 814,101 476,101"/>
                    <TextEquiv>
                        <Unicode>GARCIE</Unicode>
                    </TextEquiv>
                    <TextStyle fontFamily="Times New Roman" fontSize="17.0" bold="true"/>
                </Word>
                <TextEquiv>
                    <Unicode>16 DOM GARCIE</Unicode>
                </TextEquiv>
            </TextLine>
            <TextEquiv>
                <Unicode>16 DOM GARCIE</Unicode>
            </TextEquiv>
        </TextRegion>
        <TextRegion type="paragraph" id="r_1_2" custom="readingOrder {index:1;}">
            <Coords points="114,111 808,111 808,155 114,155"/>
            <TextLine id="tl_2" primaryLanguage="English" custom="readingOrder {index:0;}">
                <Coords points="115,112 807,112 807,154 115,154"/>
                <Baseline points="115,153 132,153 176,142 293,143 418,146 463,142 580,142 647,142 789,141 807,145"/>
                <Word id="w_w2aab1b1b2b3b1ab1" language="English" custom="readingOrder {index:0;}">
                    <Coords points="115,116 146,116 146,153 115,153"/>
                    <TextEquiv>
                        <Unicode>Je</Unicode>
                    </TextEquiv>
                    <TextStyle fontFamily="Times New Roman" fontSize="12.0"/>
                </Word>
                <Word id="w_w2aab1b1b2b3b1b1b1" language="English" custom="readingOrder {index:1;}">
                    <Coords points="163,116 205,116 205,144 163,144"/>
                    <TextEquiv>
                        <Unicode>yoî</Unicode>
                    </TextEquiv>
                    <TextStyle fontFamily="Times New Roman" fontSize="9.0"/>
                </Word>
                <Word id="w_w2aab1b1b2b3b1b2b1" language="English" custom="readingOrder {index:2;}">
                    <Coords points="219,114 293,114 293,143 219,143"/>
                    <TextEquiv>
                        <Unicode>vôtro</Unicode>
                    </TextEquiv>
                    <TextStyle fontFamily="Times New Roman" fontSize="12.0"/>
                </Word>
                <Word id="w_w2aab1b1b2b3b1b2c13" language="English" custom="readingOrder {index:3;}">
                    <Coords points="308,114 418,114 418,154 308,154"/>
                    <TextEquiv>
                        <Unicode>penfee,</Unicode>
                    </TextEquiv>
                    <TextStyle fontFamily="Times New Roman" fontSize="12.0"/>
                </Word>
                <Word id="w_w2aab1b1b2b3b1b2c29" language="English" custom="readingOrder {index:4;}">
                    <Coords points="437,118 463,118 463,143 437,143"/>
                    <TextEquiv>
                        <Unicode>Se</Unicode>
                    </TextEquiv>
                    <TextStyle fontFamily="Times New Roman" fontSize="12.0"/>
                </Word>
                <Word id="w_w2aab1b1b2b3b1b2c35" language="English" custom="readingOrder {index:5;}">
                    <Coords points="482,114 580,114 580,153 482,153"/>
                    <TextEquiv>
                        <Unicode>dequoi</Unicode>
                    </TextEquiv>
                    <TextStyle fontFamily="Times New Roman" fontSize="12.0"/>
                </Word>
                <Word id="w_w2aab1b1b2b3b1b2c49" language="English" custom="readingOrder {index:6;}">
                    <Coords points="592,114 647,114 647,142 592,142"/>
                    <TextEquiv>
                        <Unicode>Ton</Unicode>
                    </TextEquiv>
                    <TextStyle fontFamily="Times New Roman" fontSize="12.0"/>
                </Word>
                <Word id="w_w2aab1b1b2b3b1b2c57" language="English" custom="readingOrder {index:7;}">
                    <Coords points="663,112 789,112 789,143 663,143"/>
                    <TextEquiv>
                        <Unicode>m’accufc</Unicode>
                    </TextEquiv>
                    <TextStyle fontFamily="Times New Roman" fontSize="12.0"/>
                </Word>
                <Word id="w_w2aab1b1b2b3b1b2c75" language="English" custom="readingOrder {index:8;}">
                    <Coords points="799,133 807,133 807,145 799,145"/>
                    <TextEquiv>
                        <Unicode>»</Unicode>
                    </TextEquiv>
                    <TextStyle fontFamily="Times New Roman" fontSize="12.0"/>
                </Word>
                <TextEquiv>
                    <Unicode>Je voi vôtre penſee, &amp; dequoi l'on m’accuſe;</Unicode>
                </TextEquiv>
            </TextLine>
            <TextEquiv>
                <Unicode>Je voi vôtre penſee, &amp; dequoi l'on m’accuſe;</Unicode>
            </TextEquiv>
        </TextRegion>
        <TextRegion type="paragraph" id="r_1_3" custom="readingOrder {index:2;}">
            <Coords points="116,152 670,152 670,185 116,185"/>
            <TextLine id="tl_3" primaryLanguage="English" custom="readingOrder {index:0;}">
                <Coords points="117,153 669,153 669,184 117,184"/>
                <Baseline points="117,184 184,184 425,182 486,182 519,182 554,181 585,182 624,181 669,181"/>
                <Word id="w_w2aab1b1b2b5b1ab1" language="English" custom="readingOrder {index:0;}">
                    <Coords points="117,158 184,158 184,184 117,184"/>
                    <TextEquiv>
                        <Unicode>Si....</Unicode>
                    </TextEquiv>
                    <TextStyle fontFamily="Times New Roman" fontSize="12.0"/>
                </Word>
                <Word id="w_w2aab1b1b2b5b1ac15" language="English" custom="readingOrder {index:1;}">
                    <Coords points="389,155 425,155 425,182 389,182"/>
                    <TextEquiv>
                        <Unicode>D.</Unicode>
                    </TextEquiv>
                    <TextStyle fontFamily="Times New Roman" fontSize="12.0"/>
                </Word>
                <Word id="w_w2aab1b1b2b5b1ac21" language="English" custom="readingOrder {index:2;}">
                    <Coords points="463,153 486,153 486,182 463,182"/>
                    <TextEquiv>
                        <Unicode>E</Unicode>
                    </TextEquiv>
                    <TextStyle fontFamily="Times New Roman" fontSize="12.0"/>
                </Word>
                <Word id="w_w2aab1b1b2b5b1ac25" language="English" custom="readingOrder {index:3;}">
                    <Coords points="504,163 519,163 519,182 504,182"/>
                    <TextEquiv>
                        <Unicode>L</Unicode>
                    </TextEquiv>
                    <TextStyle fontFamily="Times New Roman" fontSize="12.0"/>
                </Word>
                <Word id="w_w2aab1b1b2b5b1ac29" language="English" custom="readingOrder {index:4;}">
                    <Coords points="537,163 554,163 554,181 537,181"/>
                    <TextEquiv>
                        <Unicode>ü</Unicode>
                    </TextEquiv>
                    <TextStyle fontFamily="Times New Roman" fontSize="12.0"/>
                </Word>
                <Word id="w_w2aab1b1b2b5b1ac33" language="English" custom="readingOrder {index:5;}">
                    <Coords points="575,162 585,162 585,182 575,182"/>
                    <TextEquiv>
                        <Unicode>I</Unicode>
                    </TextEquiv>
                    <TextStyle fontFamily="Times New Roman" fontSize="12.0"/>
                </Word>
                <Word id="w_w2aab1b1b2b5b1b1b1" language="English" custom="readingOrder {index:6;}">
                    <Coords points="607,162 624,162 624,181 607,181"/>
                    <TextEquiv>
                        <Unicode>R</Unicode>
                    </TextEquiv>
                    <TextStyle fontFamily="Times New Roman" fontSize="9.0"/>
                </Word>
                <Word id="w_w2aab1b1b2b5b1b2b1" language="English" custom="readingOrder {index:7;}">
                    <Coords points="646,163 669,163 669,181 646,181"/>
                    <TextEquiv>
                        <Unicode>E.</Unicode>
                    </TextEquiv>
                    <TextStyle fontFamily="Times New Roman" fontSize="12.0"/>
                </Word>
                <TextEquiv>
                    <Unicode>Si.... D. ELUIRE.</Unicode>
                </TextEquiv>
            </TextLine>
            <TextEquiv>
                <Unicode>Si.... D. ELUIRE.</Unicode>
            </TextEquiv>
        </TextRegion>
        <TextRegion type="paragraph" id="r_1_4" custom="readingOrder {index:3;}">
            <Coords points="217,190 826,190 826,230 217,230"/>
            <TextLine id="tl_4" primaryLanguage="English" custom="readingOrder {index:0;}">
                <Coords points="218,191 825,191 825,229 218,229"/>
                <Baseline points="218,223 300,216 344,227 426,221 486,215 516,221 541,225 584,221 825,219"/>
                <Word id="w_w2aab1b1b2b7b1ab1" language="English" custom="readingOrder {index:0;}">
                    <Coords points="218,192 300,192 300,223 218,223"/>
                    <TextEquiv>
                        <Unicode>Liiez*</Unicode>
                    </TextEquiv>
                    <TextStyle fontFamily="Times New Roman" fontSize="12.0"/>
                </Word>
                <Word id="w_w2aab1b1b2b7b1ac15" language="English" custom="readingOrder {index:1;}">
                    <Coords points="304,191 344,191 344,227 304,227"/>
                    <TextEquiv>
                        <Unicode>le,</Unicode>
                    </TextEquiv>
                    <TextStyle fontFamily="Times New Roman" fontSize="12.0"/>
                </Word>
                <Word id="w_w2aab1b1b2b7b1ac23" language="English" custom="readingOrder {index:2;}">
                    <Coords points="361,203 426,203 426,221 361,221"/>
                    <TextEquiv>
                        <Unicode>vous</Unicode>
                    </TextEquiv>
                    <TextStyle fontFamily="Times New Roman" fontSize="12.0"/>
                </Word>
                <Word id="w_w2aab1b1b2b7b1ac33" language="English" custom="readingOrder {index:3;}">
                    <Coords points="440,192 486,192 486,221 440,221"/>
                    <TextEquiv>
                        <Unicode>dis-</Unicode>
                    </TextEquiv>
                    <TextStyle fontFamily="Times New Roman" fontSize="12.0"/>
                </Word>
                <Word id="w_w2aab1b1b2b7b1ac43" language="English" custom="readingOrder {index:4;}">
                    <Coords points="493,194 516,194 516,229 493,229"/>
                    <TextEquiv>
                        <Unicode>je</Unicode>
                    </TextEquiv>
                    <TextStyle fontFamily="Times New Roman" fontSize="12.0"/>
                </Word>
                <Word id="w_w2aab1b1b2b7b1ac49" language="English" custom="readingOrder {index:5;}">
                    <Coords points="533,212 541,212 541,225 533,225"/>
                    <TextEquiv>
                        <Unicode>,</Unicode>
                    </TextEquiv>
                    <TextStyle fontFamily="Times New Roman" fontSize="12.0"/>
                </Word>
                <Word id="w_w2aab1b1b2b7b1ac53" language="English" custom="readingOrder {index:6;}">
                    <Coords points="558,197 584,197 584,221 558,221"/>
                    <TextEquiv>
                        <Unicode>3c</Unicode>
                    </TextEquiv>
                    <TextStyle fontFamily="Times New Roman" fontSize="12.0"/>
                </Word>
                <Word id="w_w2aab1b1b2b7b1ac59" language="English" custom="readingOrder {index:7;}">
                    <Coords points="602,191 825,191 825,222 602,222"/>
                    <TextEquiv>
                        <Unicode>(àtisfaites-vou$.</Unicode>
                    </TextEquiv>
                    <TextStyle fontFamily="Times New Roman" fontSize="12.0"/>
                </Word>
                <TextEquiv>
                    <Unicode>Liſez-le, vous dis-je, &amp; ſatisfaites-vous.</Unicode>
                </TextEquiv>
                <TextStyle fontFamily="Times New Roman" fontSize="12.0"/>
            </TextLine>
            <TextEquiv>
                <Unicode>Liſez-le, vous dis-je, &amp; ſatisfaites-vous.</Unicode>
            </TextEquiv>
        </TextRegion>
        <TextRegion type="paragraph" id="r_1_5" custom="readingOrder {index:4;}">
            <Coords points="372,233 663,233 663,261 372,261"/>
            <TextLine id="tl_5" primaryLanguage="English" custom="readingOrder {index:0;}">
                <Coords points="373,234 662,234 662,260 373,260"/>
                <Baseline points="373,260 410,260 473,260 511,259 549,260 586,260 616,260 662,260"/>
                <Word id="w_w2aab1b1b2b9b1ab1" language="English" custom="readingOrder {index:0;}">
                    <Coords points="373,235 410,235 410,260 373,260"/>
                    <TextEquiv>
                        <Unicode>D.</Unicode>
                    </TextEquiv>
                    <TextStyle fontFamily="Times New Roman" fontSize="12.0"/>
                </Word>
                <Word id="w_w2aab1b1b2b9b1ab7" language="English" custom="readingOrder {index:1;}">
                    <Coords points="448,234 473,234 473,260 448,260"/>
                    <TextEquiv>
                        <Unicode>G</Unicode>
                    </TextEquiv>
                    <TextStyle fontFamily="Times New Roman" fontSize="12.0"/>
                </Word>
                <Word id="w_w2aab1b1b2b9b1b1b1" language="English" custom="readingOrder {index:2;}">
                    <Coords points="497,243 511,243 511,259 497,259"/>
                    <TextEquiv>
                        <Unicode>A</Unicode>
                    </TextEquiv>
                    <TextStyle fontFamily="Times New Roman" fontSize="9.0"/>
                </Word>
                <Word id="w_w2aab1b1b2b9b1b1b5" language="English" custom="readingOrder {index:3;}">
                    <Coords points="533,241 549,241 549,260 533,260"/>
                    <TextEquiv>
                        <Unicode>R</Unicode>
                    </TextEquiv>
                    <TextStyle fontFamily="Times New Roman" fontSize="9.0"/>
                </Word>
                <Word id="w_w2aab1b1b2b9b1b1b9" language="English" custom="readingOrder {index:4;}">
                    <Coords points="570,242 586,242 586,260 570,260"/>
                    <TextEquiv>
                        <Unicode>C</Unicode>
                    </TextEquiv>
                    <TextStyle fontFamily="Times New Roman" fontSize="9.0"/>
                </Word>
                <Word id="w_w2aab1b1b2b9b1b1c13" language="English" custom="readingOrder {index:5;}">
                    <Coords points="607,241 616,241 616,260 607,260"/>
                    <TextEquiv>
                        <Unicode>I</Unicode>
                    </TextEquiv>
                    <TextStyle fontFamily="Times New Roman" fontSize="9.0"/>
                </Word>
                <Word id="w_w2aab1b1b2b9b1b1c17" language="English" custom="readingOrder {index:6;}">
                    <Coords points="639,243 662,243 662,260 639,260"/>
                    <TextEquiv>
                        <Unicode>I.</Unicode>
                    </TextEquiv>
                    <TextStyle fontFamily="Times New Roman" fontSize="9.0"/>
                </Word>
                <TextEquiv>
                    <Unicode>D. GARCIE.</Unicode>
                </TextEquiv>
            </TextLine>
            <TextEquiv>
                <Unicode>D. GARCIE.</Unicode>
            </TextEquiv>
        </TextRegion>
        <TextRegion type="paragraph" id="r_1_6" custom="readingOrder {index:5;}">
            <Coords points="118,269 774,269 774,312 118,312"/>
            <TextLine id="tl_6" primaryLanguage="English" custom="readingOrder {index:0;}">
                <Coords points="119,270 773,270 773,311 119,311"/>
                <Baseline points="119,302 190,300 248,299 344,299 442,302 490,299 603,303 652,298 773,297"/>
                <Word id="w_w2aab1b1b2c11b1ab1" language="English" custom="readingOrder {index:0;}">
                    <Coords points="119,274 190,274 190,302 119,302"/>
                    <TextEquiv>
                        <Unicode>Pour</Unicode>
                    </TextEquiv>
                    <TextStyle fontFamily="Times New Roman" fontSize="12.0"/>
                </Word>
                <Word id="w_w2aab1b1b2c11b1ac11" language="English" custom="readingOrder {index:1;}">
                    <Coords points="205,281 248,281 248,300 205,300"/>
                    <TextEquiv>
                        <Unicode>me</Unicode>
                    </TextEquiv>
                    <TextStyle fontFamily="Times New Roman" fontSize="12.0"/>
                </Word>
                <Word id="w_w2aab1b1b2c11b1ac17" language="English" custom="readingOrder {index:2;}">
                    <Coords points="257,273 344,273 344,300 257,300"/>
                    <TextEquiv>
                        <Unicode>traiter</Unicode>
                    </TextEquiv>
                    <TextStyle fontFamily="Times New Roman" fontSize="12.0"/>
                </Word>
                <Word id="w_w2aab1b1b2c11b1ac33" language="English" custom="readingOrder {index:3;}">
                    <Coords points="353,272 442,272 442,311 353,311"/>
                    <TextEquiv>
                        <Unicode>après,</Unicode>
                    </TextEquiv>
                    <TextStyle fontFamily="Times New Roman" fontSize="12.0"/>
                </Word>
                <Word id="w_w2aab1b1b2c11b1ac47" language="English" custom="readingOrder {index:4;}">
                    <Coords points="458,271 490,271 490,299 458,299"/>
                    <TextEquiv>
                        <Unicode>de</Unicode>
                    </TextEquiv>
                    <TextStyle fontFamily="Times New Roman" fontSize="12.0"/>
                </Word>
                <Word id="w_w2aab1b1b2c11b1ac53" language="English" custom="readingOrder {index:5;}">
                    <Coords points="505,270 603,270 603,303 505,303"/>
                    <TextEquiv>
                        <Unicode>fbiblc,</Unicode>
                    </TextEquiv>
                    <TextStyle fontFamily="Times New Roman" fontSize="12.0"/>
                </Word>
                <Word id="w_w2aab1b1b2c11b1ac69" language="English" custom="readingOrder {index:6;}">
                    <Coords points="620,271 652,271 652,299 620,299"/>
                    <TextEquiv>
                        <Unicode>de</Unicode>
                    </TextEquiv>
                    <TextStyle fontFamily="Times New Roman" fontSize="12.0"/>
                </Word>
                <Word id="w_w2aab1b1b2c11b1ac75" language="English" custom="readingOrder {index:7;}">
                    <Coords points="665,271 773,271 773,307 665,307"/>
                    <TextEquiv>
                        <Unicode>jaloux?</Unicode>
                    </TextEquiv>
                    <TextStyle fontFamily="Times New Roman" fontSize="12.0"/>
                </Word>
                <TextEquiv>
                    <Unicode>Pour me traiter après, de foible, de jaloux?</Unicode>
                </TextEquiv>
                <TextStyle fontFamily="Times New Roman" fontSize="12.0"/>
            </TextLine>
            <TextEquiv>
                <Unicode>Pour me traiter après, de foible, de jaloux?</Unicode>
            </TextEquiv>
        </TextRegion>
        <TextRegion type="paragraph" id="r_1_7" custom="readingOrder {index:6;}">
            <Coords points="117,309 911,309 911,468 117,468"/>
            <TextLine id="tl_7" primaryLanguage="English" custom="readingOrder {index:0;}">
                <Coords points="118,310 849,310 849,350 118,350"/>
                <Baseline points="118,341 202,343 288,340 327,338 391,339 430,339 500,339 597,338 647,338 849,340"/>
                <Word id="w_w2aab1b1b2c13b1ab1" language="English" custom="readingOrder {index:0;}">
                    <Coords points="118,314 202,314 202,343 118,343"/>
                    <TextEquiv>
                        <Unicode>Non,</Unicode>
                    </TextEquiv>
                    <TextStyle fontFamily="Times New Roman" fontSize="12.0"/>
                </Word>
                <Word id="w_w2aab1b1b2c13b1ac11" language="English" custom="readingOrder {index:1;}">
                    <Coords points="219,322 288,322 288,340 219,340"/>
                    <TextEquiv>
                        <Unicode>non,</Unicode>
                    </TextEquiv>
                    <TextStyle fontFamily="Times New Roman" fontSize="12.0"/>
                </Word>
                <Word id="w_w2aab1b1b2c13b1ac21" language="English" custom="readingOrder {index:2;}">
                    <Coords points="304,311 327,311 327,347 304,347"/>
                    <TextEquiv>
                        <Unicode>je</Unicode>
                    </TextEquiv>
                    <TextStyle fontFamily="Times New Roman" fontSize="12.0"/>
                </Word>
                <Word id="w_w2aab1b1b2c13b1ac27" language="English" custom="readingOrder {index:3;}">
                    <Coords points="334,311 391,311 391,339 334,339"/>
                    <TextEquiv>
                        <Unicode>dois</Unicode>
                    </TextEquiv>
                    <TextStyle fontFamily="Times New Roman" fontSize="12.0"/>
                </Word>
                <Word id="w_w2aab1b1b2c13b1ac37" language="English" custom="readingOrder {index:4;}">
                    <Coords points="398,312 430,312 430,339 398,339"/>
                    <TextEquiv>
                        <Unicode>ici</Unicode>
                    </TextEquiv>
                    <TextStyle fontFamily="Times New Roman" fontSize="12.0"/>
                </Word>
                <Word id="w_w2aab1b1b2c13b1ac45" language="English" custom="readingOrder {index:5;}">
                    <Coords points="437,320 500,320 500,339 437,339"/>
                    <TextEquiv>
                        <Unicode>vous</Unicode>
                    </TextEquiv>
                    <TextStyle fontFamily="Times New Roman" fontSize="12.0"/>
                </Word>
                <Word id="w_w2aab1b1b2c13b1ac55" language="English" custom="readingOrder {index:6;}">
                    <Coords points="508,310 597,310 597,339 508,339"/>
                    <TextEquiv>
                        <Unicode>rendre</Unicode>
                    </TextEquiv>
                    <TextStyle fontFamily="Times New Roman" fontSize="12.0"/>
                </Word>
                <Word id="w_w2aab1b1b2c13b1ac69" language="English" custom="readingOrder {index:7;}">
                    <Coords points="613,321 647,321 647,338 613,338"/>
                    <TextEquiv>
                        <Unicode>un</Unicode>
                    </TextEquiv>
                    <TextStyle fontFamily="Times New Roman" fontSize="12.0"/>
                </Word>
                <Word id="w_w2aab1b1b2c13b1ac75" language="English" custom="readingOrder {index:8;}">
                    <Coords points="663,311 849,311 849,350 663,350"/>
                    <TextEquiv>
                        <Unicode>témoignage,</Unicode>
                    </TextEquiv>
                    <TextStyle fontFamily="Times New Roman" fontSize="12.0"/>
                </Word>
                <TextEquiv>
                    <Unicode>Non, non, je dois ici vous rendre un temoignage,</Unicode>
                </TextEquiv>
                <TextStyle fontFamily="Times New Roman" fontSize="12.0"/>
            </TextLine>
            <TextLine id="tl_8" primaryLanguage="English" custom="readingOrder {index:1;}">
                <Coords points="120,349 909,349 909,389 120,389"/>
                <Baseline points="120,385 194,378 277,378 358,378 412,378 492,378 542,378 627,377 722,377 909,377"/>
                <Word id="w_w2aab1b1b2c13b3ab1" language="English" custom="readingOrder {index:0;}">
                    <Coords points="120,350 194,350 194,385 120,385"/>
                    <TextEquiv>
                        <Unicode>Qu’à</Unicode>
                    </TextEquiv>
                    <TextStyle fontFamily="Times New Roman" fontSize="12.0"/>
                </Word>
                <Word id="w_w2aab1b1b2c13b3ac11" language="English" custom="readingOrder {index:1;}">
                    <Coords points="210,361 277,361 277,379 210,379"/>
                    <TextEquiv>
                        <Unicode>mon</Unicode>
                    </TextEquiv>
                    <TextStyle fontFamily="Times New Roman" fontSize="12.0"/>
                </Word>
                <Word id="w_w2aab1b1b2c13b3ac19" language="English" custom="readingOrder {index:2;}">
                    <Coords points="284,360 358,360 358,378 284,378"/>
                    <TextEquiv>
                        <Unicode>coeur</Unicode>
                    </TextEquiv>
                    <TextStyle fontFamily="Times New Roman" fontSize="12.0"/>
                </Word>
                <Word id="w_w2aab1b1b2c13b3ac31" language="English" custom="readingOrder {index:3;}">
                    <Coords points="372,360 412,360 412,378 372,378"/>
                    <TextEquiv>
                        <Unicode>cet</Unicode>
                    </TextEquiv>
                    <TextStyle fontFamily="Times New Roman" fontSize="12.0"/>
                </Word>
                <Word id="w_w2aab1b1b2c13b3ac39" language="English" custom="readingOrder {index:4;}">
                    <Coords points="429,352 492,352 492,378 429,378"/>
                    <TextEquiv>
                        <Unicode>écrit</Unicode>
                    </TextEquiv>
                    <TextStyle fontFamily="Times New Roman" fontSize="12.0"/>
                </Word>
                <Word id="w_w2aab1b1b2c13b3ac51" language="English" custom="readingOrder {index:5;}">
                    <Coords points="501,353 542,353 542,378 501,378"/>
                    <TextEquiv>
                        <Unicode>n’a</Unicode>
                    </TextEquiv>
                    <TextStyle fontFamily="Times New Roman" fontSize="12.0"/>
                </Word>
                <Word id="w_w2aab1b1b2c13b3ac59" language="English" custom="readingOrder {index:6;}">
                    <Coords points="553,350 627,350 627,389 553,389"/>
                    <TextEquiv>
                        <Unicode>point</Unicode>
                    </TextEquiv>
                    <TextStyle fontFamily="Times New Roman" fontSize="12.0"/>
                </Word>
                <Word id="w_w2aab1b1b2c13b3ac71" language="English" custom="readingOrder {index:7;}">
                    <Coords points="634,349 722,349 722,379 634,379"/>
                    <TextEquiv>
                        <Unicode>donne</Unicode>
                    </TextEquiv>
                    <TextStyle fontFamily="Times New Roman" fontSize="12.0"/>
                </Word>
                <Word id="w_w2aab1b1b2c13b3ac83" language="English" custom="readingOrder {index:8;}">
                    <Coords points="736,349 894,349 894,388 736,388"/>
                    <TextEquiv>
                        <Unicode>d’ombrage</Unicode>
                    </TextEquiv>
                    <TextStyle fontFamily="Times New Roman" fontSize="12.0"/>
                </Word>
                <TextEquiv>
                    <Unicode>Qu’à mon cœur cet écrit n’a point donné d’ombrage;</Unicode>
                </TextEquiv>
                <TextStyle fontFamily="Times New Roman" fontSize="12.0"/>
            </TextLine>
            <TextLine id="tl_9" primaryLanguage="English" custom="readingOrder {index:2;}">
                <Coords points="121,388 847,388 847,429 121,429"/>
                <Baseline points="121,418 155,418 230,418 294,417 354,417 465,416 551,416 667,416 704,416 847,418"/>
                <Word id="w_w2aab1b1b2c13b5ab1" language="English" custom="readingOrder {index:0;}">
                    <Coords points="121,391 155,391 155,418 121,418"/>
                    <TextEquiv>
                        <Unicode>Et</Unicode>
                    </TextEquiv>
                    <TextStyle fontFamily="Times New Roman" fontSize="12.0"/>
                </Word>
                <Word id="w_w2aab1b1b2c13b5ab7" language="English" custom="readingOrder {index:1;}">
                    <Coords points="169,390 230,390 230,418 169,418"/>
                    <TextEquiv>
                        <Unicode>bien</Unicode>
                    </TextEquiv>
                    <TextStyle fontFamily="Times New Roman" fontSize="12.0"/>
                </Word>
                <Word id="w_w2aab1b1b2c13b5ac17" language="English" custom="readingOrder {index:2;}">
                    <Coords points="243,400 294,400 294,429 243,429"/>
                    <TextEquiv>
                        <Unicode>que</Unicode>
                    </TextEquiv>
                    <TextStyle fontFamily="Times New Roman" fontSize="12.0"/>
                </Word>
                <Word id="w_w2aab1b1b2c13b5ac25" language="English" custom="readingOrder {index:3;}">
                    <Coords points="309,399 354,399 354,417 309,417"/>
                    <TextEquiv>
                        <Unicode>vos</Unicode>
                    </TextEquiv>
                    <TextStyle fontFamily="Times New Roman" fontSize="12.0"/>
                </Word>
                <Word id="w_w2aab1b1b2c13b5ac33" language="English" custom="readingOrder {index:4;}">
                    <Coords points="369,390 465,390 465,417 369,417"/>
                    <TextEquiv>
                        <Unicode>boutez</Unicode>
                    </TextEquiv>
                    <TextStyle fontFamily="Times New Roman" fontSize="12.0"/>
                </Word>
                <Word id="w_w2aab1b1b2c13b5ac47" language="English" custom="readingOrder {index:5;}">
                    <Coords points="480,390 551,390 551,417 480,417"/>
                    <TextEquiv>
                        <Unicode>m’en</Unicode>
                    </TextEquiv>
                    <TextStyle fontFamily="Times New Roman" fontSize="12.0"/>
                </Word>
                <Word id="w_w2aab1b1b2c13b5ac57" language="English" custom="readingOrder {index:6;}">
                    <Coords points="568,388 667,388 667,417 568,417"/>
                    <TextEquiv>
                        <Unicode>buttent</Unicode>
                    </TextEquiv>
                    <TextStyle fontFamily="Times New Roman" fontSize="12.0"/>
                </Word>
                <Word id="w_w2aab1b1b2c13b5ac73" language="English" custom="readingOrder {index:7;}">
                    <Coords points="683,390 704,390 704,417 683,417"/>
                    <TextEquiv>
                        <Unicode>le</Unicode>
                    </TextEquiv>
                    <TextStyle fontFamily="Times New Roman" fontSize="12.0"/>
                </Word>
                <Word id="w_w2aab1b1b2c13b5ac79" language="English" custom="readingOrder {index:8;}">
                    <Coords points="720,397 847,397 847,427 720,427"/>
                    <TextEquiv>
                        <Unicode>pouvoir,</Unicode>
                    </TextEquiv>
                    <TextStyle fontFamily="Times New Roman" fontSize="12.0"/>
                </Word>
                <TextEquiv>
                    <Unicode>Et bien que vos bontez m’en laiſſent le pouvoir,</Unicode>
                </TextEquiv>
                <TextStyle fontFamily="Times New Roman" fontSize="12.0"/>
            </TextLine>
            <TextLine id="tl_10" primaryLanguage="English" custom="readingOrder {index:3;}">
                <Coords points="120,427 736,427 736,467 120,467"/>
                <Baseline points="120,458 191,457 251,457 373,456 411,456 458,455 539,456 630,455 662,456 736,456"/>
                <Word id="w_w2aab1b1b2c13b7ab1" language="English" custom="readingOrder {index:0;}">
                    <Coords points="120,431 191,431 191,458 120,458"/>
                    <TextEquiv>
                        <Unicode>Pour</Unicode>
                    </TextEquiv>
                    <TextStyle fontFamily="Times New Roman" fontSize="12.0"/>
                </Word>
                <Word id="w_w2aab1b1b2c13b7ac11" language="English" custom="readingOrder {index:1;}">
                    <Coords points="207,439 251,439 251,458 207,458"/>
                    <TextEquiv>
                        <Unicode>me</Unicode>
                    </TextEquiv>
                    <TextStyle fontFamily="Times New Roman" fontSize="12.0"/>
                </Word>
                <Word id="w_w2aab1b1b2c13b7ac17" language="English" custom="readingOrder {index:2;}">
                    <Coords points="264,427 373,427 373,467 264,467"/>
                    <TextEquiv>
                        <Unicode>juftifier</Unicode>
                    </TextEquiv>
                    <TextStyle fontFamily="Times New Roman" fontSize="12.0"/>
                </Word>
                <Word id="w_w2aab1b1b2c13b7ac37" language="English" custom="readingOrder {index:3;}">
                    <Coords points="387,429 411,429 411,465 387,465"/>
                    <TextEquiv>
                        <Unicode>je</Unicode>
                    </TextEquiv>
                    <TextStyle fontFamily="Times New Roman" fontSize="12.0"/>
                </Word>
                <Word id="w_w2aab1b1b2c13b7ac43" language="English" custom="readingOrder {index:4;}">
                    <Coords points="425,437 458,437 458,456 425,456"/>
                    <TextEquiv>
                        <Unicode>ne</Unicode>
                    </TextEquiv>
                    <TextStyle fontFamily="Times New Roman" fontSize="12.0"/>
                </Word>
                <Word id="w_w2aab1b1b2c13b7ac49" language="English" custom="readingOrder {index:5;}">
                    <Coords points="472,438 539,438 539,456 472,456"/>
                    <TextEquiv>
                        <Unicode>veux</Unicode>
                    </TextEquiv>
                    <TextStyle fontFamily="Times New Roman" fontSize="12.0"/>
                </Word>
                <Word id="w_w2aab1b1b2c13b7ac59" language="English" custom="readingOrder {index:6;}">
                    <Coords points="555,429 630,429 630,467 555,467"/>
                    <TextEquiv>
                        <Unicode>peint</Unicode>
                    </TextEquiv>
                    <TextStyle fontFamily="Times New Roman" fontSize="12.0"/>
                </Word>
                <Word id="w_w2aab1b1b2c13b7ac71" language="English" custom="readingOrder {index:7;}">
                    <Coords points="640,428 662,428 662,456 640,456"/>
                    <TextEquiv>
                        <Unicode>le</Unicode>
                    </TextEquiv>
                    <TextStyle fontFamily="Times New Roman" fontSize="12.0"/>
                </Word>
                <Word id="w_w2aab1b1b2c13b7ac77" language="English" custom="readingOrder {index:8;}">
                    <Coords points="671,438 736,438 736,457 671,457"/>
                    <TextEquiv>
                        <Unicode>voir.</Unicode>
                    </TextEquiv>
                    <TextStyle fontFamily="Times New Roman" fontSize="12.0"/>
                </Word>
                <TextEquiv>
                    <Unicode>Pour me juſtifier je ne veux point le voir.</Unicode>
                </TextEquiv>
                <TextStyle fontFamily="Times New Roman" fontSize="12.0"/>
            </TextLine>
            <TextEquiv>
                <Unicode>Non, non, je dois ici vous rendre un temoignage,
Qu’à mon cœur cet écrit n’a point donné d’ombrage;
Et bien que vos bontez m’en laiſſent le pouvoir,
Pour me juſtifier je ne veux point le voir.</Unicode>
            </TextEquiv>
        </TextRegion>
        <TextRegion type="paragraph" id="r_1_8" custom="readingOrder {index:7;}">
            <Coords points="390,468 670,468 670,497 390,497"/>
            <TextLine id="tl_11" primaryLanguage="English" custom="readingOrder {index:0;}">
                <Coords points="391,469 669,469 669,496 391,496"/>
                <Baseline points="391,496 425,494 485,495 519,495 555,494 583,495 619,494 669,496"/>
                <Word id="w_w2aab1b1b2c15b1ab1" language="English" custom="readingOrder {index:0;}">
                    <Coords points="391,470 425,470 425,496 391,496"/>
                    <TextEquiv>
                        <Unicode>D.</Unicode>
                    </TextEquiv>
                    <TextStyle fontFamily="Times New Roman" fontSize="12.0"/>
                </Word>
                <Word id="w_w2aab1b1b2c15b1ab7" language="English" custom="readingOrder {index:1;}">
                    <Coords points="465,469 485,469 485,495 465,495"/>
                    <TextEquiv>
                        <Unicode>E</Unicode>
                    </TextEquiv>
                    <TextStyle fontFamily="Times New Roman" fontSize="12.0"/>
                </Word>
                <Word id="w_w2aab1b1b2c15b1b1b1" language="English" custom="readingOrder {index:2;}">
                    <Coords points="504,477 519,477 519,495 504,495"/>
                    <TextEquiv>
                        <Unicode>1</Unicode>
                    </TextEquiv>
                    <TextStyle fontFamily="Times New Roman" fontSize="8.0"/>
                </Word>
                <Word id="w_w2aab1b1b2c15b1b2b3" language="English" custom="readingOrder {index:3;}">
                    <Coords points="538,478 555,478 555,494 538,494"/>
                    <TextEquiv>
                        <Unicode>u</Unicode>
                    </TextEquiv>
                    <TextStyle fontFamily="Times New Roman" fontSize="12.0"/>
                </Word>
                <Word id="w_w2aab1b1b2c15b1b2b7" language="English" custom="readingOrder {index:4;}">
                    <Coords points="574,477 583,477 583,495 574,495"/>
                    <TextEquiv>
                        <Unicode>i</Unicode>
                    </TextEquiv>
                    <TextStyle fontFamily="Times New Roman" fontSize="12.0"/>
                </Word>
                <Word id="w_w2aab1b1b2c15b1b3b1" language="English" custom="readingOrder {index:5;}">
                    <Coords points="604,477 619,477 619,494 604,494"/>
                    <TextEquiv>
                        <Unicode>r</Unicode>
                    </TextEquiv>
                    <TextStyle fontFamily="Times New Roman" fontSize="12.0"/>
                </Word>
                <Word id="w_w2aab1b1b2c15b1b4b3" language="English" custom="readingOrder {index:6;}">
                    <Coords points="643,478 669,478 669,496 643,496"/>
                    <TextEquiv>
                        <Unicode>i.</Unicode>
                    </TextEquiv>
                    <TextStyle fontFamily="Times New Roman" fontSize="12.0"/>
                </Word>
                <TextEquiv>
                    <Unicode>D. ELUIRE.</Unicode>
                </TextEquiv>
            </TextLine>
            <TextEquiv>
                <Unicode>D. ELUIRE.</Unicode>
            </TextEquiv>
        </TextRegion>
        <TextRegion type="paragraph" id="r_1_9" custom="readingOrder {index:8;}">
            <Coords points="120,504 712,504 712,539 120,539"/>
            <TextLine id="tl_12" primaryLanguage="English" custom="readingOrder {index:0;}">
                <Coords points="121,505 711,505 711,538 121,538"/>
                <Baseline points="121,536 146,535 227,536 305,536 437,535 467,534 546,534 711,538"/>
                <Word id="w_w2aab1b1b2c17b1ab1" language="English" custom="readingOrder {index:0;}">
                    <Coords points="121,508 146,508 146,536 121,536"/>
                    <TextEquiv>
                        <Unicode>Si</Unicode>
                    </TextEquiv>
                    <TextStyle fontFamily="Times New Roman" fontSize="12.0"/>
                </Word>
                <Word id="w_w2aab1b1b2c17b1ab7" language="English" custom="readingOrder {index:1;}">
                    <Coords points="162,518 227,518 227,536 162,536"/>
                    <TextEquiv>
                        <Unicode>vous</Unicode>
                    </TextEquiv>
                    <TextStyle fontFamily="Times New Roman" fontSize="12.0"/>
                </Word>
                <Word id="w_w2aab1b1b2c17b1ac17" language="English" custom="readingOrder {index:2;}">
                    <Coords points="241,517 305,517 305,536 241,536"/>
                    <TextEquiv>
                        <Unicode>vous</Unicode>
                    </TextEquiv>
                    <TextStyle fontFamily="Times New Roman" fontSize="12.0"/>
                </Word>
                <Word id="w_w2aab1b1b2c17b1ac27" language="English" custom="readingOrder {index:3;}">
                    <Coords points="318,506 437,506 437,536 318,536"/>
                    <TextEquiv>
                        <Unicode>obfUnez</Unicode>
                    </TextEquiv>
                    <TextStyle fontFamily="Times New Roman" fontSize="12.0"/>
                </Word>
                <Word id="w_w2aab1b1b2c17b1ac43" language="English" custom="readingOrder {index:4;}">
                    <Coords points="453,507 467,507 467,534 453,534"/>
                    <TextEquiv>
                        <Unicode>à</Unicode>
                    </TextEquiv>
                    <TextStyle fontFamily="Times New Roman" fontSize="12.0"/>
                </Word>
                <Word id="w_w2aab1b1b2c17b1ac47" language="English" custom="readingOrder {index:5;}">
                    <Coords points="482,516 546,516 546,535 482,535"/>
                    <TextEquiv>
                        <Unicode>cette</Unicode>
                    </TextEquiv>
                    <TextStyle fontFamily="Times New Roman" fontSize="12.0"/>
                </Word>
                <Word id="w_w2aab1b1b2c17b1ac59" language="English" custom="readingOrder {index:6;}">
                    <Coords points="561,505 711,505 711,538 561,538"/>
                    <TextEquiv>
                        <Unicode>reftflance,</Unicode>
                    </TextEquiv>
                    <TextStyle fontFamily="Times New Roman" fontSize="12.0"/>
                </Word>
                <TextEquiv>
                    <Unicode>Si vous vous obſtinez à cette reſiſtance,</Unicode>
                </TextEquiv>
                <TextStyle fontFamily="Times New Roman" fontSize="12.0"/>
            </TextLine>
            <TextEquiv>
                <Unicode>Si vous vous obſtinez à cette reſiſtance,</Unicode>
            </TextEquiv>
        </TextRegion>
        <TextRegion type="paragraph" id="r_1_10" custom="readingOrder {index:9;}">
            <Coords points="120,543 775,543 775,584 120,584"/>
            <TextLine id="tl_13" primaryLanguage="English" custom="readingOrder {index:0;}">
                <Coords points="121,544 774,544 774,583 121,583"/>
                <Baseline points="121,583 234,575 299,574 346,574 464,573 543,574 622,572 750,574 774,579"/>
                <Word id="w_w2aab1b1b2c19b1ab1" language="English" custom="readingOrder {index:0;}">
                    <Coords points="121,548 234,548 234,583 121,583"/>
                    <TextEquiv>
                        <Unicode>J’aurois</Unicode>
                    </TextEquiv>
                    <TextStyle fontFamily="Times New Roman" fontSize="12.0"/>
                </Word>
                <Word id="w_w2aab1b1b2c19b1ac19" language="English" custom="readingOrder {index:1;}">
                    <Coords points="247,556 299,556 299,575 247,575"/>
                    <TextEquiv>
                        <Unicode>tort</Unicode>
                    </TextEquiv>
                    <TextStyle fontFamily="Times New Roman" fontSize="12.0"/>
                </Word>
                <Word id="w_w2aab1b1b2c19b1ac29" language="English" custom="readingOrder {index:2;}">
                    <Coords points="315,547 346,547 346,574 315,574"/>
                    <TextEquiv>
                        <Unicode>de</Unicode>
                    </TextEquiv>
                    <TextStyle fontFamily="Times New Roman" fontSize="12.0"/>
                </Word>
                <Word id="w_w2aab1b1b2c19b1ac35" language="English" custom="readingOrder {index:3;}">
                    <Coords points="362,547 464,547 464,574 362,574"/>
                    <TextEquiv>
                        <Unicode>vouloir</Unicode>
                    </TextEquiv>
                    <TextStyle fontFamily="Times New Roman" fontSize="12.0"/>
                </Word>
                <Word id="w_w2aab1b1b2c19b1ac51" language="English" custom="readingOrder {index:4;}">
                    <Coords points="480,556 543,556 543,574 480,574"/>
                    <TextEquiv>
                        <Unicode>vous</Unicode>
                    </TextEquiv>
                    <TextStyle fontFamily="Times New Roman" fontSize="12.0"/>
                </Word>
                <Word id="w_w2aab1b1b2c19b1ac61" language="English" custom="readingOrder {index:5;}">
                    <Coords points="558,544 622,544 622,574 558,574"/>
                    <TextEquiv>
                        <Unicode>faire</Unicode>
                    </TextEquiv>
                    <TextStyle fontFamily="Times New Roman" fontSize="12.0"/>
                </Word>
                <Word id="w_w2aab1b1b2c19b1ac73" language="English" custom="readingOrder {index:6;}">
                    <Coords points="636,547 750,547 750,574 636,574"/>
                    <TextEquiv>
                        <Unicode>violence</Unicode>
                    </TextEquiv>
                    <TextStyle fontFamily="Times New Roman" fontSize="12.0"/>
                </Word>
                <Word id="w_w2aab1b1b2c19b1ac91" language="English" custom="readingOrder {index:7;}">
                    <Coords points="762,568 774,568 774,579 762,579"/>
                    <TextEquiv>
                        <Unicode>»</Unicode>
                    </TextEquiv>
                    <TextStyle fontFamily="Times New Roman" fontSize="12.0"/>
                </Word>
                <TextEquiv>
                    <Unicode>J’aurois tort de vouloir vous faire violence;</Unicode>
                </TextEquiv>
                <TextStyle fontFamily="Times New Roman" fontSize="12.0"/>
            </TextLine>
            <TextEquiv>
                <Unicode>J’aurois tort de vouloir vous faire violence;</Unicode>
            </TextEquiv>
        </TextRegion>
        <TextRegion type="paragraph" id="r_1_11" custom="readingOrder {index:10;}">
            <Coords points="121,583 793,583 793,665 121,665"/>
            <TextLine id="tl_14" primaryLanguage="English" custom="readingOrder {index:0;}">
                <Coords points="124,584 740,584 740,624 124,624"/>
                <Baseline points="124,613 156,613 230,613 313,615 414,617 482,613 559,613 644,612 740,614"/>
                <Word id="w_w2aab1b1b2c21b1ab1" language="English" custom="readingOrder {index:0;}">
                    <Coords points="124,586 156,586 156,613 124,613"/>
                    <TextEquiv>
                        <Unicode>Et</Unicode>
                    </TextEquiv>
                    <TextStyle fontFamily="Times New Roman" fontSize="12.0"/>
                </Word>
                <Word id="w_w2aab1b1b2c21b1ab7" language="English" custom="readingOrder {index:1;}">
                    <Coords points="169,585 230,585 230,613 169,613"/>
                    <TextEquiv>
                        <Unicode>c’eft</Unicode>
                    </TextEquiv>
                    <TextStyle fontFamily="Times New Roman" fontSize="12.0"/>
                </Word>
                <Word id="w_w2aab1b1b2c21b1ac19" language="English" custom="readingOrder {index:2;}">
                    <Coords points="247,585 313,585 313,615 247,615"/>
                    <TextEquiv>
                        <Unicode>allez</Unicode>
                    </TextEquiv>
                    <TextStyle fontFamily="Times New Roman" fontSize="12.0"/>
                </Word>
                <Word id="w_w2aab1b1b2c21b1ac31" language="English" custom="readingOrder {index:3;}">
                    <Coords points="326,584 414,584 414,617 326,617"/>
                    <TextEquiv>
                        <Unicode>enfin&gt;</Unicode>
                    </TextEquiv>
                    <TextStyle fontFamily="Times New Roman" fontSize="12.0"/>
                </Word>
                <Word id="w_w2aab1b1b2c21b1ac45" language="English" custom="readingOrder {index:4;}">
                    <Coords points="431,595 482,595 482,624 431,624"/>
                    <TextEquiv>
                        <Unicode>que</Unicode>
                    </TextEquiv>
                    <TextStyle fontFamily="Times New Roman" fontSize="12.0"/>
                </Word>
                <Word id="w_w2aab1b1b2c21b1ac53" language="English" custom="readingOrder {index:5;}">
                    <Coords points="496,595 559,595 559,613 496,613"/>
                    <TextEquiv>
                        <Unicode>vous</Unicode>
                    </TextEquiv>
                    <TextStyle fontFamily="Times New Roman" fontSize="12.0"/>
                </Word>
                <Word id="w_w2aab1b1b2c21b1ac63" language="English" custom="readingOrder {index:6;}">
                    <Coords points="572,586 644,586 644,613 572,613"/>
                    <TextEquiv>
                        <Unicode>avoir</Unicode>
                    </TextEquiv>
                    <TextStyle fontFamily="Times New Roman" fontSize="12.0"/>
                </Word>
                <Word id="w_w2aab1b1b2c21b1ac75" language="English" custom="readingOrder {index:7;}">
                    <Coords points="659,586 740,586 740,624 659,624"/>
                    <TextEquiv>
                        <Unicode>ptelle</Unicode>
                    </TextEquiv>
                    <TextStyle fontFamily="Times New Roman" fontSize="12.0"/>
                </Word>
                <TextEquiv>
                    <Unicode>Et c’eſt aſſez enfin, que vous avoir preſſé</Unicode>
                </TextEquiv>
                <TextStyle fontFamily="Times New Roman" fontSize="12.0"/>
            </TextLine>
            <TextLine id="tl_15" primaryLanguage="English" custom="readingOrder {index:1;}">
                <Coords points="122,624 792,624 792,664 122,664"/>
                <Baseline points="122,653 165,652 237,652 283,652 386,652 472,652 515,651 602,652 697,653 792,653"/>
                <Word id="w_w2aab1b1b2c21b3ab1" language="English" custom="readingOrder {index:0;}">
                    <Coords points="122,626 165,626 165,653 122,653"/>
                    <TextEquiv>
                        <Unicode>De</Unicode>
                    </TextEquiv>
                    <TextStyle fontFamily="Times New Roman" fontSize="12.0"/>
                </Word>
                <Word id="w_w2aab1b1b2c21b3ab7" language="English" custom="readingOrder {index:1;}">
                    <Coords points="181,626 237,626 237,652 181,652"/>
                    <TextEquiv>
                        <Unicode>voir</Unicode>
                    </TextEquiv>
                    <TextStyle fontFamily="Times New Roman" fontSize="12.0"/>
                </Word>
                <Word id="w_w2aab1b1b2c21b3ac17" language="English" custom="readingOrder {index:2;}">
                    <Coords points="250,624 283,624 283,652 250,652"/>
                    <TextEquiv>
                        <Unicode>de</Unicode>
                    </TextEquiv>
                    <TextStyle fontFamily="Times New Roman" fontSize="12.0"/>
                </Word>
                <Word id="w_w2aab1b1b2c21b3ac23" language="English" custom="readingOrder {index:3;}">
                    <Coords points="299,624 386,624 386,664 299,664"/>
                    <TextEquiv>
                        <Unicode>quelle</Unicode>
                    </TextEquiv>
                    <TextStyle fontFamily="Times New Roman" fontSize="12.0"/>
                </Word>
                <Word id="w_w2aab1b1b2c21b3ac37" language="English" custom="readingOrder {index:4;}">
                    <Coords points="401,625 472,625 472,652 401,652"/>
                    <TextEquiv>
                        <Unicode>main</Unicode>
                    </TextEquiv>
                    <TextStyle fontFamily="Times New Roman" fontSize="12.0"/>
                </Word>
                <Word id="w_w2aab1b1b2c21b3ac47" language="English" custom="readingOrder {index:5;}">
                    <Coords points="488,633 515,633 515,651 488,651"/>
                    <TextEquiv>
                        <Unicode>ce</Unicode>
                    </TextEquiv>
                    <TextStyle fontFamily="Times New Roman" fontSize="12.0"/>
                </Word>
                <Word id="w_w2aab1b1b2c21b3ac53" language="English" custom="readingOrder {index:6;}">
                    <Coords points="528,624 602,624 602,652 528,652"/>
                    <TextEquiv>
                        <Unicode>billet</Unicode>
                    </TextEquiv>
                    <TextStyle fontFamily="Times New Roman" fontSize="12.0"/>
                </Word>
                <Word id="w_w2aab1b1b2c21b3ac67" language="English" custom="readingOrder {index:7;}">
                    <Coords points="620,624 697,624 697,653 620,653"/>
                    <TextEquiv>
                        <Unicode>m’eft</Unicode>
                    </TextEquiv>
                    <TextStyle fontFamily="Times New Roman" fontSize="12.0"/>
                </Word>
                <Word id="w_w2aab1b1b2c21b3ac79" language="English" custom="readingOrder {index:8;}">
                    <Coords points="712,634 792,634 792,654 712,654"/>
                    <TextEquiv>
                        <Unicode>trace.</Unicode>
                    </TextEquiv>
                    <TextStyle fontFamily="Times New Roman" fontSize="12.0"/>
                </Word>
                <TextEquiv>
                    <Unicode>De voir de quelle main ce billet m’eſt tracé.</Unicode>
                </TextEquiv>
                <TextStyle fontFamily="Times New Roman" fontSize="12.0"/>
            </TextLine>
            <TextEquiv>
                <Unicode>Et c’eſt aſſez enfin, que vous avoir preſſé
De voir de quelle main ce billet m’eſt tracé.</Unicode>
            </TextEquiv>
        </TextRegion>
        <TextRegion type="paragraph" id="r_1_12" custom="readingOrder {index:11;}">
            <Coords points="381,664 673,664 673,694 381,694"/>
            <TextLine id="tl_16" primaryLanguage="English" custom="readingOrder {index:0;}">
                <Coords points="382,665 672,665 672,693 382,693"/>
                <Baseline points="382,692 408,692 672,692"/>
                <Word id="w_w2aab1b1b2c23b1ab1" language="English" custom="readingOrder {index:0;}">
                    <Coords points="382,665 418,665 418,693 382,693"/>
                    <TextEquiv>
                        <Unicode>D.</Unicode>
                    </TextEquiv>
                    <TextStyle fontFamily="Times New Roman" fontSize="12.0"/>
                </Word>
                <Word id="w_w2aab1b1b2c23b1b1b1" language="English" custom="readingOrder {index:1;}">
                    <Coords points="456,665 672,665 672,693 456,693"/>
                    <TextEquiv>
                        <Unicode>Garcie.</Unicode>
                    </TextEquiv>
                    <TextStyle fontFamily="Times New Roman" fontSize="12.0"/>
                </Word>
                <TextEquiv>
                    <Unicode>D. GARCIE.</Unicode>
                </TextEquiv>
            </TextLine>
            <TextEquiv>
                <Unicode>D. GARCIE.</Unicode>
            </TextEquiv>
        </TextRegion>
        <TextRegion type="paragraph" id="r_1_13" custom="readingOrder {index:12;}">
            <Coords points="122,700 789,700 789,740 122,740"/>
            <TextLine id="tl_17" primaryLanguage="English" custom="readingOrder {index:0;}">
                <Coords points="123,701 788,701 788,739 123,739"/>
                <Baseline points="123,731 173,732 294,730 428,732 506,731 574,730 642,731 788,734"/>
                <Word id="w_w2aab1b1b2c25b1ab1" language="English" custom="readingOrder {index:0;}">
                    <Coords points="123,704 173,704 173,732 123,732"/>
                    <TextEquiv>
                        <Unicode>Ma</Unicode>
                    </TextEquiv>
                    <TextStyle fontFamily="Times New Roman" fontSize="12.0"/>
                </Word>
                <Word id="w_w2aab1b1b2c25b1ab7" language="English" custom="readingOrder {index:1;}">
                    <Coords points="187,702 294,702 294,732 187,732"/>
                    <TextEquiv>
                        <Unicode>volonté</Unicode>
                    </TextEquiv>
                    <TextStyle fontFamily="Times New Roman" fontSize="12.0"/>
                </Word>
                <Word id="w_w2aab1b1b2c25b1ac23" language="English" custom="readingOrder {index:2;}">
                    <Coords points="309,703 428,703 428,739 309,739"/>
                    <TextEquiv>
                        <Unicode>toujours</Unicode>
                    </TextEquiv>
                    <TextStyle fontFamily="Times New Roman" fontSize="12.0"/>
                </Word>
                <Word id="w_w2aab1b1b2c25b1ac41" language="English" custom="readingOrder {index:3;}">
                    <Coords points="441,713 506,713 506,731 441,731"/>
                    <TextEquiv>
                        <Unicode>vous</Unicode>
                    </TextEquiv>
                    <TextStyle fontFamily="Times New Roman" fontSize="12.0"/>
                </Word>
                <Word id="w_w2aab1b1b2c25b1ac51" language="English" custom="readingOrder {index:4;}">
                    <Coords points="519,702 574,702 574,731 519,731"/>
                    <TextEquiv>
                        <Unicode>doit</Unicode>
                    </TextEquiv>
                    <TextStyle fontFamily="Times New Roman" fontSize="12.0"/>
                </Word>
                <Word id="w_w2aab1b1b2c25b1ac61" language="English" custom="readingOrder {index:5;}">
                    <Coords points="589,703 642,703 642,731 589,731"/>
                    <TextEquiv>
                        <Unicode>être</Unicode>
                    </TextEquiv>
                    <TextStyle fontFamily="Times New Roman" fontSize="12.0"/>
                </Word>
                <Word id="w_w2aab1b1b2c25b1ac71" language="English" custom="readingOrder {index:6;}">
                    <Coords points="658,701 788,701 788,734 658,734"/>
                    <TextEquiv>
                        <Unicode>(oûmifê,</Unicode>
                    </TextEquiv>
                    <TextStyle fontFamily="Times New Roman" fontSize="12.0"/>
                </Word>
                <TextEquiv>
                    <Unicode>Ma volonté toûjours vous doit être ſoûmiſe,</Unicode>
                </TextEquiv>
                <TextStyle fontFamily="Times New Roman" fontSize="12.0"/>
            </TextLine>
            <TextEquiv>
                <Unicode>Ma volonté toûjours vous doit être ſoûmiſe,</Unicode>
            </TextEquiv>
        </TextRegion>
        <TextRegion type="paragraph" id="r_1_14" custom="readingOrder {index:13;}">
            <Coords points="120,740 814,740 814,782 120,782"/>
            <TextLine id="tl_18" primaryLanguage="English" custom="readingOrder {index:0;}">
                <Coords points="121,741 813,741 813,781 121,781"/>
                <Baseline points="121,770 148,769 224,770 313,769 428,774 500,769 582,769 660,771 695,770 734,769 813,775"/>
                <Word id="w_w2aab1b1b2c27b1ab1" language="English" custom="readingOrder {index:0;}">
                    <Coords points="121,743 148,743 148,770 121,770"/>
                    <TextEquiv>
                        <Unicode>Si</Unicode>
                    </TextEquiv>
                    <TextStyle fontFamily="Times New Roman" fontSize="12.0"/>
                </Word>
                <Word id="w_w2aab1b1b2c27b1ab7" language="English" custom="readingOrder {index:1;}">
                    <Coords points="162,742 224,742 224,770 162,770"/>
                    <TextEquiv>
                        <Unicode>c’eft</Unicode>
                    </TextEquiv>
                    <TextStyle fontFamily="Times New Roman" fontSize="12.0"/>
                </Word>
                <Word id="w_w2aab1b1b2c27b1ac19" language="English" custom="readingOrder {index:2;}">
                    <Coords points="239,742 313,742 313,770 239,770"/>
                    <TextEquiv>
                        <Unicode>vôtre</Unicode>
                    </TextEquiv>
                    <TextStyle fontFamily="Times New Roman" fontSize="12.0"/>
                </Word>
                <Word id="w_w2aab1b1b2c27b1ac31" language="English" custom="readingOrder {index:3;}">
                    <Coords points="327,742 428,742 428,780 327,780"/>
                    <TextEquiv>
                        <Unicode>plaifir,</Unicode>
                    </TextEquiv>
                    <TextStyle fontFamily="Times New Roman" fontSize="12.0"/>
                </Word>
                <Word id="w_w2aab1b1b2c27b1ac49" language="English" custom="readingOrder {index:4;}">
                    <Coords points="447,752 500,752 500,781 447,781"/>
                    <TextEquiv>
                        <Unicode>que</Unicode>
                    </TextEquiv>
                    <TextStyle fontFamily="Times New Roman" fontSize="12.0"/>
                </Word>
                <Word id="w_w2aab1b1b2c27b1ac57" language="English" custom="readingOrder {index:5;}">
                    <Coords points="515,751 582,751 582,780 515,780"/>
                    <TextEquiv>
                        <Unicode>pour</Unicode>
                    </TextEquiv>
                    <TextStyle fontFamily="Times New Roman" fontSize="12.0"/>
                </Word>
                <Word id="w_w2aab1b1b2c27b1ac67" language="English" custom="readingOrder {index:6;}">
                    <Coords points="593,752 660,752 660,771 593,771"/>
                    <TextEquiv>
                        <Unicode>vous</Unicode>
                    </TextEquiv>
                    <TextStyle fontFamily="Times New Roman" fontSize="12.0"/>
                </Word>
                <Word id="w_w2aab1b1b2c27b1ac77" language="English" custom="readingOrder {index:7;}">
                    <Coords points="671,744 695,744 695,780 671,780"/>
                    <TextEquiv>
                        <Unicode>je</Unicode>
                    </TextEquiv>
                    <TextStyle fontFamily="Times New Roman" fontSize="12.0"/>
                </Word>
                <Word id="w_w2aab1b1b2c27b1ac83" language="English" custom="readingOrder {index:8;}">
                    <Coords points="711,743 734,743 734,771 711,771"/>
                    <TextEquiv>
                        <Unicode>le</Unicode>
                    </TextEquiv>
                    <TextStyle fontFamily="Times New Roman" fontSize="12.0"/>
                </Word>
                <Word id="w_w2aab1b1b2c27b1ac89" language="English" custom="readingOrder {index:9;}">
                    <Coords points="751,741 813,741 813,775 751,775"/>
                    <TextEquiv>
                        <Unicode>hfc&gt;</Unicode>
                    </TextEquiv>
                    <TextStyle fontFamily="Times New Roman" fontSize="12.0"/>
                </Word>
                <TextEquiv>
                    <Unicode>Si c’eſt vôtre plaiſir, que pour vous je le liſe,</Unicode>
                </TextEquiv>
                <TextStyle fontFamily="Times New Roman" fontSize="12.0"/>
            </TextLine>
            <TextEquiv>
                <Unicode>Si c’eſt vôtre plaiſir, que pour vous je le liſe,</Unicode>
            </TextEquiv>
        </TextRegion>
        <TextRegion type="paragraph" id="r_1_15" custom="readingOrder {index:14;}">
            <Coords points="120,779 751,779 751,821 120,821"/>
            <TextLine id="tl_19" primaryLanguage="English" custom="readingOrder {index:0;}">
                <Coords points="121,780 750,780 750,820 121,820"/>
                <Baseline points="121,819 151,808 272,810 414,810 444,809 565,808 620,809 750,809"/>
                <Word id="w_w2aab1b1b2c29b1ab1" language="English" custom="readingOrder {index:0;}">
                    <Coords points="121,783 151,783 151,819 121,819"/>
                    <TextEquiv>
                        <Unicode>Je</Unicode>
                    </TextEquiv>
                    <TextStyle fontFamily="Times New Roman" fontSize="12.0"/>
                </Word>
                <Word id="w_w2aab1b1b2c29b1ab7" language="English" custom="readingOrder {index:1;}">
                    <Coords points="167,780 272,780 272,810 167,810"/>
                    <TextEquiv>
                        <Unicode>eonfens</Unicode>
                    </TextEquiv>
                    <TextStyle fontFamily="Times New Roman" fontSize="12.0"/>
                </Word>
                <Word id="w_w2aab1b1b2c29b1ac23" language="English" custom="readingOrder {index:2;}">
                    <Coords points="287,782 414,782 414,810 287,810"/>
                    <TextEquiv>
                        <Unicode>volontier</Unicode>
                    </TextEquiv>
                    <TextStyle fontFamily="Times New Roman" fontSize="12.0"/>
                </Word>
                <Word id="w_w2aab1b1b2c29b1ac43" language="English" custom="readingOrder {index:3;}">
                    <Coords points="428,782 444,782 444,809 428,809"/>
                    <TextEquiv>
                        <Unicode>à</Unicode>
                    </TextEquiv>
                    <TextStyle fontFamily="Times New Roman" fontSize="12.0"/>
                </Word>
                <Word id="w_w2aab1b1b2c29b1ac47" language="English" custom="readingOrder {index:4;}">
                    <Coords points="457,782 565,782 565,820 457,820"/>
                    <TextEquiv>
                        <Unicode>prendre</Unicode>
                    </TextEquiv>
                    <TextStyle fontFamily="Times New Roman" fontSize="12.0"/>
                </Word>
                <Word id="w_w2aab1b1b2c29b1ac63" language="English" custom="readingOrder {index:5;}">
                    <Coords points="580,791 620,791 620,809 580,809"/>
                    <TextEquiv>
                        <Unicode>cet</Unicode>
                    </TextEquiv>
                    <TextStyle fontFamily="Times New Roman" fontSize="12.0"/>
                </Word>
                <Word id="w_w2aab1b1b2c29b1ac71" language="English" custom="readingOrder {index:6;}">
                    <Coords points="633,781 750,781 750,820 633,820"/>
                    <TextEquiv>
                        <Unicode>employ.</Unicode>
                    </TextEquiv>
                    <TextStyle fontFamily="Times New Roman" fontSize="12.0"/>
                </Word>
                <TextEquiv>
                    <Unicode>Je conſens volontier à prendre cet employ.</Unicode>
                </TextEquiv>
                <TextStyle fontFamily="Times New Roman" fontSize="12.0"/>
            </TextLine>
            <TextEquiv>
                <Unicode>Je conſens volontier à prendre cet employ.</Unicode>
            </TextEquiv>
        </TextRegion>
        <TextRegion type="paragraph" id="r_1_16" custom="readingOrder {index:15;}">
            <Coords points="386,821 668,821 668,850 386,850"/>
            <TextLine id="tl_20" primaryLanguage="English" custom="readingOrder {index:0;}">
                <Coords points="387,822 667,822 667,849 387,849"/>
                <Baseline points="387,849 423,849 484,849 517,849 551,848 582,849 623,848 667,848"/>
                <Word id="w_w2aab1b1b2c31b1ab1" language="English" custom="readingOrder {index:0;}">
                    <Coords points="387,822 423,822 423,849 387,849"/>
                    <TextEquiv>
                        <Unicode>D.</Unicode>
                    </TextEquiv>
                    <TextStyle fontFamily="Times New Roman" fontSize="12.0"/>
                </Word>
                <Word id="w_w2aab1b1b2c31b1ab7" language="English" custom="readingOrder {index:1;}">
                    <Coords points="463,822 484,822 484,849 463,849"/>
                    <TextEquiv>
                        <Unicode>E</Unicode>
                    </TextEquiv>
                    <TextStyle fontFamily="Times New Roman" fontSize="12.0"/>
                </Word>
                <Word id="w_w2aab1b1b2c31b1b1b1" language="English" custom="readingOrder {index:2;}">
                    <Coords points="502,831 517,831 517,849 502,849"/>
                    <TextEquiv>
                        <Unicode>l</Unicode>
                    </TextEquiv>
                    <TextStyle fontFamily="Times New Roman" fontSize="9.0"/>
                </Word>
                <Word id="w_w2aab1b1b2c31b1b2b3" language="English" custom="readingOrder {index:3;}">
                    <Coords points="535,831 551,831 551,848 535,848"/>
                    <TextEquiv>
                        <Unicode>u</Unicode>
                    </TextEquiv>
                    <TextStyle fontFamily="Times New Roman" fontSize="9.0"/>
                </Word>
                <Word id="w_w2aab1b1b2c31b1b2b7" language="English" custom="readingOrder {index:4;}">
                    <Coords points="572,830 582,830 582,849 572,849"/>
                    <TextEquiv>
                        <Unicode>I</Unicode>
                    </TextEquiv>
                    <TextStyle fontFamily="Times New Roman" fontSize="9.0"/>
                </Word>
                <Word id="w_w2aab1b1b2c31b1b2c11" language="English" custom="readingOrder {index:5;}">
                    <Coords points="606,830 623,830 623,848 606,848"/>
                    <TextEquiv>
                        <Unicode>R</Unicode>
                    </TextEquiv>
                    <TextStyle fontFamily="Times New Roman" fontSize="9.0"/>
                </Word>
                <Word id="w_w2aab1b1b2c31b1b2c15" language="English" custom="readingOrder {index:6;}">
                    <Coords points="644,831 667,831 667,848 644,848"/>
                    <TextEquiv>
                        <Unicode>E.</Unicode>
                    </TextEquiv>
                    <TextStyle fontFamily="Times New Roman" fontSize="9.0"/>
                </Word>
                <TextEquiv>
                    <Unicode>D. ELUIRE.</Unicode>
                </TextEquiv>
            </TextLine>
            <TextEquiv>
                <Unicode>D. ELUIRE.</Unicode>
            </TextEquiv>
        </TextRegion>
        <TextRegion type="paragraph" id="r_1_17" custom="readingOrder {index:16;}">
            <Coords points="121,858 875,858 875,929 121,929"/>
            <TextLine id="tl_21" primaryLanguage="English" custom="readingOrder {index:0;}">
                <Coords points="122,859 874,859 874,898 122,898"/>
                <Baseline points="122,888 198,892 280,892 404,892 512,892 594,888 632,888 708,888 790,887 874,888"/>
                <Word id="w_w2aab1b1b2c33b1ab1" language="English" custom="readingOrder {index:0;}">
                    <Coords points="122,860 198,860 198,892 122,892"/>
                    <TextEquiv>
                        <Unicode>Oui,</Unicode>
                    </TextEquiv>
                    <TextStyle fontFamily="Times New Roman" fontSize="12.0"/>
                </Word>
                <Word id="w_w2aab1b1b2c33b1ac11" language="English" custom="readingOrder {index:1;}">
                    <Coords points="215,861 280,861 280,892 215,892"/>
                    <TextEquiv>
                        <Unicode>oui,</Unicode>
                    </TextEquiv>
                    <TextStyle fontFamily="Times New Roman" fontSize="12.0"/>
                </Word>
                <Word id="w_w2aab1b1b2c33b1ac21" language="English" custom="readingOrder {index:2;}">
                    <Coords points="298,860 404,860 404,892 298,892"/>
                    <TextEquiv>
                        <Unicode>Prince,</Unicode>
                    </TextEquiv>
                    <TextStyle fontFamily="Times New Roman" fontSize="12.0"/>
                </Word>
                <Word id="w_w2aab1b1b2c33b1ac37" language="English" custom="readingOrder {index:3;}">
                    <Coords points="423,869 512,869 512,892 423,892"/>
                    <TextEquiv>
                        <Unicode>tenez,</Unicode>
                    </TextEquiv>
                    <TextStyle fontFamily="Times New Roman" fontSize="12.0"/>
                </Word>
                <Word id="w_w2aab1b1b2c33b1ac51" language="English" custom="readingOrder {index:4;}">
                    <Coords points="530,870 594,870 594,888 530,888"/>
                    <TextEquiv>
                        <Unicode>vous</Unicode>
                    </TextEquiv>
                    <TextStyle fontFamily="Times New Roman" fontSize="12.0"/>
                </Word>
                <Word id="w_w2aab1b1b2c33b1ac61" language="English" custom="readingOrder {index:5;}">
                    <Coords points="608,860 632,860 632,888 608,888"/>
                    <TextEquiv>
                        <Unicode>le</Unicode>
                    </TextEquiv>
                    <TextStyle fontFamily="Times New Roman" fontSize="12.0"/>
                </Word>
                <Word id="w_w2aab1b1b2c33b1ac67" language="English" custom="readingOrder {index:6;}">
                    <Coords points="647,861 708,861 708,888 647,888"/>
                    <TextEquiv>
                        <Unicode>lirez</Unicode>
                    </TextEquiv>
                    <TextStyle fontFamily="Times New Roman" fontSize="12.0"/>
                </Word>
                <Word id="w_w2aab1b1b2c33b1ac79" language="English" custom="readingOrder {index:7;}">
                    <Coords points="723,869 790,869 790,898 723,898"/>
                    <TextEquiv>
                        <Unicode>pour</Unicode>
                    </TextEquiv>
                    <TextStyle fontFamily="Times New Roman" fontSize="12.0"/>
                </Word>
                <Word id="w_w2aab1b1b2c33b1ac89" language="English" custom="readingOrder {index:8;}">
                    <Coords points="806,859 874,859 874,888 806,888"/>
                    <TextEquiv>
                        <Unicode>moi.</Unicode>
                    </TextEquiv>
                    <TextStyle fontFamily="Times New Roman" fontSize="12.0"/>
                </Word>
                <TextEquiv>
                    <Unicode>Oüi, oüi, Prince, tenez, vous le lirez pour moi.</Unicode>
                </TextEquiv>
                <TextStyle fontFamily="Times New Roman" fontSize="12.0"/>
            </TextLine>
            <TextLine id="tl_22" primaryLanguage="English" custom="readingOrder {index:1;}">
                <Coords points="378,901 666,901 666,928 378,928"/>
                <Baseline points="378,927 405,927 666,928"/>
                <Word id="w_w2aab1b1b2c33b3ab1" language="English" custom="readingOrder {index:0;}">
                    <Coords points="378,901 415,901 415,928 378,928"/>
                    <TextEquiv>
                        <Unicode>D.</Unicode>
                    </TextEquiv>
                    <TextStyle fontFamily="Times New Roman" fontSize="12.0"/>
                </Word>
                <Word id="w_w2aab1b1b2c33b3b1b1" language="English" custom="readingOrder {index:1;}">
                    <Coords points="453,902 666,902 666,928 453,928"/>
                    <TextEquiv>
                        <Unicode>Garcie.</Unicode>
                    </TextEquiv>
                    <TextStyle fontFamily="Times New Roman" fontSize="12.0"/>
                </Word>
                <TextEquiv>
                    <Unicode>D. GARCIE.</Unicode>
                </TextEquiv>
            </TextLine>
            <TextEquiv>
                <Unicode>Oüi, oüi, Prince, tenez, vous le lirez pour moi.
D. GARCIE.</Unicode>
            </TextEquiv>
        </TextRegion>
        <TextRegion type="paragraph" id="r_1_18" custom="readingOrder {index:17;}">
            <Coords points="121,935 875,935 875,1007 121,1007"/>
            <TextLine id="tl_23" primaryLanguage="English" custom="readingOrder {index:0;}">
                <Coords points="122,936 874,936 874,978 122,978"/>
                <Baseline points="122,966 195,965 278,966 355,968 442,965 489,966 609,970 653,967 691,966 764,966 874,966"/>
                <Word id="w_w2aab1b1b2c35b1ab1" language="English" custom="readingOrder {index:0;}">
                    <Coords points="122,936 195,936 195,966 122,966"/>
                    <TextEquiv>
                        <Unicode>C’eft</Unicode>
                    </TextEquiv>
                    <TextStyle fontFamily="Times New Roman" fontSize="12.0"/>
                </Word>
                <Word id="w_w2aab1b1b2c35b1ac13" language="English" custom="readingOrder {index:1;}">
                    <Coords points="210,948 278,948 278,978 210,978"/>
                    <TextEquiv>
                        <Unicode>pour</Unicode>
                    </TextEquiv>
                    <TextStyle fontFamily="Times New Roman" fontSize="12.0"/>
                </Word>
                <Word id="w_w2aab1b1b2c35b1ac23" language="English" custom="readingOrder {index:2;}">
                    <Coords points="291,949 355,949 355,968 291,968"/>
                    <TextEquiv>
                        <Unicode>vous</Unicode>
                    </TextEquiv>
                    <TextStyle fontFamily="Times New Roman" fontSize="12.0"/>
                </Word>
                <Word id="w_w2aab1b1b2c35b1ac33" language="English" custom="readingOrder {index:3;}">
                    <Coords points="367,938 442,938 442,967 367,967"/>
                    <TextEquiv>
                        <Unicode>obéir</Unicode>
                    </TextEquiv>
                    <TextStyle fontFamily="Times New Roman" fontSize="12.0"/>
                </Word>
                <Word id="w_w2aab1b1b2c35b1ac45" language="English" custom="readingOrder {index:4;}">
                    <Coords points="456,949 489,949 489,966 456,966"/>
                    <TextEquiv>
                        <Unicode>au</Unicode>
                    </TextEquiv>
                    <TextStyle fontFamily="Times New Roman" fontSize="12.0"/>
                </Word>
                <Word id="w_w2aab1b1b2c35b1ac51" language="English" custom="readingOrder {index:5;}">
                    <Coords points="505,940 609,940 609,970 505,970"/>
                    <TextEquiv>
                        <Unicode>moins,</Unicode>
                    </TextEquiv>
                    <TextStyle fontFamily="Times New Roman" fontSize="12.0"/>
                </Word>
                <Word id="w_w2aab1b1b2c35b1ac65" language="English" custom="readingOrder {index:6;}">
                    <Coords points="626,943 653,943 653,967 626,967"/>
                    <TextEquiv>
                        <Unicode>Le</Unicode>
                    </TextEquiv>
                    <TextStyle fontFamily="Times New Roman" fontSize="12.0"/>
                </Word>
                <Word id="w_w2aab1b1b2c35b1ac71" language="English" custom="readingOrder {index:7;}">
                    <Coords points="668,941 691,941 691,976 668,976"/>
                    <TextEquiv>
                        <Unicode>je</Unicode>
                    </TextEquiv>
                    <TextStyle fontFamily="Times New Roman" fontSize="12.0"/>
                </Word>
                <Word id="w_w2aab1b1b2c35b1ac77" language="English" custom="readingOrder {index:8;}">
                    <Coords points="706,939 764,939 764,978 706,978"/>
                    <TextEquiv>
                        <Unicode>p»is</Unicode>
                    </TextEquiv>
                    <TextStyle fontFamily="Times New Roman" fontSize="12.0"/>
                </Word>
                <Word id="w_w2aab1b1b2c35b1ac87" language="English" custom="readingOrder {index:9;}">
                    <Coords points="777,938 874,938 874,967 777,967"/>
                    <TextEquiv>
                        <Unicode>dire....</Unicode>
                    </TextEquiv>
                    <TextStyle fontFamily="Times New Roman" fontSize="12.0"/>
                </Word>
                <TextEquiv>
                    <Unicode>C’eſt pour vous obeïr au moins, &amp; je puis dire....</Unicode>
                </TextEquiv>
                <TextStyle fontFamily="Times New Roman" fontSize="12.0"/>
            </TextLine>
            <TextLine id="tl_24" primaryLanguage="English" custom="readingOrder {index:1;}">
                <Coords points="385,979 666,979 666,1006 385,1006"/>
                <Baseline points="385,1006 420,1005 482,1006 516,1006 552,1005 583,1005 622,1005 666,1006"/>
                <Word id="w_w2aab1b1b2c35b3ab1" language="English" custom="readingOrder {index:0;}">
                    <Coords points="385,979 420,979 420,1006 385,1006"/>
                    <TextEquiv>
                        <Unicode>D.</Unicode>
                    </TextEquiv>
                    <TextStyle fontFamily="Times New Roman" fontSize="12.0"/>
                </Word>
                <Word id="w_w2aab1b1b2c35b3ab7" language="English" custom="readingOrder {index:1;}">
                    <Coords points="461,979 482,979 482,1006 461,1006"/>
                    <TextEquiv>
                        <Unicode>E</Unicode>
                    </TextEquiv>
                    <TextStyle fontFamily="Times New Roman" fontSize="12.0"/>
                </Word>
                <Word id="w_w2aab1b1b2c35b3b1b1" language="English" custom="readingOrder {index:2;}">
                    <Coords points="501,988 516,988 516,1006 501,1006"/>
                    <TextEquiv>
                        <Unicode>l</Unicode>
                    </TextEquiv>
                    <TextStyle fontFamily="Times New Roman" fontSize="9.0"/>
                </Word>
                <Word id="w_w2aab1b1b2c35b3b2b3" language="English" custom="readingOrder {index:3;}">
                    <Coords points="536,988 552,988 552,1005 536,1005"/>
                    <TextEquiv>
                        <Unicode>u</Unicode>
                    </TextEquiv>
                    <TextStyle fontFamily="Times New Roman" fontSize="9.0"/>
                </Word>
                <Word id="w_w2aab1b1b2c35b3b2b7" language="English" custom="readingOrder {index:4;}">
                    <Coords points="574,988 583,988 583,1005 574,1005"/>
                    <TextEquiv>
                        <Unicode>I</Unicode>
                    </TextEquiv>
                    <TextStyle fontFamily="Times New Roman" fontSize="9.0"/>
                </Word>
                <Word id="w_w2aab1b1b2c35b3b2c11" language="English" custom="readingOrder {index:5;}">
                    <Coords points="604,987 622,987 622,1005 604,1005"/>
                    <TextEquiv>
                        <Unicode>R</Unicode>
                    </TextEquiv>
                    <TextStyle fontFamily="Times New Roman" fontSize="9.0"/>
                </Word>
                <Word id="w_w2aab1b1b2c35b3b2c15" language="English" custom="readingOrder {index:6;}">
                    <Coords points="644,988 666,988 666,1006 644,1006"/>
                    <TextEquiv>
                        <Unicode>i.</Unicode>
                    </TextEquiv>
                    <TextStyle fontFamily="Times New Roman" fontSize="9.0"/>
                </Word>
                <TextEquiv>
                    <Unicode>D. ELUIRE.</Unicode>
                </TextEquiv>
            </TextLine>
            <TextEquiv>
                <Unicode>C’eſt pour vous obeïr au moins, &amp; je puis dire....
D. ELUIRE.</Unicode>
            </TextEquiv>
        </TextRegion>
        <TextRegion type="paragraph" id="r_1_19" custom="readingOrder {index:18;}">
            <Coords points="122,1014 838,1014 838,1058 122,1058"/>
            <TextLine id="tl_25" primaryLanguage="English" custom="readingOrder {index:0;}">
                <Coords points="123,1015 837,1015 837,1057 123,1057"/>
                <Baseline points="123,1045 196,1046 234,1045 291,1046 364,1046 499,1050 727,1046 773,1045 837,1044"/>
                <Word id="w_w2aab1b1b2c37b1ab1" language="English" custom="readingOrder {index:0;}">
                    <Coords points="123,1015 196,1015 196,1046 123,1046"/>
                    <TextEquiv>
                        <Unicode>C’eft</Unicode>
                    </TextEquiv>
                    <TextStyle fontFamily="Times New Roman" fontSize="12.0"/>
                </Word>
                <Word id="w_w2aab1b1b2c37b1ac13" language="English" custom="readingOrder {index:1;}">
                    <Coords points="205,1026 234,1026 234,1045 205,1045"/>
                    <TextEquiv>
                        <Unicode>ce</Unicode>
                    </TextEquiv>
                    <TextStyle fontFamily="Times New Roman" fontSize="12.0"/>
                </Word>
                <Word id="w_w2aab1b1b2c37b1ac19" language="English" custom="readingOrder {index:2;}">
                    <Coords points="241,1027 291,1027 291,1057 241,1057"/>
                    <TextEquiv>
                        <Unicode>que</Unicode>
                    </TextEquiv>
                    <TextStyle fontFamily="Times New Roman" fontSize="12.0"/>
                </Word>
                <Word id="w_w2aab1b1b2c37b1ac27" language="English" custom="readingOrder {index:3;}">
                    <Coords points="299,1027 364,1027 364,1046 299,1046"/>
                    <TextEquiv>
                        <Unicode>vous</Unicode>
                    </TextEquiv>
                    <TextStyle fontFamily="Times New Roman" fontSize="12.0"/>
                </Word>
                <Word id="w_w2aab1b1b2c37b1ac37" language="English" custom="readingOrder {index:4;}">
                    <Coords points="370,1016 499,1016 499,1050 370,1050"/>
                    <TextEquiv>
                        <Unicode>voudrez,</Unicode>
                    </TextEquiv>
                    <TextStyle fontFamily="Times New Roman" fontSize="12.0"/>
                </Word>
                <Word id="w_w2aab1b1b2c37b1ac55" language="English" custom="readingOrder {index:5;}">
                    <Coords points="517,1017 727,1017 727,1056 517,1056"/>
                    <TextEquiv>
                        <Unicode>dépêchez-vous</Unicode>
                    </TextEquiv>
                    <TextStyle fontFamily="Times New Roman" fontSize="12.0"/>
                </Word>
                <Word id="w_w2aab1b1b2c37b1ac83" language="English" custom="readingOrder {index:6;}">
                    <Coords points="742,1017 773,1017 773,1046 742,1046"/>
                    <TextEquiv>
                        <Unicode>de</Unicode>
                    </TextEquiv>
                    <TextStyle fontFamily="Times New Roman" fontSize="12.0"/>
                </Word>
                <Word id="w_w2aab1b1b2c37b1ac89" language="English" custom="readingOrder {index:7;}">
                    <Coords points="780,1017 837,1017 837,1046 780,1046"/>
                    <TextEquiv>
                        <Unicode>lire.</Unicode>
                    </TextEquiv>
                    <TextStyle fontFamily="Times New Roman" fontSize="12.0"/>
                </Word>
                <TextEquiv>
                    <Unicode>C’eſt ce que vous voudrez, dépêchez-vous de lire.</Unicode>
                </TextEquiv>
                <TextStyle fontFamily="Times New Roman" fontSize="12.0"/>
            </TextLine>
            <TextEquiv>
                <Unicode>C’eſt ce que vous voudrez, dépêchez-vous de lire.</Unicode>
            </TextEquiv>
        </TextRegion>
        <TextRegion type="paragraph" id="r_1_20" custom="readingOrder {index:19;}">
            <Coords points="385,1057 674,1057 674,1087 385,1087"/>
            <TextLine id="tl_26" primaryLanguage="English" custom="readingOrder {index:0;}">
                <Coords points="386,1058 673,1058 673,1086 386,1086"/>
                <Baseline points="386,1084 412,1084 673,1084"/>
                <Word id="w_w2aab1b1b2c39b1ab1" language="English" custom="readingOrder {index:0;}">
                    <Coords points="386,1058 422,1058 422,1086 386,1086"/>
                    <TextEquiv>
                        <Unicode>D.</Unicode>
                    </TextEquiv>
                    <TextStyle fontFamily="Times New Roman" fontSize="12.0"/>
                </Word>
                <Word id="w_w2aab1b1b2c39b1b1b1" language="English" custom="readingOrder {index:1;}">
                    <Coords points="461,1059 673,1059 673,1086 461,1086"/>
                    <TextEquiv>
                        <Unicode>Garcie.</Unicode>
                    </TextEquiv>
                    <TextStyle fontFamily="Times New Roman" fontSize="12.0"/>
                </Word>
                <TextEquiv>
                    <Unicode>D. GARCIE.</Unicode>
                </TextEquiv>
            </TextLine>
            <TextEquiv>
                <Unicode>D. GARCIE.</Unicode>
            </TextEquiv>
        </TextRegion>
        <TextRegion type="paragraph" id="r_1_21" custom="readingOrder {index:20;}">
            <Coords points="119,1094 752,1094 752,1138 119,1138"/>
            <TextLine id="tl_27" primaryLanguage="English" custom="readingOrder {index:0;}">
                <Coords points="120,1095 751,1095 751,1137 120,1137"/>
                <Baseline points="120,1124 144,1124 201,1124 247,1124 337,1124 444,1128 479,1124 523,1124 588,1124 627,1124 751,1125"/>
                <Word id="w_w2aab1b1b2c41b1ab1" language="English" custom="readingOrder {index:0;}">
                    <Coords points="120,1096 144,1096 144,1124 120,1124"/>
                    <TextEquiv>
                        <Unicode>11</Unicode>
                    </TextEquiv>
                    <TextStyle fontFamily="Times New Roman" fontSize="12.0"/>
                </Word>
                <Word id="w_w2aab1b1b2c41b1ab7" language="English" custom="readingOrder {index:1;}">
                    <Coords points="165,1095 201,1095 201,1124 165,1124"/>
                    <TextEquiv>
                        <Unicode>eft</Unicode>
                    </TextEquiv>
                    <TextStyle fontFamily="Times New Roman" fontSize="12.0"/>
                </Word>
                <Word id="w_w2aab1b1b2c41b1ac15" language="English" custom="readingOrder {index:2;}">
                    <Coords points="216,1097 247,1097 247,1125 216,1125"/>
                    <TextEquiv>
                        <Unicode>de</Unicode>
                    </TextEquiv>
                    <TextStyle fontFamily="Times New Roman" fontSize="12.0"/>
                </Word>
                <Word id="w_w2aab1b1b2c41b1ac21" language="English" custom="readingOrder {index:3;}">
                    <Coords points="258,1098 337,1098 337,1125 258,1125"/>
                    <TextEquiv>
                        <Unicode>Donc</Unicode>
                    </TextEquiv>
                    <TextStyle fontFamily="Times New Roman" fontSize="12.0"/>
                </Word>
                <Word id="w_w2aab1b1b2c41b1ac31" language="English" custom="readingOrder {index:4;}">
                    <Coords points="352,1097 444,1097 444,1137 352,1137"/>
                    <TextEquiv>
                        <Unicode>Ignés,</Unicode>
                    </TextEquiv>
                    <TextStyle fontFamily="Times New Roman" fontSize="12.0"/>
                </Word>
                <Word id="w_w2aab1b1b2c41b1ac45" language="English" custom="readingOrder {index:5;}">
                    <Coords points="464,1096 479,1096 479,1124 464,1124"/>
                    <TextEquiv>
                        <Unicode>à</Unicode>
                    </TextEquiv>
                    <TextStyle fontFamily="Times New Roman" fontSize="12.0"/>
                </Word>
                <Word id="w_w2aab1b1b2c41b1ac49" language="English" custom="readingOrder {index:6;}">
                    <Coords points="494,1106 523,1106 523,1124 494,1124"/>
                    <TextEquiv>
                        <Unicode>ce</Unicode>
                    </TextEquiv>
                    <TextStyle fontFamily="Times New Roman" fontSize="12.0"/>
                </Word>
                <Word id="w_w2aab1b1b2c41b1ac55" language="English" custom="readingOrder {index:7;}">
                    <Coords points="537,1106 588,1106 588,1135 537,1135"/>
                    <TextEquiv>
                        <Unicode>que</Unicode>
                    </TextEquiv>
                    <TextStyle fontFamily="Times New Roman" fontSize="12.0"/>
                </Word>
                <Word id="w_w2aab1b1b2c41b1ac63" language="English" custom="readingOrder {index:8;}">
                    <Coords points="602,1097 627,1097 627,1133 602,1133"/>
                    <TextEquiv>
                        <Unicode>je</Unicode>
                    </TextEquiv>
                    <TextStyle fontFamily="Times New Roman" fontSize="12.0"/>
                </Word>
                <Word id="w_w2aab1b1b2c41b1ac69" language="English" custom="readingOrder {index:9;}">
                    <Coords points="643,1097 751,1097 751,1125 643,1125"/>
                    <TextEquiv>
                        <Unicode>connoi.</Unicode>
                    </TextEquiv>
                    <TextStyle fontFamily="Times New Roman" fontSize="12.0"/>
                </Word>
                <TextEquiv>
                    <Unicode>Il eſt de Done Ignes, à ce que je connoi.</Unicode>
                </TextEquiv>
                <TextStyle fontFamily="Times New Roman" fontSize="12.0"/>
            </TextLine>
            <TextEquiv>
                <Unicode>Il eſt de Done Ignes, à ce que je connoi.</Unicode>
            </TextEquiv>
        </TextRegion>
        <TextRegion type="paragraph" id="r_1_22" custom="readingOrder {index:21;}">
            <Coords points="387,1136 673,1136 673,1165 387,1165"/>
            <TextLine id="tl_28" primaryLanguage="English" custom="readingOrder {index:0;}">
                <Coords points="388,1137 672,1137 672,1164 388,1164"/>
                <Baseline points="388,1163 424,1163 483,1163 516,1164 551,1162 581,1163 621,1163 672,1164"/>
                <Word id="w_w2aab1b1b2c43b1ab1" language="English" custom="readingOrder {index:0;}">
                    <Coords points="388,1137 424,1137 424,1163 388,1163"/>
                    <TextEquiv>
                        <Unicode>D.</Unicode>
                    </TextEquiv>
                    <TextStyle fontFamily="Times New Roman" fontSize="12.0"/>
                </Word>
                <Word id="w_w2aab1b1b2c43b1ab7" language="English" custom="readingOrder {index:1;}">
                    <Coords points="463,1137 483,1137 483,1164 463,1164"/>
                    <TextEquiv>
                        <Unicode>E</Unicode>
                    </TextEquiv>
                    <TextStyle fontFamily="Times New Roman" fontSize="12.0"/>
                </Word>
                <Word id="w_w2aab1b1b2c43b1b1b1" language="English" custom="readingOrder {index:2;}">
                    <Coords points="501,1145 516,1145 516,1164 501,1164"/>
                    <TextEquiv>
                        <Unicode>l</Unicode>
                    </TextEquiv>
                    <TextStyle fontFamily="Times New Roman" fontSize="9.0"/>
                </Word>
                <Word id="w_w2aab1b1b2c43b1b2b1" language="English" custom="readingOrder {index:3;}">
                    <Coords points="534,1146 551,1146 551,1162 534,1162"/>
                    <TextEquiv>
                        <Unicode>c</Unicode>
                    </TextEquiv>
                    <TextStyle fontFamily="Times New Roman" fontSize="12.0"/>
                </Word>
                <Word id="w_w2aab1b1b2c43b1b2b5" language="English" custom="readingOrder {index:4;}">
                    <Coords points="572,1145 581,1145 581,1163 572,1163"/>
                    <TextEquiv>
                        <Unicode>l</Unicode>
                    </TextEquiv>
                    <TextStyle fontFamily="Times New Roman" fontSize="12.0"/>
                </Word>
                <Word id="w_w2aab1b1b2c43b1b3b1" language="English" custom="readingOrder {index:5;}">
                    <Coords points="603,1145 621,1145 621,1164 603,1164"/>
                    <TextEquiv>
                        <Unicode>R</Unicode>
                    </TextEquiv>
                    <TextStyle fontFamily="Times New Roman" fontSize="9.0"/>
                </Word>
                <Word id="w_w2aab1b1b2c43b1b4b1" language="English" custom="readingOrder {index:6;}">
                    <Coords points="640,1146 672,1146 672,1164 640,1164"/>
                    <TextEquiv>
                        <Unicode>!..</Unicode>
                    </TextEquiv>
                    <TextStyle fontFamily="Times New Roman" fontSize="12.0"/>
                </Word>
                <TextEquiv>
                    <Unicode>D. ELUIRE.</Unicode>
                </TextEquiv>
            </TextLine>
            <TextEquiv>
                <Unicode>D. ELUIRE.</Unicode>
            </TextEquiv>
        </TextRegion>
        <TextRegion type="paragraph" id="r_1_23" custom="readingOrder {index:22;}">
            <Coords points="120,1173 876,1173 876,1215 120,1215"/>
            <TextLine id="tl_29" primaryLanguage="English" custom="readingOrder {index:0;}">
                <Coords points="121,1174 875,1174 875,1214 121,1214"/>
                <Baseline points="121,1203 197,1206 238,1201 323,1202 453,1206 499,1203 582,1203 678,1206 724,1203 797,1202 875,1202"/>
                <Word id="w_w2aab1b1b2c45b1ab1" language="English" custom="readingOrder {index:0;}">
                    <Coords points="121,1174 197,1174 197,1206 121,1206"/>
                    <TextEquiv>
                        <Unicode>Oui,</Unicode>
                    </TextEquiv>
                    <TextStyle fontFamily="Times New Roman" fontSize="12.0"/>
                </Word>
                <Word id="w_w2aab1b1b2c45b1ac11" language="English" custom="readingOrder {index:1;}">
                    <Coords points="213,1175 238,1175 238,1211 213,1211"/>
                    <TextEquiv>
                        <Unicode>je</Unicode>
                    </TextEquiv>
                    <TextStyle fontFamily="Times New Roman" fontSize="12.0"/>
                </Word>
                <Word id="w_w2aab1b1b2c45b1ac17" language="English" custom="readingOrder {index:2;}">
                    <Coords points="252,1177 323,1177 323,1202 252,1202"/>
                    <TextEquiv>
                        <Unicode>M'en</Unicode>
                    </TextEquiv>
                    <TextStyle fontFamily="Times New Roman" fontSize="12.0"/>
                </Word>
                <Word id="w_w2aab1b1b2c45b1ac27" language="English" custom="readingOrder {index:3;}">
                    <Coords points="339,1175 453,1175 453,1210 339,1210"/>
                    <TextEquiv>
                        <Unicode>réjoui»,</Unicode>
                    </TextEquiv>
                    <TextStyle fontFamily="Times New Roman" fontSize="12.0"/>
                </Word>
                <Word id="w_w2aab1b1b2c45b1ac45" language="English" custom="readingOrder {index:4;}">
                    <Coords points="472,1179 499,1179 499,1204 472,1204"/>
                    <TextEquiv>
                        <Unicode>Le</Unicode>
                    </TextEquiv>
                    <TextStyle fontFamily="Times New Roman" fontSize="12.0"/>
                </Word>
                <Word id="w_w2aab1b1b2c45b1ac51" language="English" custom="readingOrder {index:5;}">
                    <Coords points="516,1186 582,1186 582,1214 516,1214"/>
                    <TextEquiv>
                        <Unicode>pour</Unicode>
                    </TextEquiv>
                    <TextStyle fontFamily="Times New Roman" fontSize="12.0"/>
                </Word>
                <Word id="w_w2aab1b1b2c45b1ac61" language="English" custom="readingOrder {index:6;}">
                    <Coords points="597,1184 678,1184 678,1206 597,1206"/>
                    <TextEquiv>
                        <Unicode>vous,</Unicode>
                    </TextEquiv>
                    <TextStyle fontFamily="Times New Roman" fontSize="12.0"/>
                </Word>
                <Word id="w_w2aab1b1b2c45b1ac73" language="English" custom="readingOrder {index:7;}">
                    <Coords points="698,1179 724,1179 724,1204 698,1204"/>
                    <TextEquiv>
                        <Unicode>Le</Unicode>
                    </TextEquiv>
                    <TextStyle fontFamily="Times New Roman" fontSize="12.0"/>
                </Word>
                <Word id="w_w2aab1b1b2c45b1ac79" language="English" custom="readingOrder {index:8;}">
                    <Coords points="733,1184 797,1184 797,1214 733,1214"/>
                    <TextEquiv>
                        <Unicode>pour</Unicode>
                    </TextEquiv>
                    <TextStyle fontFamily="Times New Roman" fontSize="12.0"/>
                </Word>
                <Word id="w_w2aab1b1b2c45b1ac89" language="English" custom="readingOrder {index:9;}">
                    <Coords points="807,1175 875,1175 875,1203 807,1203"/>
                    <TextEquiv>
                        <Unicode>moi.</Unicode>
                    </TextEquiv>
                    <TextStyle fontFamily="Times New Roman" fontSize="12.0"/>
                </Word>
                <TextEquiv>
                    <Unicode>Oüi, je m'en réjoüis, &amp; pour vous, &amp; pour moi.</Unicode>
                </TextEquiv>
                <TextStyle fontFamily="Times New Roman" fontSize="12.0"/>
            </TextLine>
            <TextEquiv>
                <Unicode>Oüi, je m'en réjoüis, &amp; pour vous, &amp; pour moi.</Unicode>
            </TextEquiv>
        </TextRegion>
        <TextRegion type="paragraph" id="r_1_24" custom="readingOrder {index:23;}">
            <Coords points="120,1214 704,1214 704,1295 120,1295"/>
            <TextLine id="tl_30" primaryLanguage="English" custom="readingOrder {index:0;}">
                <Coords points="355,1215 700,1215 700,1243 355,1243"/>
                <Baseline points="355,1242 392,1241 456,1242 491,1241 531,1242 565,1242 593,1243 701,1245"/>
                <Word id="w_w2aab1b1b2c47b1ab1" language="English" custom="readingOrder {index:0;}">
                    <Coords points="355,1215 392,1215 392,1242 355,1242"/>
                    <TextEquiv>
                        <Unicode>D.</Unicode>
                    </TextEquiv>
                    <TextStyle fontFamily="Times New Roman" fontSize="12.0"/>
                </Word>
                <Word id="w_w2aab1b1b2c47b1ab7" language="English" custom="readingOrder {index:1;}">
                    <Coords points="431,1216 456,1216 456,1242 431,1242"/>
                    <TextEquiv>
                        <Unicode>G</Unicode>
                    </TextEquiv>
                    <TextStyle fontFamily="Times New Roman" fontSize="12.0"/>
                </Word>
                <Word id="w_w2aab1b1b2c47b1ac11" language="English" custom="readingOrder {index:2;}">
                    <Coords points="475,1224 491,1224 491,1241 475,1241"/>
                    <TextEquiv>
                        <Unicode>a</Unicode>
                    </TextEquiv>
                    <TextStyle fontFamily="Times New Roman" fontSize="12.0"/>
                </Word>
                <Word id="w_w2aab1b1b2c47b1ac15" language="English" custom="readingOrder {index:3;}">
                    <Coords points="513,1223 531,1223 531,1242 513,1242"/>
                    <TextEquiv>
                        <Unicode>r</Unicode>
                    </TextEquiv>
                    <TextStyle fontFamily="Times New Roman" fontSize="12.0"/>
                </Word>
                <Word id="w_w2aab1b1b2c47b1b1b3" language="English" custom="readingOrder {index:4;}">
                    <Coords points="551,1224 565,1224 565,1242 551,1242"/>
                    <TextEquiv>
                        <Unicode>c</Unicode>
                    </TextEquiv>
                    <TextStyle fontFamily="Times New Roman" fontSize="12.0"/>
                </Word>
                <Word id="w_w2aab1b1b2c47b1b1b7" language="English" custom="readingOrder {index:5;}">
                    <Coords points="584,1225 593,1225 593,1243 584,1243"/>
                    <TextEquiv>
                        <Unicode>i</Unicode>
                    </TextEquiv>
                    <TextStyle fontFamily="Times New Roman" fontSize="12.0"/>
                </Word>
                <Word id="w_w2aab1b1b2c47b1b1c11" language="English" custom="readingOrder {index:6;}">
                    <Coords points="611,1225 626,1225 626,1242 611,1242"/>
                    <TextEquiv>
                        <Unicode>i</Unicode>
                    </TextEquiv>
                    <TextStyle fontFamily="Times New Roman" fontSize="12.0"/>
                </Word>
                <TextEquiv>
                    <Unicode>D. GARCIE. lit.</Unicode>
                </TextEquiv>
            </TextLine>
            <TextLine id="tl_31" primaryLanguage="English" custom="readingOrder {index:1;}">
                <Coords points="121,1251 632,1251 632,1294 121,1294"/>
                <Baseline points="121,1281 229,1281 341,1280 421,1281 500,1294 632,1286"/>
                <Word id="w_w2aab1b1b2c47b3ab1" language="English" custom="readingOrder {index:0;}">
                    <Coords points="121,1253 229,1253 229,1293 121,1293"/>
                    <TextEquiv>
                        <Unicode>Malgré</Unicode>
                    </TextEquiv>
                    <TextStyle fontFamily="Times New Roman" fontSize="12.0"/>
                </Word>
                <Word id="w_w2aab1b1b2c47b3ac15" language="English" custom="readingOrder {index:1;}">
                    <Coords points="243,1251 341,1251 341,1281 243,1281"/>
                    <TextEquiv>
                        <Unicode>l’effort</Unicode>
                    </TextEquiv>
                    <TextStyle fontFamily="Times New Roman" fontSize="12.0"/>
                </Word>
                <Word id="w_w2aab1b1b2c47b3ac33" language="English" custom="readingOrder {index:2;}">
                    <Coords points="357,1252 421,1252 421,1281 357,1281"/>
                    <TextEquiv>
                        <Unicode>d’un</Unicode>
                    </TextEquiv>
                    <TextStyle fontFamily="Times New Roman" fontSize="12.0"/>
                </Word>
                <Word id="w_w2aab1b1b2c47b3ac43" language="English" custom="readingOrder {index:3;}">
                    <Coords points="436,1254 500,1254 500,1294 436,1294"/>
                    <TextEquiv>
                        <Unicode>long</Unicode>
                    </TextEquiv>
                    <TextStyle fontFamily="Times New Roman" fontSize="12.0"/>
                </Word>
                <Word id="w_w2aab1b1b2c47b3ac53" language="English" custom="readingOrder {index:4;}">
                    <Coords points="517,1254 632,1254 632,1292 517,1292"/>
                    <TextEquiv>
                        <Unicode>mépris,</Unicode>
                    </TextEquiv>
                    <TextStyle fontFamily="Times New Roman" fontSize="12.0"/>
                </Word>
                <TextEquiv>
                    <Unicode>Malgré l’effort d’un long mépris,</Unicode>
                </TextEquiv>
                <TextStyle fontFamily="Times New Roman" fontSize="12.0"/>
            </TextLine>
            <TextEquiv>
                <Unicode>D. GARCIE. lit.
Malgré l’effort d’un long mépris,</Unicode>
            </TextEquiv>
        </TextRegion>
        <TextRegion type="paragraph" id="r_1_25" custom="readingOrder {index:24;}">
            <Coords points="119,1290 910,1290 910,1372 119,1372"/>
            <TextLine id="tl_32" primaryLanguage="English" custom="readingOrder {index:0;}">
                <Coords points="120,1291 913,1291 913,1332 120,1332"/>
                <Baseline points="120,1320 157,1320 262,1320 396,1321 537,1325 581,1321 688,1325 776,1321 912,1324"/>
                <Word id="w_w2aab1b1b2c49b1ab1" language="English" custom="readingOrder {index:0;}">
                    <Coords points="120,1293 157,1293 157,1320 120,1320"/>
                    <TextEquiv>
                        <Unicode>Le</Unicode>
                    </TextEquiv>
                    <TextStyle fontFamily="Times New Roman" fontSize="12.0"/>
                </Word>
                <Word id="w_w2aab1b1b2c49b1ab7" language="English" custom="readingOrder {index:1;}">
                    <Coords points="172,1294 262,1294 262,1331 172,1331"/>
                    <TextEquiv>
                        <Unicode>Tyran</Unicode>
                    </TextEquiv>
                    <TextStyle fontFamily="Times New Roman" fontSize="12.0"/>
                </Word>
                <Word id="w_w2aab1b1b2c49b1ac19" language="English" custom="readingOrder {index:2;}">
                    <Coords points="276,1292 396,1292 396,1329 276,1329"/>
                    <TextEquiv>
                        <Unicode>toujours</Unicode>
                    </TextEquiv>
                    <TextStyle fontFamily="Times New Roman" fontSize="12.0"/>
                </Word>
                <Word id="w_w2aab1b1b2c49b1ac37" language="English" custom="readingOrder {index:3;}">
                    <Coords points="410,1293 537,1293 537,1325 410,1325"/>
                    <TextEquiv>
                        <Unicode>m’aime,</Unicode>
                    </TextEquiv>
                    <TextStyle fontFamily="Times New Roman" fontSize="12.0"/>
                </Word>
                <Word id="w_w2aab1b1b2c49b1ac53" language="English" custom="readingOrder {index:4;}">
                    <Coords points="555,1298 581,1298 581,1322 555,1322"/>
                    <TextEquiv>
                        <Unicode>Le</Unicode>
                    </TextEquiv>
                    <TextStyle fontFamily="Times New Roman" fontSize="12.0"/>
                </Word>
                <Word id="w_w2aab1b1b2c49b1ac59" language="English" custom="readingOrder {index:5;}">
                    <Coords points="596,1293 688,1293 688,1332 596,1332"/>
                    <TextEquiv>
                        <Unicode>depuis</Unicode>
                    </TextEquiv>
                    <TextStyle fontFamily="Times New Roman" fontSize="12.0"/>
                </Word>
                <Word id="w_w2aab1b1b2c49b1ac73" language="English" custom="readingOrder {index:6;}">
                    <Coords points="702,1292 776,1292 776,1321 702,1321"/>
                    <TextEquiv>
                        <Unicode>vôtre</Unicode>
                    </TextEquiv>
                    <TextStyle fontFamily="Times New Roman" fontSize="12.0"/>
                </Word>
                <Word id="w_w2aab1b1b2c49b1ac85" language="English" custom="readingOrder {index:7;}">
                    <Coords points="791,1291 898,1291 898,1324 791,1324"/>
                    <TextEquiv>
                        <Unicode>absence</Unicode>
                    </TextEquiv>
                    <TextStyle fontFamily="Times New Roman" fontSize="12.0"/>
                </Word>
                <TextEquiv>
                    <Unicode>Le Tyran toûjours m’aime, &amp; depuis vôtre abſence,</Unicode>
                </TextEquiv>
                <TextStyle fontFamily="Times New Roman" fontSize="12.0"/>
            </TextLine>
            <TextLine id="tl_33" primaryLanguage="English" custom="readingOrder {index:1;}">
                <Coords points="122,1328 861,1328 861,1371 122,1371"/>
                <Baseline points="122,1358 189,1360 260,1360 340,1358 399,1360 500,1358 547,1360 660,1360 740,1360 770,1360 861,1363"/>
                <Word id="w_w2aab1b1b2c49b3ab1" language="English" custom="readingOrder {index:0;}">
                    <Coords points="122,1333 189,1333 189,1360 122,1360"/>
                    <TextEquiv>
                        <Unicode>Vers</Unicode>
                    </TextEquiv>
                    <TextStyle fontFamily="Times New Roman" fontSize="12.0"/>
                </Word>
                <Word id="w_w2aab1b1b2c49b3ac11" language="English" custom="readingOrder {index:1;}">
                    <Coords points="203,1333 260,1333 260,1360 203,1360"/>
                    <TextEquiv>
                        <Unicode>moi</Unicode>
                    </TextEquiv>
                    <TextStyle fontFamily="Times New Roman" fontSize="12.0"/>
                </Word>
                <Word id="w_w2aab1b1b2c49b3ac19" language="English" custom="readingOrder {index:2;}">
                    <Coords points="274,1341 340,1341 340,1370 274,1370"/>
                    <TextEquiv>
                        <Unicode>pour</Unicode>
                    </TextEquiv>
                    <TextStyle fontFamily="Times New Roman" fontSize="12.0"/>
                </Word>
                <Word id="w_w2aab1b1b2c49b3ac29" language="English" custom="readingOrder {index:3;}">
                    <Coords points="356,1341 399,1341 399,1360 356,1360"/>
                    <TextEquiv>
                        <Unicode>me</Unicode>
                    </TextEquiv>
                    <TextStyle fontFamily="Times New Roman" fontSize="12.0"/>
                </Word>
                <Word id="w_w2aab1b1b2c49b3ac35" language="English" custom="readingOrder {index:4;}">
                    <Coords points="414,1341 500,1341 500,1370 414,1370"/>
                    <TextEquiv>
                        <Unicode>porter</Unicode>
                    </TextEquiv>
                    <TextStyle fontFamily="Times New Roman" fontSize="12.0"/>
                </Word>
                <Word id="w_w2aab1b1b2c49b3ac49" language="English" custom="readingOrder {index:5;}">
                    <Coords points="514,1342 547,1342 547,1360 514,1360"/>
                    <TextEquiv>
                        <Unicode>au</Unicode>
                    </TextEquiv>
                    <TextStyle fontFamily="Times New Roman" fontSize="12.0"/>
                </Word>
                <Word id="w_w2aab1b1b2c49b3ac55" language="English" custom="readingOrder {index:6;}">
                    <Coords points="563,1331 660,1331 660,1360 563,1360"/>
                    <TextEquiv>
                        <Unicode>deflcin</Unicode>
                    </TextEquiv>
                    <TextStyle fontFamily="Times New Roman" fontSize="12.0"/>
                </Word>
                <Word id="w_w2aab1b1b2c49b3ac71" language="English" custom="readingOrder {index:7;}">
                    <Coords points="674,1328 740,1328 740,1370 674,1370"/>
                    <TextEquiv>
                        <Unicode>qu’il</Unicode>
                    </TextEquiv>
                    <TextStyle fontFamily="Times New Roman" fontSize="12.0"/>
                </Word>
                <Word id="w_w2aab1b1b2c49b3ac83" language="English" custom="readingOrder {index:8;}">
                    <Coords points="755,1342 770,1342 770,1360 755,1360"/>
                    <TextEquiv>
                        <Unicode>a</Unicode>
                    </TextEquiv>
                    <TextStyle fontFamily="Times New Roman" fontSize="12.0"/>
                </Word>
                <Word id="w_w2aab1b1b2c49b3ac87" language="English" custom="readingOrder {index:9;}">
                    <Coords points="785,1333 861,1333 861,1371 785,1371"/>
                    <TextEquiv>
                        <Unicode>pria,,</Unicode>
                    </TextEquiv>
                    <TextStyle fontFamily="Times New Roman" fontSize="12.0"/>
                </Word>
                <TextEquiv>
                    <Unicode>Vers moi pour me porter au deſtin qu’il a pris,</Unicode>
                </TextEquiv>
                <TextStyle fontFamily="Times New Roman" fontSize="12.0"/>
            </TextLine>
            <TextEquiv>
                <Unicode>Le Tyran toûjours m’aime, &amp; depuis vôtre abſence,
Vers moi pour me porter au deſtin qu’il a pris,</Unicode>
            </TextEquiv>
        </TextRegion>
        <TextRegion type="paragraph" id="r_1_26" custom="readingOrder {index:25;}">
            <Coords points="121,1369 732,1369 732,1405 121,1405"/>
            <TextLine id="tl_34" primaryLanguage="English" custom="readingOrder {index:0;}">
                <Coords points="122,1370 731,1370 731,1404 122,1404"/>
                <Baseline points="122,1398 145,1398 259,1399 350,1399 457,1399 543,1399 585,1401 712,1400 731,1404"/>
                <Word id="w_w2aab1b1b2c51b1ab1" language="English" custom="readingOrder {index:0;}">
                    <Coords points="122,1370 145,1370 145,1398 122,1398"/>
                    <TextEquiv>
                        <Unicode>Il</Unicode>
                    </TextEquiv>
                    <TextStyle fontFamily="Times New Roman" fontSize="12.0"/>
                </Word>
                <Word id="w_w2aab1b1b2c51b1ab7" language="English" custom="readingOrder {index:1;}">
                    <Coords points="161,1370 259,1370 259,1399 161,1399"/>
                    <TextEquiv>
                        <Unicode>semble</Unicode>
                    </TextEquiv>
                    <TextStyle fontFamily="Times New Roman" fontSize="12.0"/>
                </Word>
                <Word id="w_w2aab1b1b2c51b1ac21" language="English" custom="readingOrder {index:2;}">
                    <Coords points="276,1371 350,1371 350,1399 276,1399"/>
                    <TextEquiv>
                        <Unicode>avoir</Unicode>
                    </TextEquiv>
                    <TextStyle fontFamily="Times New Roman" fontSize="12.0"/>
                </Word>
                <Word id="w_w2aab1b1b2c51b1ac33" language="English" custom="readingOrder {index:3;}">
                    <Coords points="364,1372 457,1372 457,1399 364,1399"/>
                    <TextEquiv>
                        <Unicode>tourné</Unicode>
                    </TextEquiv>
                    <TextStyle fontFamily="Times New Roman" fontSize="12.0"/>
                </Word>
                <Word id="w_w2aab1b1b2c51b1ac47" language="English" custom="readingOrder {index:4;}">
                    <Coords points="472,1380 543,1380 543,1400 472,1400"/>
                    <TextEquiv>
                        <Unicode>toute</Unicode>
                    </TextEquiv>
                    <TextStyle fontFamily="Times New Roman" fontSize="12.0"/>
                </Word>
                <Word id="w_w2aab1b1b2c51b1ac59" language="English" custom="readingOrder {index:5;}">
                    <Coords points="557,1371 585,1371 585,1401 557,1401"/>
                    <TextEquiv>
                        <Unicode>là</Unicode>
                    </TextEquiv>
                    <TextStyle fontFamily="Times New Roman" fontSize="12.0"/>
                </Word>
                <Word id="w_w2aab1b1b2c51b1ac65" language="English" custom="readingOrder {index:6;}">
                    <Coords points="597,1372 712,1372 712,1400 597,1400"/>
                    <TextEquiv>
                        <Unicode>violence</Unicode>
                    </TextEquiv>
                    <TextStyle fontFamily="Times New Roman" fontSize="12.0"/>
                </Word>
                <Word id="w_w2aab1b1b2c51b1ac83" language="English" custom="readingOrder {index:7;}">
                    <Coords points="721,1390 731,1390 731,1404 721,1404"/>
                    <TextEquiv>
                        <Unicode>»</Unicode>
                    </TextEquiv>
                    <TextStyle fontFamily="Times New Roman" fontSize="12.0"/>
                </Word>
                <TextEquiv>
                    <Unicode>Il ſemble avoir tourné toute ſa violence,</Unicode>
                </TextEquiv>
                <TextStyle fontFamily="Times New Roman" fontSize="12.0"/>
            </TextLine>
            <TextEquiv>
                <Unicode>Il ſemble avoir tourné toute ſa violence,</Unicode>
            </TextEquiv>
        </TextRegion>
        <TextRegion type="paragraph" id="r_1_27" custom="readingOrder {index:26;}">
            <Coords points="122,1407 508,1407 508,1479 122,1479"/>
            <TextLine id="tl_35" primaryLanguage="English" custom="readingOrder {index:0;}">
                <Coords points="123,1408 507,1408 507,1447 123,1447"/>
                <Baseline points="123,1437 200,1437 232,1437 364,1438 507,1438"/>
                <Word id="w_w2aab1b1b2c53b1ab1" language="English" custom="readingOrder {index:0;}">
                    <Coords points="123,1411 200,1411 200,1437 123,1437"/>
                    <TextEquiv>
                        <Unicode>Dont</Unicode>
                    </TextEquiv>
                    <TextStyle fontFamily="Times New Roman" fontSize="12.0"/>
                </Word>
                <Word id="w_w2aab1b1b2c53b1ac11" language="English" custom="readingOrder {index:1;}">
                    <Coords points="214,1409 232,1409 232,1437 214,1437"/>
                    <TextEquiv>
                        <Unicode>il</Unicode>
                    </TextEquiv>
                    <TextStyle fontFamily="Times New Roman" fontSize="12.0"/>
                </Word>
                <Word id="w_w2aab1b1b2c53b1ac17" language="English" custom="readingOrder {index:2;}">
                    <Coords points="247,1408 364,1408 364,1447 247,1447"/>
                    <TextEquiv>
                        <Unicode>poursuit</Unicode>
                    </TextEquiv>
                    <TextStyle fontFamily="Times New Roman" fontSize="12.0"/>
                </Word>
                <Word id="w_w2aab1b1b2c53b1ac35" language="English" custom="readingOrder {index:3;}">
                    <Coords points="378,1410 507,1410 507,1439 378,1439"/>
                    <TextEquiv>
                        <Unicode>l’alliance</Unicode>
                    </TextEquiv>
                    <TextStyle fontFamily="Times New Roman" fontSize="12.0"/>
                </Word>
                <TextEquiv>
                    <Unicode>Dont il pourſuit l’alliance</Unicode>
                </TextEquiv>
                <TextStyle fontFamily="Times New Roman" fontSize="12.0"/>
            </TextLine>
            <TextLine id="tl_36" primaryLanguage="English" custom="readingOrder {index:1;}">
                <Coords points="124,1448 473,1448 473,1478 124,1478"/>
                <Baseline points="124,1476 167,1476 246,1477 287,1477 336,1476 398,1477 473,1476"/>
                <Word id="w_w2aab1b1b2c53b3ab1" language="English" custom="readingOrder {index:0;}">
                    <Coords points="124,1450 167,1450 167,1476 124,1476"/>
                    <TextEquiv>
                        <Unicode>De</Unicode>
                    </TextEquiv>
                    <TextStyle fontFamily="Times New Roman" fontSize="12.0"/>
                </Word>
                <Word id="w_w2aab1b1b2c53b3ab7" language="English" custom="readingOrder {index:1;}">
                    <Coords points="180,1458 246,1458 246,1477 180,1477"/>
                    <TextEquiv>
                        <Unicode>vous</Unicode>
                    </TextEquiv>
                    <TextStyle fontFamily="Times New Roman" fontSize="12.0"/>
                </Word>
                <Word id="w_w2aab1b1b2c53b3ac17" language="English" custom="readingOrder {index:2;}">
                    <Coords points="261,1452 287,1452 287,1477 261,1477"/>
                    <TextEquiv>
                        <Unicode>&amp;</Unicode>
                    </TextEquiv>
                    <TextStyle fontFamily="Times New Roman" fontSize="12.0"/>
                </Word>
                <Word id="w_w2aab1b1b2c53b3ac21" language="English" custom="readingOrder {index:3;}">
                    <Coords points="304,1448 336,1448 336,1476 304,1476"/>
                    <TextEquiv>
                        <Unicode>de</Unicode>
                    </TextEquiv>
                    <TextStyle fontFamily="Times New Roman" fontSize="12.0"/>
                </Word>
                <Word id="w_w2aab1b1b2c53b3ac27" language="English" custom="readingOrder {index:4;}">
                    <Coords points="352,1449 398,1449 398,1477 352,1477"/>
                    <TextEquiv>
                        <Unicode>son</Unicode>
                    </TextEquiv>
                    <TextStyle fontFamily="Times New Roman" fontSize="12.0"/>
                </Word>
                <Word id="w_w2aab1b1b2c53b3ac35" language="English" custom="readingOrder {index:5;}">
                    <Coords points="411,1450 473,1450 473,1478 411,1478"/>
                    <TextEquiv>
                        <Unicode>Fils.</Unicode>
                    </TextEquiv>
                    <TextStyle fontFamily="Times New Roman" fontSize="12.0"/>
                </Word>
                <TextEquiv>
                    <Unicode>De vous &amp; de ſon Fils.</Unicode>
                </TextEquiv>
                <TextStyle fontFamily="Times New Roman" fontSize="12.0"/>
            </TextLine>
            <TextEquiv>
                <Unicode>Dont il pourſuit l’alliance
De vous &amp; de ſon Fils.</Unicode>
            </TextEquiv>
        </TextRegion>
        <TextRegion type="paragraph" id="r_1_28" custom="readingOrder {index:27;}">
            <Coords points="123,1485 719,1485 719,1531 123,1531"/>
            <TextLine id="tl_37" primaryLanguage="English" custom="readingOrder {index:0;}">
                <Coords points="124,1486 718,1486 718,1530 124,1530"/>
                <Baseline points="124,1516 200,1515 259,1515 315,1515 390,1516 516,1517 601,1517 718,1517"/>
                <Word id="w_w2aab1b1b2c55b1ab1" language="English" custom="readingOrder {index:0;}">
                    <Coords points="124,1489 200,1489 200,1516 124,1516"/>
                    <TextEquiv>
                        <Unicode>Ceux</Unicode>
                    </TextEquiv>
                    <TextStyle fontFamily="Times New Roman" fontSize="12.0"/>
                </Word>
                <Word id="w_w2aab1b1b2c55b1ac11" language="English" custom="readingOrder {index:1;}">
                    <Coords points="214,1489 259,1489 259,1525 214,1525"/>
                    <TextEquiv>
                        <Unicode>qui</Unicode>
                    </TextEquiv>
                    <TextStyle fontFamily="Times New Roman" fontSize="12.0"/>
                </Word>
                <Word id="w_w2aab1b1b2c55b1ac19" language="English" custom="readingOrder {index:2;}">
                    <Coords points="275,1486 315,1486 315,1516 275,1516"/>
                    <TextEquiv>
                        <Unicode>fur</Unicode>
                    </TextEquiv>
                    <TextStyle fontFamily="Times New Roman" fontSize="12.0"/>
                </Word>
                <Word id="w_w2aab1b1b2c55b1ac27" language="English" custom="readingOrder {index:3;}">
                    <Coords points="333,1489 390,1489 390,1516 333,1516"/>
                    <TextEquiv>
                        <Unicode>moi</Unicode>
                    </TextEquiv>
                    <TextStyle fontFamily="Times New Roman" fontSize="12.0"/>
                </Word>
                <Word id="w_w2aab1b1b2c55b1ac35" language="English" custom="readingOrder {index:4;}">
                    <Coords points="401,1497 516,1497 516,1530 401,1530"/>
                    <TextEquiv>
                        <Unicode>peuvent</Unicode>
                    </TextEquiv>
                    <TextStyle fontFamily="Times New Roman" fontSize="12.0"/>
                </Word>
                <Word id="w_w2aab1b1b2c55b1ac51" language="English" custom="readingOrder {index:5;}">
                    <Coords points="530,1489 601,1489 601,1517 530,1517"/>
                    <TextEquiv>
                        <Unicode>avoir</Unicode>
                    </TextEquiv>
                    <TextStyle fontFamily="Times New Roman" fontSize="12.0"/>
                </Word>
                <Word id="w_w2aab1b1b2c55b1ac63" language="English" custom="readingOrder {index:6;}">
                    <Coords points="617,1490 718,1490 718,1528 617,1528"/>
                    <TextEquiv>
                        <Unicode>empire</Unicode>
                    </TextEquiv>
                    <TextStyle fontFamily="Times New Roman" fontSize="12.0"/>
                </Word>
                <TextEquiv>
                    <Unicode>Ceux qui ſur moi peuvent avoir empire</Unicode>
                </TextEquiv>
                <TextStyle fontFamily="Times New Roman" fontSize="12.0"/>
            </TextLine>
            <TextEquiv>
                <Unicode>Ceux qui ſur moi peuvent avoir empire</Unicode>
            </TextEquiv>
        </TextRegion>
        <TextRegion type="paragraph" id="r_1_29" custom="readingOrder {index:28;}">
            <Coords points="124,1524 863,1524 863,1570 124,1570"/>
            <TextLine id="tl_38" primaryLanguage="English" custom="readingOrder {index:0;}">
                <Coords points="125,1525 862,1525 862,1569 125,1569"/>
                <Baseline points="125,1554 174,1553 213,1553 312,1555 418,1556 514,1556 592,1556 728,1557 838,1558 862,1563"/>
                <Word id="w_w2aab1b1b2c57b1ab1" language="English" custom="readingOrder {index:0;}">
                    <Coords points="125,1528 174,1528 174,1554 125,1554"/>
                    <TextEquiv>
                        <Unicode>Par</Unicode>
                    </TextEquiv>
                    <TextStyle fontFamily="Times New Roman" fontSize="12.0"/>
                </Word>
                <Word id="w_w2aab1b1b2c57b1ab9" language="English" custom="readingOrder {index:1;}">
                    <Coords points="181,1527 213,1527 213,1554 181,1554"/>
                    <TextEquiv>
                        <Unicode>de</Unicode>
                    </TextEquiv>
                    <TextStyle fontFamily="Times New Roman" fontSize="12.0"/>
                </Word>
                <Word id="w_w2aab1b1b2c57b1ac15" language="English" custom="readingOrder {index:2;}">
                    <Coords points="226,1525 312,1525 312,1555 226,1555"/>
                    <TextEquiv>
                        <Unicode>lâches</Unicode>
                    </TextEquiv>
                    <TextStyle fontFamily="Times New Roman" fontSize="12.0"/>
                </Word>
                <Word id="w_w2aab1b1b2c57b1ac29" language="English" custom="readingOrder {index:3;}">
                    <Coords points="325,1527 418,1527 418,1556 325,1556"/>
                    <TextEquiv>
                        <Unicode>motifs</Unicode>
                    </TextEquiv>
                    <TextStyle fontFamily="Times New Roman" fontSize="12.0"/>
                </Word>
                <Word id="w_w2aab1b1b2c57b1ac43" language="English" custom="readingOrder {index:4;}">
                    <Coords points="432,1529 514,1529 514,1566 432,1566"/>
                    <TextEquiv>
                        <Unicode>qu’un</Unicode>
                    </TextEquiv>
                    <TextStyle fontFamily="Times New Roman" fontSize="12.0"/>
                </Word>
                <Word id="w_w2aab1b1b2c57b1ac55" language="English" custom="readingOrder {index:5;}">
                    <Coords points="531,1527 592,1527 592,1556 531,1556"/>
                    <TextEquiv>
                        <Unicode>faux</Unicode>
                    </TextEquiv>
                    <TextStyle fontFamily="Times New Roman" fontSize="12.0"/>
                </Word>
                <Word id="w_w2aab1b1b2c57b1ac65" language="English" custom="readingOrder {index:6;}">
                    <Coords points="608,1527 728,1527 728,1557 608,1557"/>
                    <TextEquiv>
                        <Unicode>honneur</Unicode>
                    </TextEquiv>
                    <TextStyle fontFamily="Times New Roman" fontSize="12.0"/>
                </Word>
                <Word id="w_w2aab1b1b2c57b1ac81" language="English" custom="readingOrder {index:7;}">
                    <Coords points="744,1528 838,1528 838,1569 744,1569"/>
                    <TextEquiv>
                        <Unicode>infpire</Unicode>
                    </TextEquiv>
                    <TextStyle fontFamily="Times New Roman" fontSize="12.0"/>
                </Word>
                <Word id="w_w2aab1b1b2c57b1ac97" language="English" custom="readingOrder {index:8;}">
                    <Coords points="846,1547 862,1547 862,1563 846,1563"/>
                    <TextEquiv>
                        <Unicode>^</Unicode>
                    </TextEquiv>
                    <TextStyle fontFamily="Times New Roman" fontSize="12.0"/>
                </Word>
                <TextEquiv>
                    <Unicode>Par de lâches motifs qu’un faux honneur inſpire,</Unicode>
                </TextEquiv>
                <TextStyle fontFamily="Times New Roman" fontSize="12.0"/>
            </TextLine>
            <TextEquiv>
                <Unicode>Par de lâches motifs qu’un faux honneur inſpire,</Unicode>
            </TextEquiv>
        </TextRegion>
        <TextRegion type="paragraph" id="r_1_30" custom="readingOrder {index:29;}">
            <Coords points="126,1565 624,1565 624,1608 126,1608"/>
            <TextLine id="tl_39" primaryLanguage="English" custom="readingOrder {index:0;}">
                <Coords points="127,1566 623,1566 623,1607 127,1607"/>
                <Baseline points="127,1592 294,1593 367,1594 419,1594 542,1595 623,1598"/>
                <Word id="w_w2aab1b1b2c59b1ab1" language="English" custom="readingOrder {index:0;}">
                    <Coords points="127,1568 294,1568 294,1600 127,1600"/>
                    <TextEquiv>
                        <Unicode>Approuvent</Unicode>
                    </TextEquiv>
                    <TextStyle fontFamily="Times New Roman" fontSize="12.0"/>
                </Word>
                <Word id="w_w2aab1b1b2c59b1ac23" language="English" custom="readingOrder {index:1;}">
                    <Coords points="308,1575 367,1575 367,1594 308,1594"/>
                    <TextEquiv>
                        <Unicode>tous</Unicode>
                    </TextEquiv>
                    <TextStyle fontFamily="Times New Roman" fontSize="12.0"/>
                </Word>
                <Word id="w_w2aab1b1b2c59b1ac33" language="English" custom="readingOrder {index:2;}">
                    <Coords points="379,1575 419,1575 419,1595 379,1595"/>
                    <TextEquiv>
                        <Unicode>cet</Unicode>
                    </TextEquiv>
                    <TextStyle fontFamily="Times New Roman" fontSize="12.0"/>
                </Word>
                <Word id="w_w2aab1b1b2c59b1ac41" language="English" custom="readingOrder {index:3;}">
                    <Coords points="434,1566 542,1566 542,1607 434,1607"/>
                    <TextEquiv>
                        <Unicode>indigne</Unicode>
                    </TextEquiv>
                    <TextStyle fontFamily="Times New Roman" fontSize="12.0"/>
                </Word>
                <Word id="w_w2aab1b1b2c59b1ac57" language="English" custom="readingOrder {index:4;}">
                    <Coords points="554,1568 623,1568 623,1598 554,1598"/>
                    <TextEquiv>
                        <Unicode>lien;</Unicode>
                    </TextEquiv>
                    <TextStyle fontFamily="Times New Roman" fontSize="12.0"/>
                </Word>
                <TextEquiv>
                    <Unicode>Approuvent tous cet indigne lien;</Unicode>
                </TextEquiv>
                <TextStyle fontFamily="Times New Roman" fontSize="12.0"/>
            </TextLine>
            <TextEquiv>
                <Unicode>Approuvent tous cet indigne lien;</Unicode>
            </TextEquiv>
        </TextRegion>
        <TextRegion type="paragraph" id="r_1_31" custom="readingOrder {index:30;}">
            <Coords points="124,1603 769,1603 769,1651 124,1651"/>
            <TextLine id="tl_40" primaryLanguage="English" custom="readingOrder {index:0;}">
                <Coords points="125,1604 768,1604 768,1650 125,1650"/>
                <Baseline points="125,1639 244,1630 336,1633 396,1633 444,1635 536,1636 617,1637 768,1637"/>
                <Word id="w_w2aab1b1b2c61b1ab1" language="English" custom="readingOrder {index:0;}">
                    <Coords points="125,1604 244,1604 244,1642 125,1642"/>
                    <TextEquiv>
                        <Unicode>)'ignore</Unicode>
                    </TextEquiv>
                    <TextStyle fontFamily="Times New Roman" fontSize="12.0"/>
                </Word>
                <Word id="w_w2aab1b1b2c61b1ac19" language="English" custom="readingOrder {index:1;}">
                    <Coords points="259,1612 336,1612 336,1633 259,1633"/>
                    <TextEquiv>
                        <Unicode>encor</Unicode>
                    </TextEquiv>
                    <TextStyle fontFamily="Times New Roman" fontSize="12.0"/>
                </Word>
                <Word id="w_w2aab1b1b2c61b1ac31" language="English" custom="readingOrder {index:2;}">
                    <Coords points="350,1615 396,1615 396,1644 350,1644"/>
                    <TextEquiv>
                        <Unicode>par</Unicode>
                    </TextEquiv>
                    <TextStyle fontFamily="Times New Roman" fontSize="12.0"/>
                </Word>
                <Word id="w_w2aab1b1b2c61b1ac39" language="English" custom="readingOrder {index:3;}">
                    <Coords points="408,1606 444,1606 444,1635 408,1635"/>
                    <TextEquiv>
                        <Unicode>où</Unicode>
                    </TextEquiv>
                    <TextStyle fontFamily="Times New Roman" fontSize="12.0"/>
                </Word>
                <Word id="w_w2aab1b1b2c61b1ac45" language="English" custom="readingOrder {index:4;}">
                    <Coords points="460,1605 536,1605 536,1636 460,1636"/>
                    <TextEquiv>
                        <Unicode>finira</Unicode>
                    </TextEquiv>
                    <TextStyle fontFamily="Times New Roman" fontSize="12.0"/>
                </Word>
                <Word id="w_w2aab1b1b2c61b1ac59" language="English" custom="readingOrder {index:5;}">
                    <Coords points="550,1616 617,1616 617,1637 550,1637"/>
                    <TextEquiv>
                        <Unicode>mon</Unicode>
                    </TextEquiv>
                    <TextStyle fontFamily="Times New Roman" fontSize="12.0"/>
                </Word>
                <Word id="w_w2aab1b1b2c61b1ac67" language="English" custom="readingOrder {index:6;}">
                    <Coords points="633,1615 768,1615 768,1650 633,1650"/>
                    <TextEquiv>
                        <Unicode>martyre;.</Unicode>
                    </TextEquiv>
                    <TextStyle fontFamily="Times New Roman" fontSize="12.0"/>
                </Word>
                <TextEquiv>
                    <Unicode>J'ignore encor par où finira mon martyre:</Unicode>
                </TextEquiv>
                <TextStyle fontFamily="Times New Roman" fontSize="12.0"/>
            </TextLine>
            <TextEquiv>
                <Unicode>J'ignore encor par où finira mon martyre:</Unicode>
            </TextEquiv>
        </TextRegion>
        <SeparatorRegion id="r_2" custom="readingOrder {index:31;}">
            <Coords points="0,0 9,0 9,214 0,214"/>
        </SeparatorRegion>
    </Page>
</PcGts>
