<?xml version="1.0" encoding="UTF-8" standalone="yes"?>
<PcGts xmlns="http://schema.primaresearch.org/PAGE/gts/pagecontent/2013-07-15" xmlns:xsi="http://www.w3.org/2001/XMLSchema-instance" xsi:schemaLocation="http://schema.primaresearch.org/PAGE/gts/pagecontent/2013-07-15 http://schema.primaresearch.org/PAGE/gts/pagecontent/2013-07-15/pagecontent.xsd">
    <Metadata>
        <Creator></Creator>
        <Created>2019-04-01T20:36:44.651+02:00</Created>
        <LastChange>2019-07-27T16:20:39.645+02:00</LastChange>
        <Comments>
                Measurement unit: pixel
                PrimaryLanguage: English
                Language: FrenchStandard
                Producer: ABBYY FineReader Engine 11</Comments>
        <TranskribusMetadata docId="146122" pageId="5420164" pageNr="21" tsid="13156709" status="DONE" userId="10612" imgUrl="https://files.transkribus.eu/Get?id=PGQZLOVUXNPTMPWTNJGRWAJH&amp;fileType=view" xmlUrl="https://files.transkribus.eu/Get?id=QJUHHTTHFNJCMFCWPISJOXVH" imageId="2828211"/>
    </Metadata>
    <Page imageFilename="Moliere1694_DomGarcie_corrected_0021.png" imageWidth="1000" imageHeight="1750">
        <PrintSpace>
            <Coords points="0,35 992,35 992,1635 0,1635"/>
        </PrintSpace>
        <ReadingOrder>
            <OrderedGroup id="ro_1604177622606" caption="Regions reading order">
                <RegionRefIndexed index="0" regionRef="r_1_1"/>
                <RegionRefIndexed index="1" regionRef="r_1_2"/>
                <RegionRefIndexed index="2" regionRef="r_1_3"/>
                <RegionRefIndexed index="3" regionRef="r_1_4"/>
                <RegionRefIndexed index="4" regionRef="r_1_5"/>
                <RegionRefIndexed index="5" regionRef="r_1_6"/>
                <RegionRefIndexed index="6" regionRef="r_1_7"/>
                <RegionRefIndexed index="7" regionRef="r_1_8"/>
                <RegionRefIndexed index="8" regionRef="r_1_9"/>
                <RegionRefIndexed index="9" regionRef="r_1_10"/>
                <RegionRefIndexed index="10" regionRef="r_1_11"/>
                <RegionRefIndexed index="11" regionRef="r_1_12"/>
                <RegionRefIndexed index="12" regionRef="r_1_13"/>
                <RegionRefIndexed index="13" regionRef="r_1_14"/>
                <RegionRefIndexed index="14" regionRef="r_1_15"/>
                <RegionRefIndexed index="15" regionRef="r_1_16"/>
                <RegionRefIndexed index="16" regionRef="r_1_17"/>
                <RegionRefIndexed index="17" regionRef="r_1_18"/>
                <RegionRefIndexed index="18" regionRef="r_1_19"/>
                <RegionRefIndexed index="19" regionRef="r_1_20"/>
                <RegionRefIndexed index="20" regionRef="r_1_21"/>
                <RegionRefIndexed index="21" regionRef="r_1_22"/>
                <RegionRefIndexed index="22" regionRef="r_1_23"/>
                <RegionRefIndexed index="23" regionRef="r_1_24"/>
                <RegionRefIndexed index="24" regionRef="r_1_25"/>
                <RegionRefIndexed index="25" regionRef="r_1_26"/>
                <RegionRefIndexed index="26" regionRef="r_1_27"/>
                <RegionRefIndexed index="27" regionRef="r_1_28"/>
                <RegionRefIndexed index="28" regionRef="r_1_29"/>
                <RegionRefIndexed index="29" regionRef="r_1_30"/>
                <RegionRefIndexed index="30" regionRef="r_1_31"/>
                <RegionRefIndexed index="31" regionRef="r_2_1"/>
            </OrderedGroup>
        </ReadingOrder>
        <TextRegion type="paragraph" id="r_1_1" custom="readingOrder {index:0;}">
            <Coords points="98,40 786,40 786,81 98,81"/>
            <TextLine id="tl_1" primaryLanguage="English" custom="readingOrder {index:0;}">
                <Coords points="99,41 785,41 785,80 99,80"/>
                <Baseline points="99,79 144,78 396,78 785,78"/>
                <Word id="w_w2aab1b1b2b1b1ab1" language="English" custom="readingOrder {index:0;}">
                    <Coords points="99,53 144,53 144,79 99,79"/>
                    <TextEquiv>
                        <Unicode>rr</Unicode>
                    </TextEquiv>
                    <TextStyle fontFamily="Times New Roman" fontSize="13.0" bold="true"/>
                </Word>
                <Word id="w_w2aab1b1b2b1b1ab7" language="English" custom="readingOrder {index:1;}">
                    <Coords points="220,42 396,42 396,80 220,80"/>
                    <TextEquiv>
                        <Unicode>DOM</Unicode>
                    </TextEquiv>
                    <TextStyle fontFamily="Times New Roman" fontSize="13.0" bold="true"/>
                </Word>
                <Word id="w_w2aab1b1b2b1b1ac15" language="English" custom="readingOrder {index:2;}">
                    <Coords points="448,41 785,41 785,79 448,79"/>
                    <TextEquiv>
                        <Unicode>GARCIE</Unicode>
                    </TextEquiv>
                    <TextStyle fontFamily="Times New Roman" fontSize="13.0" bold="true"/>
                </Word>
                <TextEquiv>
                    <Unicode>22 DOM GARCIE</Unicode>
                </TextEquiv>
                <TextStyle fontFamily="Times New Roman" fontSize="13.0" bold="true"/>
            </TextLine>
            <TextEquiv>
                <Unicode>22 DOM GARCIE</Unicode>
            </TextEquiv>
        </TextRegion>
        <TextRegion type="paragraph" id="r_1_2" custom="readingOrder {index:1;}">
            <Coords points="97,90 795,90 795,212 97,212"/>
            <TextLine id="tl_2" primaryLanguage="English" custom="readingOrder {index:0;}">
                <Coords points="98,91 794,91 794,131 98,131"/>
                <Baseline points="98,120 148,120 271,121 336,119 394,120 466,120 498,119 610,122 776,120 794,128"/>
                <Word id="w_w2aab1b1b2b3b1ab1" language="English" custom="readingOrder {index:0;}">
                    <Coords points="98,93 148,93 148,120 98,120"/>
                    <TextEquiv>
                        <Unicode>Les</Unicode>
                    </TextEquiv>
                    <TextStyle fontFamily="Times New Roman" fontSize="8.5"/>
                </Word>
                <Word id="w_w2aab1b1b2b3b1ab9" language="English" custom="readingOrder {index:1;}">
                    <Coords points="165,91 271,91 271,121 165,121"/>
                    <TextEquiv>
                        <Unicode>foudres</Unicode>
                    </TextEquiv>
                    <TextStyle fontFamily="Times New Roman" fontSize="8.5"/>
                </Word>
                <Word id="w_w2aab1b1b2b3b1ac25" language="English" custom="readingOrder {index:2;}">
                    <Coords points="285,102 336,102 336,130 285,130"/>
                    <TextEquiv>
                        <Unicode>que</Unicode>
                    </TextEquiv>
                    <TextStyle fontFamily="Times New Roman" fontSize="8.5"/>
                </Word>
                <Word id="w_w2aab1b1b2b3b1ac33" language="English" custom="readingOrder {index:3;}">
                    <Coords points="349,101 394,101 394,131 349,131"/>
                    <TextEquiv>
                        <Unicode>par</Unicode>
                    </TextEquiv>
                    <TextStyle fontFamily="Times New Roman" fontSize="8.5"/>
                </Word>
                <Word id="w_w2aab1b1b2b3b1ac41" language="English" custom="readingOrder {index:4;}">
                    <Coords points="409,100 466,100 466,121 409,121"/>
                    <TextEquiv>
                        <Unicode>tout</Unicode>
                    </TextEquiv>
                    <TextStyle fontFamily="Times New Roman" fontSize="8.5"/>
                </Word>
                <Word id="w_w2aab1b1b2b3b1ac51" language="English" custom="readingOrder {index:5;}">
                    <Coords points="482,91 498,91 498,120 482,120"/>
                    <TextEquiv>
                        <Unicode>il</Unicode>
                    </TextEquiv>
                    <TextStyle fontFamily="Times New Roman" fontSize="8.5"/>
                </Word>
                <Word id="w_w2aab1b1b2b3b1ac57" language="English" custom="readingOrder {index:6;}">
                    <Coords points="514,91 610,91 610,122 514,122"/>
                    <TextEquiv>
                        <Unicode>entend</Unicode>
                    </TextEquiv>
                    <TextStyle fontFamily="Times New Roman" fontSize="8.5"/>
                </Word>
                <Word id="w_w2aab1b1b2b3b1ac71" language="English" custom="readingOrder {index:7;}">
                    <Coords points="625,101 776,101 776,121 625,121"/>
                    <TextEquiv>
                        <Unicode>murmurer</Unicode>
                    </TextEquiv>
                    <TextStyle fontFamily="Times New Roman" fontSize="8.5"/>
                </Word>
                <Word id="w_w2aab1b1b2b3b1ac89" language="English" custom="readingOrder {index:8;}">
                    <Coords points="784,104 794,104 794,128 784,128"/>
                    <TextEquiv>
                        <Unicode>j</Unicode>
                    </TextEquiv>
                    <TextStyle fontFamily="Times New Roman" fontSize="8.5"/>
                </Word>
                <TextEquiv>
                    <Unicode>Les foudres que par tout il entend murmurer;</Unicode>
                </TextEquiv>
                <TextStyle fontFamily="Times New Roman" fontSize="8.5"/>
            </TextLine>
            <TextLine id="tl_3" primaryLanguage="English" custom="readingOrder {index:1;}">
                <Coords points="100,130 694,130 694,172 100,172"/>
                <Baseline points="100,159 134,159 210,159 271,159 359,159 425,159 461,159 568,159 694,159"/>
                <Word id="w_w2aab1b1b2b3b3ab1" language="English" custom="readingOrder {index:0;}">
                    <Coords points="100,132 134,132 134,159 100,159"/>
                    <TextEquiv>
                        <Unicode>Et</Unicode>
                    </TextEquiv>
                    <TextStyle fontFamily="Times New Roman" fontSize="8.5"/>
                </Word>
                <Word id="w_w2aab1b1b2b3b3ab7" language="English" custom="readingOrder {index:1;}">
                    <Coords points="147,130 210,130 210,169 147,169"/>
                    <TextEquiv>
                        <Unicode>j’ofe</Unicode>
                    </TextEquiv>
                    <TextStyle fontFamily="Times New Roman" fontSize="8.5"/>
                </Word>
                <Word id="w_w2aab1b1b2b3b3ac19" language="English" custom="readingOrder {index:2;}">
                    <Coords points="226,141 271,141 271,160 226,160"/>
                    <TextEquiv>
                        <Unicode>me</Unicode>
                    </TextEquiv>
                    <TextStyle fontFamily="Times New Roman" fontSize="8.5"/>
                </Word>
                <Word id="w_w2aab1b1b2b3b3ac25" language="English" custom="readingOrder {index:3;}">
                    <Coords points="287,133 359,133 359,160 287,160"/>
                    <TextEquiv>
                        <Unicode>flater</Unicode>
                    </TextEquiv>
                    <TextStyle fontFamily="Times New Roman" fontSize="8.5"/>
                </Word>
                <Word id="w_w2aab1b1b2b3b3ac39" language="English" custom="readingOrder {index:4;}">
                    <Coords points="373,141 425,141 425,171 373,171"/>
                    <TextEquiv>
                        <Unicode>que</Unicode>
                    </TextEquiv>
                    <TextStyle fontFamily="Times New Roman" fontSize="8.5"/>
                </Word>
                <Word id="w_w2aab1b1b2b3b3ac47" language="English" custom="readingOrder {index:5;}">
                    <Coords points="437,131 461,131 461,159 437,159"/>
                    <TextEquiv>
                        <Unicode>le</Unicode>
                    </TextEquiv>
                    <TextStyle fontFamily="Times New Roman" fontSize="8.5"/>
                </Word>
                <Word id="w_w2aab1b1b2b3b3ac53" language="English" custom="readingOrder {index:6;}">
                    <Coords points="477,142 568,142 568,160 477,160"/>
                    <TextEquiv>
                        <Unicode>meme</Unicode>
                    </TextEquiv>
                    <TextStyle fontFamily="Times New Roman" fontSize="8.5"/>
                </Word>
                <Word id="w_w2aab1b1b2b3b3ac63" language="English" custom="readingOrder {index:7;}">
                    <Coords points="582,141 694,141 694,172 582,172"/>
                    <TextEquiv>
                        <Unicode>courage</Unicode>
                    </TextEquiv>
                    <TextStyle fontFamily="Times New Roman" fontSize="8.5"/>
                </Word>
                <TextEquiv>
                    <Unicode>Et j’oſe me flater que le même courage</Unicode>
                </TextEquiv>
                <TextStyle fontFamily="Times New Roman" fontSize="8.5"/>
            </TextLine>
            <TextLine id="tl_4" primaryLanguage="English" custom="readingOrder {index:2;}">
                <Coords points="98,171 761,171 761,211 98,211"/>
                <Baseline points="98,206 156,199 218,199 291,200 352,198 489,199 517,199 557,200 671,199 745,199 761,200"/>
                <Word id="w_w2aab1b1b2b3b5ab1" language="English" custom="readingOrder {index:0;}">
                    <Coords points="98,171 156,171 156,206 98,206"/>
                    <TextEquiv>
                        <Unicode>Qui</Unicode>
                    </TextEquiv>
                    <TextStyle fontFamily="Times New Roman" fontSize="8.5"/>
                </Word>
                <Word id="w_w2aab1b1b2b3b5ab9" language="English" custom="readingOrder {index:1;}">
                    <Coords points="173,180 218,180 218,210 173,210"/>
                    <TextEquiv>
                        <Unicode>put</Unicode>
                    </TextEquiv>
                    <TextStyle fontFamily="Times New Roman" fontSize="8.5"/>
                </Word>
                <Word id="w_w2aab1b1b2b3b5ac17" language="English" custom="readingOrder {index:2;}">
                    <Coords points="233,171 291,171 291,200 233,200"/>
                    <TextEquiv>
                        <Unicode>bien</Unicode>
                    </TextEquiv>
                    <TextStyle fontFamily="Times New Roman" fontSize="8.5"/>
                </Word>
                <Word id="w_w2aab1b1b2b3b5ac27" language="English" custom="readingOrder {index:3;}">
                    <Coords points="308,181 352,181 352,199 308,199"/>
                    <TextEquiv>
                        <Unicode>me</Unicode>
                    </TextEquiv>
                    <TextStyle fontFamily="Times New Roman" fontSize="8.5"/>
                </Word>
                <Word id="w_w2aab1b1b2b3b5ac33" language="English" custom="readingOrder {index:4;}">
                    <Coords points="365,171 489,171 489,200 365,200"/>
                    <TextEquiv>
                        <Unicode>foûtrairc</Unicode>
                    </TextEquiv>
                    <TextStyle fontFamily="Times New Roman" fontSize="8.5"/>
                </Word>
                <Word id="w_w2aab1b1b2b3b5ac53" language="English" custom="readingOrder {index:5;}">
                    <Coords points="503,172 517,172 517,199 503,199"/>
                    <TextEquiv>
                        <Unicode>à</Unicode>
                    </TextEquiv>
                    <TextStyle fontFamily="Times New Roman" fontSize="8.5"/>
                </Word>
                <Word id="w_w2aab1b1b2b3b5ac57" language="English" custom="readingOrder {index:6;}">
                    <Coords points="532,171 557,171 557,200 532,200"/>
                    <TextEquiv>
                        <Unicode>fa</Unicode>
                    </TextEquiv>
                    <TextStyle fontFamily="Times New Roman" fontSize="8.5"/>
                </Word>
                <Word id="w_w2aab1b1b2b3b5ac63" language="English" custom="readingOrder {index:7;}">
                    <Coords points="570,172 671,172 671,200 570,200"/>
                    <TextEquiv>
                        <Unicode>brutale</Unicode>
                    </TextEquiv>
                    <TextStyle fontFamily="Times New Roman" fontSize="8.5"/>
                </Word>
                <Word id="w_w2aab1b1b2b3b5ac79" language="English" custom="readingOrder {index:8;}">
                    <Coords points="684,181 745,181 745,211 684,211"/>
                    <TextEquiv>
                        <Unicode>rage</Unicode>
                    </TextEquiv>
                    <TextStyle fontFamily="Times New Roman" fontSize="8.5"/>
                </Word>
                <Word id="w_w2aab1b1b2b3b5ac89" language="English" custom="readingOrder {index:9;}">
                    <Coords points="753,182 761,182 761,200 753,200"/>
                    <TextEquiv>
                        <Unicode>:</Unicode>
                    </TextEquiv>
                    <TextStyle fontFamily="Times New Roman" fontSize="8.5"/>
                </Word>
                <TextEquiv>
                    <Unicode>Qui pût bien me ſoûtraire à ſa brutale rage:</Unicode>
                </TextEquiv>
                <TextStyle fontFamily="Times New Roman" fontSize="8.5"/>
            </TextLine>
            <TextEquiv>
                <Unicode>Les foudres que par tout il entend murmurer;
Et j’oſe me flater que le même courage
Qui pût bien me ſoûtraire à ſa brutale rage:</Unicode>
            </TextEquiv>
        </TextRegion>
        <TextRegion type="paragraph" id="r_1_3" custom="readingOrder {index:2;}">
            <Coords points="95,209 887,209 887,281 95,281"/>
            <TextLine id="tl_5" primaryLanguage="English" custom="readingOrder {index:0;}">
                <Coords points="96,210 886,210 886,252 96,252"/>
                <Baseline points="96,238 131,238 207,239 256,239 344,239 530,244 671,239 715,238 767,240 886,245"/>
                <Word id="w_w2aab1b1b2b5b1ab1" language="English" custom="readingOrder {index:0;}">
                    <Coords points="96,211 131,211 131,238 96,238"/>
                    <TextEquiv>
                        <Unicode>Et</Unicode>
                    </TextEquiv>
                    <TextStyle fontFamily="Times New Roman" fontSize="8.5"/>
                </Word>
                <Word id="w_w2aab1b1b2b5b1ab7" language="English" custom="readingOrder {index:1;}">
                    <Coords points="145,211 207,211 207,239 145,239"/>
                    <TextEquiv>
                        <Unicode>dans</Unicode>
                    </TextEquiv>
                    <TextStyle fontFamily="Times New Roman" fontSize="8.5"/>
                </Word>
                <Word id="w_w2aab1b1b2b5b1ac17" language="English" custom="readingOrder {index:2;}">
                    <Coords points="220,211 256,211 256,239 220,239"/>
                    <TextEquiv>
                        <Unicode>les</Unicode>
                    </TextEquiv>
                    <TextStyle fontFamily="Times New Roman" fontSize="8.5"/>
                </Word>
                <Word id="w_w2aab1b1b2b5b1ac25" language="English" custom="readingOrder {index:3;}">
                    <Coords points="272,221 344,221 344,239 272,239"/>
                    <TextEquiv>
                        <Unicode>murs</Unicode>
                    </TextEquiv>
                    <TextStyle fontFamily="Times New Roman" fontSize="8.5"/>
                </Word>
                <Word id="w_w2aab1b1b2b5b1ac35" language="English" custom="readingOrder {index:4;}">
                    <Coords points="357,210 530,210 530,252 357,252"/>
                    <TextEquiv>
                        <Unicode>d'Aftorgue,</Unicode>
                    </TextEquiv>
                    <TextStyle fontFamily="Times New Roman" fontSize="8.5"/>
                </Word>
                <Word id="w_w2aab1b1b2b5b1ac59" language="English" custom="readingOrder {index:5;}">
                    <Coords points="548,210 671,210 671,240 548,240"/>
                    <TextEquiv>
                        <Unicode>arrachez</Unicode>
                    </TextEquiv>
                    <TextStyle fontFamily="Times New Roman" fontSize="8.5"/>
                </Word>
                <Word id="w_w2aab1b1b2b5b1ac77" language="English" custom="readingOrder {index:6;}">
                    <Coords points="683,211 715,211 715,239 683,239"/>
                    <TextEquiv>
                        <Unicode>de</Unicode>
                    </TextEquiv>
                    <TextStyle fontFamily="Times New Roman" fontSize="8.5"/>
                </Word>
                <Word id="w_w2aab1b1b2b5b1ac83" language="English" custom="readingOrder {index:7;}">
                    <Coords points="730,211 767,211 767,240 730,240"/>
                    <TextEquiv>
                        <Unicode>les</Unicode>
                    </TextEquiv>
                    <TextStyle fontFamily="Times New Roman" fontSize="8.5"/>
                </Word>
                <Word id="w_w2aab1b1b2b5b1ac91" language="English" custom="readingOrder {index:8;}">
                    <Coords points="781,211 886,211 886,245 781,245"/>
                    <TextEquiv>
                        <Unicode>mains»</Unicode>
                    </TextEquiv>
                    <TextStyle fontFamily="Times New Roman" fontSize="8.5"/>
                </Word>
                <TextEquiv>
                    <Unicode>Et dans les murs d'Aſtorgue, arrachez de ſes mains,</Unicode>
                </TextEquiv>
                <TextStyle fontFamily="Times New Roman" fontSize="8.5"/>
            </TextLine>
            <TextLine id="tl_6" primaryLanguage="English" custom="readingOrder {index:1;}">
                <Coords points="96,249 745,249 745,280 96,280"/>
                <Baseline points="96,277 145,277 224,277 273,278 343,278 423,279 453,278 557,278 607,279 745,280"/>
                <Word id="w_w2aab1b1b2b5b3ab1" language="English" custom="readingOrder {index:0;}">
                    <Coords points="96,252 145,252 145,277 96,277"/>
                    <TextEquiv>
                        <Unicode>Mc</Unicode>
                    </TextEquiv>
                    <TextStyle fontFamily="Times New Roman" fontSize="8.5"/>
                </Word>
                <Word id="w_w2aab1b1b2b5b3ab7" language="English" custom="readingOrder {index:1;}">
                    <Coords points="160,249 224,249 224,278 160,278"/>
                    <TextEquiv>
                        <Unicode>faire</Unicode>
                    </TextEquiv>
                    <TextStyle fontFamily="Times New Roman" fontSize="8.5"/>
                </Word>
                <Word id="w_w2aab1b1b2b5b3ac19" language="English" custom="readingOrder {index:2;}">
                    <Coords points="239,260 273,260 273,278 239,278"/>
                    <TextEquiv>
                        <Unicode>un</Unicode>
                    </TextEquiv>
                    <TextStyle fontFamily="Times New Roman" fontSize="8.5"/>
                </Word>
                <Word id="w_w2aab1b1b2b5b3ac25" language="English" custom="readingOrder {index:3;}">
                    <Coords points="288,250 343,250 343,279 288,279"/>
                    <TextEquiv>
                        <Unicode>leur</Unicode>
                    </TextEquiv>
                    <TextStyle fontFamily="Times New Roman" fontSize="8.5"/>
                </Word>
                <Word id="w_w2aab1b1b2b5b3ac35" language="English" custom="readingOrder {index:4;}">
                    <Coords points="357,251 423,251 423,279 357,279"/>
                    <TextEquiv>
                        <Unicode>azile</Unicode>
                    </TextEquiv>
                    <TextStyle fontFamily="Times New Roman" fontSize="8.5"/>
                </Word>
                <Word id="w_w2aab1b1b2b5b3ac47" language="English" custom="readingOrder {index:5;}">
                    <Coords points="437,250 453,250 453,278 437,278"/>
                    <TextEquiv>
                        <Unicode>à</Unicode>
                    </TextEquiv>
                    <TextStyle fontFamily="Times New Roman" fontSize="8.5"/>
                </Word>
                <Word id="w_w2aab1b1b2b5b3ac51" language="English" custom="readingOrder {index:6;}">
                    <Coords points="469,254 557,254 557,280 469,280"/>
                    <TextEquiv>
                        <Unicode>braver</Unicode>
                    </TextEquiv>
                    <TextStyle fontFamily="Times New Roman" fontSize="8.5"/>
                </Word>
                <Word id="w_w2aab1b1b2b5b3ac65" language="English" custom="readingOrder {index:7;}">
                    <Coords points="570,251 607,251 607,279 570,279"/>
                    <TextEquiv>
                        <Unicode>les</Unicode>
                    </TextEquiv>
                    <TextStyle fontFamily="Times New Roman" fontSize="8.5"/>
                </Word>
                <Word id="w_w2aab1b1b2b5b3ac73" language="English" custom="readingOrder {index:8;}">
                    <Coords points="620,249 745,249 745,280 620,280"/>
                    <TextEquiv>
                        <Unicode>defleins:</Unicode>
                    </TextEquiv>
                    <TextStyle fontFamily="Times New Roman" fontSize="8.5"/>
                </Word>
                <TextEquiv>
                    <Unicode>Me faire un ſeur azile à braver les deſſeins:</Unicode>
                </TextEquiv>
                <TextStyle fontFamily="Times New Roman" fontSize="8.5"/>
            </TextLine>
            <TextEquiv>
                <Unicode>Et dans les murs d'Aſtorgue, arrachez de ſes mains,
Me faire un ſeur azile à braver les deſſeins:</Unicode>
            </TextEquiv>
        </TextRegion>
        <TextRegion type="paragraph" id="r_1_4" custom="readingOrder {index:3;}">
            <Coords points="92,288 743,288 743,329 92,329"/>
            <TextLine id="tl_7" primaryLanguage="English" custom="readingOrder {index:0;}">
                <Coords points="93,289 742,289 742,328 93,328"/>
                <Baseline points="93,317 192,317 237,316 309,318 405,322 545,319 583,319 742,323"/>
                <Word id="w_w2aab1b1b2b7b1ab1" language="English" custom="readingOrder {index:0;}">
                    <Coords points="93,290 192,290 192,317 93,317"/>
                    <TextEquiv>
                        <Unicode>Pourra</Unicode>
                    </TextEquiv>
                    <TextStyle fontFamily="Times New Roman" fontSize="8.5"/>
                </Word>
                <Word id="w_w2aab1b1b2b7b1ac15" language="English" custom="readingOrder {index:1;}">
                    <Coords points="207,289 237,289 237,317 207,317"/>
                    <TextEquiv>
                        <Unicode>de</Unicode>
                    </TextEquiv>
                    <TextStyle fontFamily="Times New Roman" fontSize="8.5"/>
                </Word>
                <Word id="w_w2aab1b1b2b7b1ac21" language="English" custom="readingOrder {index:2;}">
                    <Coords points="252,299 309,299 309,318 252,318"/>
                    <TextEquiv>
                        <Unicode>tout</Unicode>
                    </TextEquiv>
                    <TextStyle fontFamily="Times New Roman" fontSize="8.5"/>
                </Word>
                <Word id="w_w2aab1b1b2b7b1ac31" language="English" custom="readingOrder {index:3;}">
                    <Coords points="318,292 405,292 405,322 318,322"/>
                    <TextEquiv>
                        <Unicode>Leon,</Unicode>
                    </TextEquiv>
                    <TextStyle fontFamily="Times New Roman" fontSize="8.5"/>
                </Word>
                <Word id="w_w2aab1b1b2b7b1ac43" language="English" custom="readingOrder {index:4;}">
                    <Coords points="421,290 545,290 545,320 421,320"/>
                    <TextEquiv>
                        <Unicode>achevant</Unicode>
                    </TextEquiv>
                    <TextStyle fontFamily="Times New Roman" fontSize="8.5"/>
                </Word>
                <Word id="w_w2aab1b1b2b7b1ac61" language="English" custom="readingOrder {index:5;}">
                    <Coords points="560,290 583,290 583,319 560,319"/>
                    <TextEquiv>
                        <Unicode>la</Unicode>
                    </TextEquiv>
                    <TextStyle fontFamily="Times New Roman" fontSize="8.5"/>
                </Word>
                <Word id="w_w2aab1b1b2b7b1ac67" language="English" custom="readingOrder {index:6;}">
                    <Coords points="596,290 742,290 742,328 596,328"/>
                    <TextEquiv>
                        <Unicode>conquête,</Unicode>
                    </TextEquiv>
                    <TextStyle fontFamily="Times New Roman" fontSize="8.5"/>
                </Word>
                <TextEquiv>
                    <Unicode>Pourra de tout Leon, achevant la conquête,</Unicode>
                </TextEquiv>
                <TextStyle fontFamily="Times New Roman" fontSize="8.5"/>
            </TextLine>
            <TextEquiv>
                <Unicode>Pourra de tout Leon, achevant la conquête,</Unicode>
            </TextEquiv>
        </TextRegion>
        <TextRegion type="paragraph" id="r_1_5" custom="readingOrder {index:4;}">
            <Coords points="91,326 757,326 757,360 91,360"/>
            <TextLine id="tl_8" primaryLanguage="English" custom="readingOrder {index:0;}">
                <Coords points="92,327 756,327 756,359 92,359"/>
                <Baseline points="92,357 158,358 209,357 314,358 416,359 495,358 601,358 681,357 756,358"/>
                <Word id="w_w2aab1b1b2b9b1ab1" language="English" custom="readingOrder {index:0;}">
                    <Coords points="92,330 158,330 158,358 92,358"/>
                    <TextEquiv>
                        <Unicode>Sous</Unicode>
                    </TextEquiv>
                    <TextStyle fontFamily="Times New Roman" fontSize="8.5"/>
                </Word>
                <Word id="w_w2aab1b1b2b9b1ac11" language="English" custom="readingOrder {index:1;}">
                    <Coords points="172,327 209,327 209,357 172,357"/>
                    <TextEquiv>
                        <Unicode>fes</Unicode>
                    </TextEquiv>
                    <TextStyle fontFamily="Times New Roman" fontSize="8.5"/>
                </Word>
                <Word id="w_w2aab1b1b2b9b1ac19" language="English" custom="readingOrder {index:2;}">
                    <Coords points="223,329 314,329 314,358 223,358"/>
                    <TextEquiv>
                        <Unicode>nobles</Unicode>
                    </TextEquiv>
                    <TextStyle fontFamily="Times New Roman" fontSize="8.5"/>
                </Word>
                <Word id="w_w2aab1b1b2b9b1ac33" language="English" custom="readingOrder {index:3;}">
                    <Coords points="326,329 416,329 416,359 326,359"/>
                    <TextEquiv>
                        <Unicode>efforts</Unicode>
                    </TextEquiv>
                    <TextStyle fontFamily="Times New Roman" fontSize="8.5"/>
                </Word>
                <Word id="w_w2aab1b1b2b9b1ac49" language="English" custom="readingOrder {index:4;}">
                    <Coords points="432,329 495,329 495,359 432,359"/>
                    <TextEquiv>
                        <Unicode>faire</Unicode>
                    </TextEquiv>
                    <TextStyle fontFamily="Times New Roman" fontSize="8.5"/>
                </Word>
                <Word id="w_w2aab1b1b2b9b1ac61" language="English" custom="readingOrder {index:5;}">
                    <Coords points="511,329 601,329 601,359 511,359"/>
                    <TextEquiv>
                        <Unicode>chcoir</Unicode>
                    </TextEquiv>
                    <TextStyle fontFamily="Times New Roman" fontSize="8.5"/>
                </Word>
                <Word id="w_w2aab1b1b2b9b1ac75" language="English" custom="readingOrder {index:6;}">
                    <Coords points="614,338 681,338 681,358 614,358"/>
                    <TextEquiv>
                        <Unicode>cette</Unicode>
                    </TextEquiv>
                    <TextStyle fontFamily="Times New Roman" fontSize="8.5"/>
                </Word>
                <Word id="w_w2aab1b1b2b9b1ac87" language="English" custom="readingOrder {index:7;}">
                    <Coords points="695,329 756,329 756,359 695,359"/>
                    <TextEquiv>
                        <Unicode>tête.</Unicode>
                    </TextEquiv>
                    <TextStyle fontFamily="Times New Roman" fontSize="8.5"/>
                </Word>
                <TextEquiv>
                    <Unicode>Sous ſes nobles efforts faire cheoir cette tête.</Unicode>
                </TextEquiv>
                <TextStyle fontFamily="Times New Roman" fontSize="8.5"/>
            </TextLine>
            <TextEquiv>
                <Unicode>Sous ſes nobles efforts faire cheoir cette tête.</Unicode>
            </TextEquiv>
        </TextRegion>
        <TextRegion type="paragraph" id="r_1_6" custom="readingOrder {index:5;}">
            <Coords points="351,370 636,370 636,402 351,402"/>
            <TextLine id="tl_9" primaryLanguage="English" custom="readingOrder {index:0;}">
                <Coords points="352,371 635,371 635,401 352,401"/>
                <Baseline points="352,397 378,397 635,397"/>
                <Word id="w_w2aab1b1b2c11b1ab1" language="English" custom="readingOrder {index:0;}">
                    <Coords points="352,371 387,371 387,398 352,398"/>
                    <TextEquiv>
                        <Unicode>D.</Unicode>
                    </TextEquiv>
                    <TextStyle fontFamily="Times New Roman" fontSize="8.5"/>
                </Word>
                <Word id="w_w2aab1b1b2c11b1b1b1" language="English" custom="readingOrder {index:1;}">
                    <Coords points="428,372 635,372 635,401 428,401"/>
                    <TextEquiv>
                        <Unicode>Garcie.</Unicode>
                    </TextEquiv>
                    <TextStyle fontFamily="Times New Roman" fontSize="8.5"/>
                </Word>
                <TextEquiv>
                    <Unicode>D. GARCIE.</Unicode>
                </TextEquiv>
            </TextLine>
            <TextEquiv>
                <Unicode>D. GARCIE.</Unicode>
            </TextEquiv>
        </TextRegion>
        <TextRegion type="paragraph" id="r_1_7" custom="readingOrder {index:6;}">
            <Coords points="90,405 793,405 793,450 90,450"/>
            <TextLine id="tl_10" primaryLanguage="English" custom="readingOrder {index:0;}">
                <Coords points="91,406 792,406 792,449 91,449"/>
                <Baseline points="91,436 128,435 229,437 277,437 379,437 475,437 552,438 692,437 792,443"/>
                <Word id="w_w2aab1b1b2c13b1ab1" language="English" custom="readingOrder {index:0;}">
                    <Coords points="91,408 128,408 128,436 91,436"/>
                    <TextEquiv>
                        <Unicode>Le</Unicode>
                    </TextEquiv>
                    <TextStyle fontFamily="Times New Roman" fontSize="8.5"/>
                </Word>
                <Word id="w_w2aab1b1b2c13b1ab7" language="English" custom="readingOrder {index:1;}">
                    <Coords points="142,406 229,406 229,437 142,437"/>
                    <TextEquiv>
                        <Unicode>fuccez</Unicode>
                    </TextEquiv>
                    <TextStyle fontFamily="Times New Roman" fontSize="8.5"/>
                </Word>
                <Word id="w_w2aab1b1b2c13b1ac21" language="English" custom="readingOrder {index:2;}">
                    <Coords points="245,419 277,419 277,437 245,437"/>
                    <TextEquiv>
                        <Unicode>en</Unicode>
                    </TextEquiv>
                    <TextStyle fontFamily="Times New Roman" fontSize="8.5"/>
                </Word>
                <Word id="w_w2aab1b1b2c13b1ac27" language="English" custom="readingOrder {index:3;}">
                    <Coords points="285,418 379,418 379,448 285,448"/>
                    <TextEquiv>
                        <Unicode>pourra</Unicode>
                    </TextEquiv>
                    <TextStyle fontFamily="Times New Roman" fontSize="8.5"/>
                </Word>
                <Word id="w_w2aab1b1b2c13b1ac41" language="English" custom="readingOrder {index:4;}">
                    <Coords points="393,410 475,410 475,448 393,448"/>
                    <TextEquiv>
                        <Unicode>parler</Unicode>
                    </TextEquiv>
                    <TextStyle fontFamily="Times New Roman" fontSize="8.5"/>
                </Word>
                <Word id="w_w2aab1b1b2c13b1ac55" language="English" custom="readingOrder {index:5;}">
                    <Coords points="488,409 552,409 552,438 488,438"/>
                    <TextEquiv>
                        <Unicode>dans</Unicode>
                    </TextEquiv>
                    <TextStyle fontFamily="Times New Roman" fontSize="8.5"/>
                </Word>
                <Word id="w_w2aab1b1b2c13b1ac65" language="English" custom="readingOrder {index:6;}">
                    <Coords points="565,409 692,409 692,449 565,449"/>
                    <TextEquiv>
                        <Unicode>quelques</Unicode>
                    </TextEquiv>
                    <TextStyle fontFamily="Times New Roman" fontSize="8.5"/>
                </Word>
                <Word id="w_w2aab1b1b2c13b1ac83" language="English" custom="readingOrder {index:7;}">
                    <Coords points="704,409 792,409 792,445 704,445"/>
                    <TextEquiv>
                        <Unicode>jours,</Unicode>
                    </TextEquiv>
                    <TextStyle fontFamily="Times New Roman" fontSize="8.5"/>
                </Word>
                <TextEquiv>
                    <Unicode>Le ſuccez en pourra parler dans quelques jours,</Unicode>
                </TextEquiv>
                <TextStyle fontFamily="Times New Roman" fontSize="8.5"/>
            </TextLine>
            <TextEquiv>
                <Unicode>Le ſuccez en pourra parler dans quelques jours,</Unicode>
            </TextEquiv>
        </TextRegion>
        <TextRegion type="paragraph" id="r_1_8" custom="readingOrder {index:7;}">
            <Coords points="87,446 798,446 798,528 87,528"/>
            <TextLine id="tl_11" primaryLanguage="English" custom="readingOrder {index:0;}">
                <Coords points="88,447 797,447 797,489 88,489"/>
                <Baseline points="88,476 161,475 206,475 297,476 414,477 443,477 572,476 658,476 797,479"/>
                <Word id="w_w2aab1b1b2c15b1ab1" language="English" custom="readingOrder {index:0;}">
                    <Coords points="88,448 161,448 161,476 88,476"/>
                    <TextEquiv>
                        <Unicode>Mais</Unicode>
                    </TextEquiv>
                    <TextStyle fontFamily="Times New Roman" fontSize="8.5"/>
                </Word>
                <Word id="w_w2aab1b1b2c15b1ac11" language="English" custom="readingOrder {index:1;}">
                    <Coords points="173,447 206,447 206,475 173,475"/>
                    <TextEquiv>
                        <Unicode>de</Unicode>
                    </TextEquiv>
                    <TextStyle fontFamily="Times New Roman" fontSize="8.5"/>
                </Word>
                <Word id="w_w2aab1b1b2c15b1ac17" language="English" custom="readingOrder {index:2;}">
                    <Coords points="221,458 297,458 297,489 221,489"/>
                    <TextEquiv>
                        <Unicode>grâce</Unicode>
                    </TextEquiv>
                    <TextStyle fontFamily="Times New Roman" fontSize="8.5"/>
                </Word>
                <Word id="w_w2aab1b1b2c15b1ac29" language="English" custom="readingOrder {index:3;}">
                    <Coords points="313,449 414,449 414,487 313,487"/>
                    <TextEquiv>
                        <Unicode>paflons</Unicode>
                    </TextEquiv>
                    <TextStyle fontFamily="Times New Roman" fontSize="8.5"/>
                </Word>
                <Word id="w_w2aab1b1b2c15b1ac45" language="English" custom="readingOrder {index:4;}">
                    <Coords points="428,450 443,450 443,477 428,477"/>
                    <TextEquiv>
                        <Unicode>à</Unicode>
                    </TextEquiv>
                    <TextStyle fontFamily="Times New Roman" fontSize="8.5"/>
                </Word>
                <Word id="w_w2aab1b1b2c15b1ac49" language="English" custom="readingOrder {index:5;}">
                    <Coords points="459,450 572,450 572,488 459,488"/>
                    <TextEquiv>
                        <Unicode>quelque</Unicode>
                    </TextEquiv>
                    <TextStyle fontFamily="Times New Roman" fontSize="8.5"/>
                </Word>
                <Word id="w_w2aab1b1b2c15b1ac65" language="English" custom="readingOrder {index:6;}">
                    <Coords points="586,457 658,457 658,477 586,477"/>
                    <TextEquiv>
                        <Unicode>autre</Unicode>
                    </TextEquiv>
                    <TextStyle fontFamily="Times New Roman" fontSize="8.5"/>
                </Word>
                <Word id="w_w2aab1b1b2c15b1ac77" language="English" custom="readingOrder {index:7;}">
                    <Coords points="673,448 797,448 797,479 673,479"/>
                    <TextEquiv>
                        <Unicode>difcours.</Unicode>
                    </TextEquiv>
                    <TextStyle fontFamily="Times New Roman" fontSize="8.5"/>
                </Word>
                <TextEquiv>
                    <Unicode>Mais de grâce paſſons à quelque autre diſcours.</Unicode>
                </TextEquiv>
                <TextStyle fontFamily="Times New Roman" fontSize="8.5"/>
            </TextLine>
            <TextLine id="tl_12" primaryLanguage="English" custom="readingOrder {index:1;}">
                <Coords points="88,487 753,487 753,527 88,527"/>
                <Baseline points="88,515 188,514 257,517 329,527 401,517 479,516 560,516 607,516 666,515 753,520"/>
                <Word id="w_w2aab1b1b2c15b3ab1" language="English" custom="readingOrder {index:0;}">
                    <Coords points="88,487 188,487 188,524 88,524"/>
                    <TextEquiv>
                        <Unicode>Puis-je</Unicode>
                    </TextEquiv>
                    <TextStyle fontFamily="Times New Roman" fontSize="8.5"/>
                </Word>
                <Word id="w_w2aab1b1b2c15b3ac17" language="English" custom="readingOrder {index:1;}">
                    <Coords points="201,489 257,489 257,517 201,517"/>
                    <TextEquiv>
                        <Unicode>fans</Unicode>
                    </TextEquiv>
                    <TextStyle fontFamily="Times New Roman" fontSize="8.5"/>
                </Word>
                <Word id="w_w2aab1b1b2c15b3ac27" language="English" custom="readingOrder {index:2;}">
                    <Coords points="272,498 329,498 329,527 272,527"/>
                    <TextEquiv>
                        <Unicode>trop</Unicode>
                    </TextEquiv>
                    <TextStyle fontFamily="Times New Roman" fontSize="8.5"/>
                </Word>
                <Word id="w_w2aab1b1b2c15b3ac37" language="English" custom="readingOrder {index:3;}">
                    <Coords points="344,487 401,487 401,517 344,517"/>
                    <TextEquiv>
                        <Unicode>ofer</Unicode>
                    </TextEquiv>
                    <TextStyle fontFamily="Times New Roman" fontSize="8.5"/>
                </Word>
                <Word id="w_w2aab1b1b2c15b3ac47" language="English" custom="readingOrder {index:4;}">
                    <Coords points="416,498 479,498 479,517 416,517"/>
                    <TextEquiv>
                        <Unicode>vous</Unicode>
                    </TextEquiv>
                    <TextStyle fontFamily="Times New Roman" fontSize="8.5"/>
                </Word>
                <Word id="w_w2aab1b1b2c15b3ac57" language="English" custom="readingOrder {index:5;}">
                    <Coords points="493,489 560,489 560,527 493,527"/>
                    <TextEquiv>
                        <Unicode>prier</Unicode>
                    </TextEquiv>
                    <TextStyle fontFamily="Times New Roman" fontSize="8.5"/>
                </Word>
                <Word id="w_w2aab1b1b2c15b3ac69" language="English" custom="readingOrder {index:6;}">
                    <Coords points="575,488 607,488 607,516 575,516"/>
                    <TextEquiv>
                        <Unicode>de</Unicode>
                    </TextEquiv>
                    <TextStyle fontFamily="Times New Roman" fontSize="8.5"/>
                </Word>
                <Word id="w_w2aab1b1b2c15b3ac75" language="English" custom="readingOrder {index:7;}">
                    <Coords points="621,498 666,498 666,515 621,515"/>
                    <TextEquiv>
                        <Unicode>me</Unicode>
                    </TextEquiv>
                    <TextStyle fontFamily="Times New Roman" fontSize="8.5"/>
                </Word>
                <Word id="w_w2aab1b1b2c15b3ac81" language="English" custom="readingOrder {index:8;}">
                    <Coords points="681,488 753,488 753,520 681,520"/>
                    <TextEquiv>
                        <Unicode>dire,</Unicode>
                    </TextEquiv>
                    <TextStyle fontFamily="Times New Roman" fontSize="8.5"/>
                </Word>
                <TextEquiv>
                    <Unicode>Puis-je ſans trop oſer vous prier de me dire,</Unicode>
                </TextEquiv>
                <TextStyle fontFamily="Times New Roman" fontSize="8.5"/>
            </TextLine>
            <TextEquiv>
                <Unicode>Mais de grâce paſſons à quelque autre diſcours.
Puis-je ſans trop oſer vous prier de me dire,</Unicode>
            </TextEquiv>
        </TextRegion>
        <TextRegion type="paragraph" id="r_1_9" custom="readingOrder {index:8;}">
            <Coords points="85,525 800,525 800,607 85,607"/>
            <TextLine id="tl_13" primaryLanguage="English" custom="readingOrder {index:0;}">
                <Coords points="86,526 799,526 799,571 86,571"/>
                <Baseline points="86,553 111,553 176,555 255,556 330,557 397,557 420,561 584,560 658,555 799,561"/>
                <Word id="w_w2aab1b1b2c17b1ab1" language="English" custom="readingOrder {index:0;}">
                    <Coords points="86,528 111,528 111,553 86,553"/>
                    <TextEquiv>
                        <Unicode>A</Unicode>
                    </TextEquiv>
                    <TextStyle fontFamily="Times New Roman" fontSize="8.5"/>
                </Word>
                <Word id="w_w2aab1b1b2c17b1ab5" language="English" custom="readingOrder {index:1;}">
                    <Coords points="130,528 176,528 176,565 130,565"/>
                    <TextEquiv>
                        <Unicode>qui</Unicode>
                    </TextEquiv>
                    <TextStyle fontFamily="Times New Roman" fontSize="8.5"/>
                </Word>
                <Word id="w_w2aab1b1b2c17b1ac13" language="English" custom="readingOrder {index:2;}">
                    <Coords points="191,537 255,537 255,556 191,556"/>
                    <TextEquiv>
                        <Unicode>vous</Unicode>
                    </TextEquiv>
                    <TextStyle fontFamily="Times New Roman" fontSize="8.5"/>
                </Word>
                <Word id="w_w2aab1b1b2c17b1ac23" language="English" custom="readingOrder {index:3;}">
                    <Coords points="268,538 330,538 330,557 268,557"/>
                    <TextEquiv>
                        <Unicode>avez</Unicode>
                    </TextEquiv>
                    <TextStyle fontFamily="Times New Roman" fontSize="8.5"/>
                </Word>
                <Word id="w_w2aab1b1b2c17b1ac33" language="English" custom="readingOrder {index:4;}">
                    <Coords points="343,529 397,529 397,571 343,571"/>
                    <TextEquiv>
                        <Unicode>pris</Unicode>
                    </TextEquiv>
                    <TextStyle fontFamily="Times New Roman" fontSize="8.5"/>
                </Word>
                <Word id="w_w2aab1b1b2c17b1ac43" language="English" custom="readingOrder {index:5;}">
                    <Coords points="412,548 420,548 420,561 412,561"/>
                    <TextEquiv>
                        <Unicode>,</Unicode>
                    </TextEquiv>
                    <TextStyle fontFamily="Times New Roman" fontSize="8.5"/>
                </Word>
                <Word id="w_w2aab1b1b2c17b1ac47" language="English" custom="readingOrder {index:6;}">
                    <Coords points="440,528 584,528 584,560 440,560"/>
                    <TextEquiv>
                        <Unicode>Madame,</Unicode>
                    </TextEquiv>
                    <TextStyle fontFamily="Times New Roman" fontSize="8.5"/>
                </Word>
                <Word id="w_w2aab1b1b2c17b1ac63" language="English" custom="readingOrder {index:7;}">
                    <Coords points="601,526 658,526 658,556 601,556"/>
                    <TextEquiv>
                        <Unicode>foin</Unicode>
                    </TextEquiv>
                    <TextStyle fontFamily="Times New Roman" fontSize="8.5"/>
                </Word>
                <Word id="w_w2aab1b1b2c17b1ac73" language="English" custom="readingOrder {index:8;}">
                    <Coords points="675,527 799,527 799,561 675,561"/>
                    <TextEquiv>
                        <Unicode>d’écrire,</Unicode>
                    </TextEquiv>
                    <TextStyle fontFamily="Times New Roman" fontSize="8.5"/>
                </Word>
                <TextEquiv>
                    <Unicode>A qui vous avez pris, Madame, ſoin d’écrire,</Unicode>
                </TextEquiv>
                <TextStyle fontFamily="Times New Roman" fontSize="8.5"/>
            </TextLine>
            <TextLine id="tl_14" primaryLanguage="English" custom="readingOrder {index:1;}">
                <Coords points="87,558 701,558 701,606 87,606"/>
                <Baseline points="87,594 189,595 254,595 291,595 390,595 471,596 500,596 634,595 684,595 701,595"/>
                <Word id="w_w2aab1b1b2c17b3ab1" language="English" custom="readingOrder {index:0;}">
                    <Coords points="87,566 189,566 189,604 87,604"/>
                    <TextEquiv>
                        <Unicode>Depuis</Unicode>
                    </TextEquiv>
                    <TextStyle fontFamily="Times New Roman" fontSize="8.5"/>
                </Word>
                <Word id="w_w2aab1b1b2c17b3ac15" language="English" custom="readingOrder {index:1;}">
                    <Coords points="203,577 254,577 254,606 203,606"/>
                    <TextEquiv>
                        <Unicode>que</Unicode>
                    </TextEquiv>
                    <TextStyle fontFamily="Times New Roman" fontSize="8.5"/>
                </Word>
                <Word id="w_w2aab1b1b2c17b3ac23" language="English" custom="readingOrder {index:2;}">
                    <Coords points="267,567 291,567 291,596 267,596"/>
                    <TextEquiv>
                        <Unicode>le</Unicode>
                    </TextEquiv>
                    <TextStyle fontFamily="Times New Roman" fontSize="8.5"/>
                </Word>
                <Word id="w_w2aab1b1b2c17b3ac29" language="English" custom="readingOrder {index:3;}">
                    <Coords points="306,558 390,558 390,595 306,595"/>
                    <TextEquiv>
                        <Unicode>deft:n</Unicode>
                    </TextEquiv>
                    <TextStyle fontFamily="Times New Roman" fontSize="8.5"/>
                </Word>
                <Word id="w_w2aab1b1b2c17b3ac43" language="English" custom="readingOrder {index:4;}">
                    <Coords points="404,577 471,577 471,596 404,596"/>
                    <TextEquiv>
                        <Unicode>nous</Unicode>
                    </TextEquiv>
                    <TextStyle fontFamily="Times New Roman" fontSize="8.5"/>
                </Word>
                <Word id="w_w2aab1b1b2c17b3ac53" language="English" custom="readingOrder {index:5;}">
                    <Coords points="485,578 500,578 500,596 485,596"/>
                    <TextEquiv>
                        <Unicode>a</Unicode>
                    </TextEquiv>
                    <TextStyle fontFamily="Times New Roman" fontSize="8.5"/>
                </Word>
                <Word id="w_w2aab1b1b2c17b3ac57" language="English" custom="readingOrder {index:6;}">
                    <Coords points="513,567 634,567 634,596 513,596"/>
                    <TextEquiv>
                        <Unicode>conduits</Unicode>
                    </TextEquiv>
                    <TextStyle fontFamily="Times New Roman" fontSize="8.5"/>
                </Word>
                <Word id="w_w2aab1b1b2c17b3ac75" language="English" custom="readingOrder {index:7;}">
                    <Coords points="649,567 684,567 684,595 649,595"/>
                    <TextEquiv>
                        <Unicode>ici</Unicode>
                    </TextEquiv>
                    <TextStyle fontFamily="Times New Roman" fontSize="8.5"/>
                </Word>
                <Word id="w_w2aab1b1b2c17b3ac83" language="English" custom="readingOrder {index:8;}">
                    <Coords points="693,572 701,572 701,595 693,595"/>
                    <TextEquiv>
                        <Unicode>?</Unicode>
                    </TextEquiv>
                    <TextStyle fontFamily="Times New Roman" fontSize="8.5"/>
                </Word>
                <TextEquiv>
                    <Unicode>Depuis que le deſtin nous a conduits ici?</Unicode>
                </TextEquiv>
                <TextStyle fontFamily="Times New Roman" fontSize="8.5"/>
            </TextLine>
            <TextEquiv>
                <Unicode>A qui vous avez pris, Madame, ſoin d’écrire,
Depuis que le deſtin nous a conduits ici?</Unicode>
            </TextEquiv>
        </TextRegion>
        <TextRegion type="paragraph" id="r_1_10" custom="readingOrder {index:9;}">
            <Coords points="350,607 627,607 627,636 350,636"/>
            <TextLine id="tl_15" primaryLanguage="English" custom="readingOrder {index:0;}">
                <Coords points="351,608 626,608 626,635 351,635"/>
                <Baseline points="351,635 387,635 447,635 481,635 515,634 543,634 580,635 626,634"/>
                <Word id="w_w2aab1b1b2c19b1ab1" language="English" custom="readingOrder {index:0;}">
                    <Coords points="351,608 387,608 387,635 351,635"/>
                    <TextEquiv>
                        <Unicode>D.</Unicode>
                    </TextEquiv>
                    <TextStyle fontFamily="Times New Roman" fontSize="8.5"/>
                </Word>
                <Word id="w_w2aab1b1b2c19b1ab7" language="English" custom="readingOrder {index:1;}">
                    <Coords points="426,609 447,609 447,635 426,635"/>
                    <TextEquiv>
                        <Unicode>E</Unicode>
                    </TextEquiv>
                    <TextStyle fontFamily="Times New Roman" fontSize="8.5"/>
                </Word>
                <Word id="w_w2aab1b1b2c19b1b1b1" language="English" custom="readingOrder {index:2;}">
                    <Coords points="466,617 481,617 481,635 466,635"/>
                    <TextEquiv>
                        <Unicode>l</Unicode>
                    </TextEquiv>
                    <TextStyle fontFamily="Times New Roman" fontSize="6.5"/>
                </Word>
                <Word id="w_w2aab1b1b2c19b1b2b3" language="English" custom="readingOrder {index:3;}">
                    <Coords points="498,617 515,617 515,634 498,634"/>
                    <TextEquiv>
                        <Unicode>u</Unicode>
                    </TextEquiv>
                    <TextStyle fontFamily="Times New Roman" fontSize="6.5"/>
                </Word>
                <Word id="w_w2aab1b1b2c19b1b2b7" language="English" custom="readingOrder {index:4;}">
                    <Coords points="534,617 543,617 543,634 534,634"/>
                    <TextEquiv>
                        <Unicode>I</Unicode>
                    </TextEquiv>
                    <TextStyle fontFamily="Times New Roman" fontSize="6.5"/>
                </Word>
                <Word id="w_w2aab1b1b2c19b1b2c11" language="English" custom="readingOrder {index:5;}">
                    <Coords points="563,616 580,616 580,635 563,635"/>
                    <TextEquiv>
                        <Unicode>R</Unicode>
                    </TextEquiv>
                    <TextStyle fontFamily="Times New Roman" fontSize="6.5"/>
                </Word>
                <Word id="w_w2aab1b1b2c19b1b2c15" language="English" custom="readingOrder {index:6;}">
                    <Coords points="601,616 626,616 626,634 601,634"/>
                    <TextEquiv>
                        <Unicode>i.</Unicode>
                    </TextEquiv>
                    <TextStyle fontFamily="Times New Roman" fontSize="6.5"/>
                </Word>
                <TextEquiv>
                    <Unicode>D. ELUIRE.</Unicode>
                </TextEquiv>
            </TextLine>
            <TextEquiv>
                <Unicode>D. ELUIRE.</Unicode>
            </TextEquiv>
        </TextRegion>
        <TextRegion type="paragraph" id="r_1_11" custom="readingOrder {index:10;}">
            <Coords points="85,643 820,643 820,686 85,686"/>
            <TextLine id="tl_16" primaryLanguage="English" custom="readingOrder {index:0;}">
                <Coords points="86,644 819,644 819,685 86,685"/>
                <Baseline points="86,673 220,674 299,673 444,675 463,674 507,676 587,674 672,674 713,674 798,676 819,677"/>
                <Word id="w_w2aab1b1b2c21b1ab1" language="English" custom="readingOrder {index:0;}">
                    <Coords points="86,644 220,644 220,685 86,685"/>
                    <TextEquiv>
                        <Unicode>Pourquoi</Unicode>
                    </TextEquiv>
                    <TextStyle fontFamily="Times New Roman" fontSize="8.5"/>
                </Word>
                <Word id="w_w2aab1b1b2c21b1ac19" language="English" custom="readingOrder {index:1;}">
                    <Coords points="233,654 299,654 299,674 233,674"/>
                    <TextEquiv>
                        <Unicode>cette</Unicode>
                    </TextEquiv>
                    <TextStyle fontFamily="Times New Roman" fontSize="8.5"/>
                </Word>
                <Word id="w_w2aab1b1b2c21b1ac31" language="English" custom="readingOrder {index:2;}">
                    <Coords points="313,646 444,646 444,675 313,675"/>
                    <TextEquiv>
                        <Unicode>demande</Unicode>
                    </TextEquiv>
                    <TextStyle fontFamily="Times New Roman" fontSize="8.5"/>
                </Word>
                <Word id="w_w2aab1b1b2c21b1ac47" language="English" custom="readingOrder {index:3;}">
                    <Coords points="456,652 463,652 463,674 456,674"/>
                    <TextEquiv>
                        <Unicode>?</Unicode>
                    </TextEquiv>
                    <TextStyle fontFamily="Times New Roman" fontSize="8.5"/>
                </Word>
                <Word id="w_w2aab1b1b2c21b1ac51" language="English" custom="readingOrder {index:4;}">
                    <Coords points="481,651 507,651 507,676 481,676"/>
                    <TextEquiv>
                        <Unicode>&amp;</Unicode>
                    </TextEquiv>
                    <TextStyle fontFamily="Times New Roman" fontSize="8.5"/>
                </Word>
                <Word id="w_w2aab1b1b2c21b1ac55" language="English" custom="readingOrder {index:5;}">
                    <Coords points="523,646 587,646 587,675 523,675"/>
                    <TextEquiv>
                        <Unicode>d’où</Unicode>
                    </TextEquiv>
                    <TextStyle fontFamily="Times New Roman" fontSize="8.5"/>
                </Word>
                <Word id="w_w2aab1b1b2c21b1ac65" language="English" custom="readingOrder {index:6;}">
                    <Coords points="601,647 672,647 672,674 601,674"/>
                    <TextEquiv>
                        <Unicode>vient</Unicode>
                    </TextEquiv>
                    <TextStyle fontFamily="Times New Roman" fontSize="8.5"/>
                </Word>
                <Word id="w_w2aab1b1b2c21b1ac77" language="English" custom="readingOrder {index:7;}">
                    <Coords points="684,655 713,655 713,676 684,676"/>
                    <TextEquiv>
                        <Unicode>ce</Unicode>
                    </TextEquiv>
                    <TextStyle fontFamily="Times New Roman" fontSize="8.5"/>
                </Word>
                <Word id="w_w2aab1b1b2c21b1ac83" language="English" custom="readingOrder {index:8;}">
                    <Coords points="726,645 798,645 798,676 726,676"/>
                    <TextEquiv>
                        <Unicode>fouci</Unicode>
                    </TextEquiv>
                    <TextStyle fontFamily="Times New Roman" fontSize="8.5"/>
                </Word>
                <Word id="w_w2aab1b1b2c21b1ac95" language="English" custom="readingOrder {index:9;}">
                    <Coords points="809,651 819,651 819,677 809,677"/>
                    <TextEquiv>
                        <Unicode>?</Unicode>
                    </TextEquiv>
                    <TextStyle fontFamily="Times New Roman" fontSize="8.5"/>
                </Word>
                <TextEquiv>
                    <Unicode>Pourquoi cette demande? &amp; d’où vient ce ſouci?</Unicode>
                </TextEquiv>
                <TextStyle fontFamily="Times New Roman" fontSize="8.5"/>
            </TextLine>
            <TextEquiv>
                <Unicode>Pourquoi cette demande? &amp; d’où vient ce ſouci?</Unicode>
            </TextEquiv>
        </TextRegion>
        <TextRegion type="paragraph" id="r_1_12" custom="readingOrder {index:11;}">
            <Coords points="348,686 638,686 638,717 348,717"/>
            <TextLine id="tl_17" primaryLanguage="English" custom="readingOrder {index:0;}">
                <Coords points="349,687 637,687 637,716 349,716"/>
                <Baseline points="349,714 385,714 451,716 487,713 526,714 562,715 591,713 637,714"/>
                <Word id="w_w2aab1b1b2c23b1ab1" language="English" custom="readingOrder {index:0;}">
                    <Coords points="349,688 385,688 385,714 349,714"/>
                    <TextEquiv>
                        <Unicode>D.</Unicode>
                    </TextEquiv>
                    <TextStyle fontFamily="Times New Roman" fontSize="8.5"/>
                </Word>
                <Word id="w_w2aab1b1b2c23b1ab7" language="English" custom="readingOrder {index:1;}">
                    <Coords points="422,687 451,687 451,716 422,716"/>
                    <TextEquiv>
                        <Unicode>G</Unicode>
                    </TextEquiv>
                    <TextStyle fontFamily="Times New Roman" fontSize="8.5"/>
                </Word>
                <Word id="w_w2aab1b1b2c23b1b1b1" language="English" custom="readingOrder {index:2;}">
                    <Coords points="472,696 487,696 487,713 472,713"/>
                    <TextEquiv>
                        <Unicode>A</Unicode>
                    </TextEquiv>
                    <TextStyle fontFamily="Times New Roman" fontSize="6.5"/>
                </Word>
                <Word id="w_w2aab1b1b2c23b1b1b5" language="English" custom="readingOrder {index:3;}">
                    <Coords points="507,694 526,694 526,715 507,715"/>
                    <TextEquiv>
                        <Unicode>R</Unicode>
                    </TextEquiv>
                    <TextStyle fontFamily="Times New Roman" fontSize="6.5"/>
                </Word>
                <Word id="w_w2aab1b1b2c23b1b2b1" language="English" custom="readingOrder {index:4;}">
                    <Coords points="546,696 562,696 562,715 546,715"/>
                    <TextEquiv>
                        <Unicode>c</Unicode>
                    </TextEquiv>
                    <TextStyle fontFamily="Times New Roman" fontSize="8.5"/>
                </Word>
                <Word id="w_w2aab1b1b2c23b1b3b1" language="English" custom="readingOrder {index:5;}">
                    <Coords points="581,696 591,696 591,713 581,713"/>
                    <TextEquiv>
                        <Unicode>I</Unicode>
                    </TextEquiv>
                    <TextStyle fontFamily="Times New Roman" fontSize="6.5"/>
                </Word>
                <Word id="w_w2aab1b1b2c23b1b3b5" language="English" custom="readingOrder {index:6;}">
                    <Coords points="610,696 637,696 637,714 610,714"/>
                    <TextEquiv>
                        <Unicode>B.</Unicode>
                    </TextEquiv>
                    <TextStyle fontFamily="Times New Roman" fontSize="6.5"/>
                </Word>
                <TextEquiv>
                    <Unicode>D. GARCIE.</Unicode>
                </TextEquiv>
            </TextLine>
            <TextEquiv>
                <Unicode>D. GARCIE.</Unicode>
            </TextEquiv>
        </TextRegion>
        <TextRegion type="paragraph" id="r_1_13" custom="readingOrder {index:12;}">
            <Coords points="82,722 623,722 623,766 82,766"/>
            <TextLine id="tl_18" primaryLanguage="English" custom="readingOrder {index:0;}">
                <Coords points="83,723 622,723 622,765 83,765"/>
                <Baseline points="83,753 158,753 238,753 358,755 407,754 485,754 622,753"/>
                <Word id="w_w2aab1b1b2c25b1ab1" language="English" custom="readingOrder {index:0;}">
                    <Coords points="83,723 158,723 158,753 83,753"/>
                    <TextEquiv>
                        <Unicode>D'un</Unicode>
                    </TextEquiv>
                    <TextStyle fontFamily="Times New Roman" fontSize="8.5"/>
                </Word>
                <Word id="w_w2aab1b1b2c25b1ac11" language="English" custom="readingOrder {index:1;}">
                    <Coords points="173,724 238,724 238,754 173,754"/>
                    <TextEquiv>
                        <Unicode>defîr</Unicode>
                    </TextEquiv>
                    <TextStyle fontFamily="Times New Roman" fontSize="8.5"/>
                </Word>
                <Word id="w_w2aab1b1b2c25b1ac23" language="English" custom="readingOrder {index:2;}">
                    <Coords points="252,726 358,726 358,755 252,755"/>
                    <TextEquiv>
                        <Unicode>curieux</Unicode>
                    </TextEquiv>
                    <TextStyle fontFamily="Times New Roman" fontSize="8.5"/>
                </Word>
                <Word id="w_w2aab1b1b2c25b1ac39" language="English" custom="readingOrder {index:3;}">
                    <Coords points="374,726 407,726 407,754 374,754"/>
                    <TextEquiv>
                        <Unicode>de</Unicode>
                    </TextEquiv>
                    <TextStyle fontFamily="Times New Roman" fontSize="8.5"/>
                </Word>
                <Word id="w_w2aab1b1b2c25b1ac45" language="English" custom="readingOrder {index:4;}">
                    <Coords points="421,735 485,735 485,765 421,765"/>
                    <TextEquiv>
                        <Unicode>pure</Unicode>
                    </TextEquiv>
                    <TextStyle fontFamily="Times New Roman" fontSize="8.5"/>
                </Word>
                <Word id="w_w2aab1b1b2c25b1ac55" language="English" custom="readingOrder {index:5;}">
                    <Coords points="498,724 622,724 622,754 498,754"/>
                    <TextEquiv>
                        <Unicode>fantaisie.</Unicode>
                    </TextEquiv>
                    <TextStyle fontFamily="Times New Roman" fontSize="8.5"/>
                </Word>
                <TextEquiv>
                    <Unicode>D'un deſir curieux de pure fantaiſie.</Unicode>
                </TextEquiv>
                <TextStyle fontFamily="Times New Roman" fontSize="8.5"/>
            </TextLine>
            <TextEquiv>
                <Unicode>D'un deſir curieux de pure fantaiſie.</Unicode>
            </TextEquiv>
        </TextRegion>
        <TextRegion type="paragraph" id="r_1_14" custom="readingOrder {index:13;}">
            <Coords points="343,765 623,765 623,795 343,795"/>
            <TextLine id="tl_19" primaryLanguage="English" custom="readingOrder {index:0;}">
                <Coords points="344,766 622,766 622,794 344,794"/>
                <Baseline points="344,794 381,794 441,793 475,794 510,792 539,793 579,793 622,794"/>
                <Word id="w_w2aab1b1b2c27b1ab1" language="English" custom="readingOrder {index:0;}">
                    <Coords points="344,767 381,767 381,794 344,794"/>
                    <TextEquiv>
                        <Unicode>D.</Unicode>
                    </TextEquiv>
                    <TextStyle fontFamily="Times New Roman" fontSize="8.5"/>
                </Word>
                <Word id="w_w2aab1b1b2c27b1ab7" language="English" custom="readingOrder {index:1;}">
                    <Coords points="420,766 441,766 441,793 420,793"/>
                    <TextEquiv>
                        <Unicode>E</Unicode>
                    </TextEquiv>
                    <TextStyle fontFamily="Times New Roman" fontSize="8.5"/>
                </Word>
                <Word id="w_w2aab1b1b2c27b1ac11" language="English" custom="readingOrder {index:2;}">
                    <Coords points="461,775 475,775 475,794 461,794"/>
                    <TextEquiv>
                        <Unicode>l</Unicode>
                    </TextEquiv>
                    <TextStyle fontFamily="Times New Roman" fontSize="8.5"/>
                </Word>
                <Word id="w_w2aab1b1b2c27b1b1b3" language="English" custom="readingOrder {index:3;}">
                    <Coords points="494,776 510,776 510,792 494,792"/>
                    <TextEquiv>
                        <Unicode>u</Unicode>
                    </TextEquiv>
                    <TextStyle fontFamily="Times New Roman" fontSize="8.5"/>
                </Word>
                <Word id="w_w2aab1b1b2c27b1b1b7" language="English" custom="readingOrder {index:4;}">
                    <Coords points="529,774 539,774 539,793 529,793"/>
                    <TextEquiv>
                        <Unicode>i</Unicode>
                    </TextEquiv>
                    <TextStyle fontFamily="Times New Roman" fontSize="8.5"/>
                </Word>
                <Word id="w_w2aab1b1b2c27b1b2b1" language="English" custom="readingOrder {index:5;}">
                    <Coords points="558,774 579,774 579,793 558,793"/>
                    <TextEquiv>
                        <Unicode>r</Unicode>
                    </TextEquiv>
                    <TextStyle fontFamily="Times New Roman" fontSize="6.5"/>
                </Word>
                <Word id="w_w2aab1b1b2c27b1b3b1" language="English" custom="readingOrder {index:6;}">
                    <Coords points="597,774 622,774 622,794 597,794"/>
                    <TextEquiv>
                        <Unicode>i.</Unicode>
                    </TextEquiv>
                    <TextStyle fontFamily="Times New Roman" fontSize="8.5"/>
                </Word>
                <TextEquiv>
                    <Unicode>D. ELUIRE.</Unicode>
                </TextEquiv>
            </TextLine>
            <TextEquiv>
                <Unicode>D. ELUIRE.</Unicode>
            </TextEquiv>
        </TextRegion>
        <TextRegion type="paragraph" id="r_1_15" custom="readingOrder {index:14;}">
            <Coords points="81,802 532,802 532,844 81,844"/>
            <TextLine id="tl_20" primaryLanguage="English" custom="readingOrder {index:0;}">
                <Coords points="82,803 531,803 531,843 82,843"/>
                <Baseline points="82,832 120,833 253,835 323,834 369,833 407,834 484,833 531,832"/>
                <Word id="w_w2aab1b1b2c29b1ab1" language="English" custom="readingOrder {index:0;}">
                    <Coords points="82,803 120,803 120,833 82,833"/>
                    <TextEquiv>
                        <Unicode>La</Unicode>
                    </TextEquiv>
                    <TextStyle fontFamily="Times New Roman" fontSize="8.5"/>
                </Word>
                <Word id="w_w2aab1b1b2c29b1ab7" language="English" custom="readingOrder {index:1;}">
                    <Coords points="132,804 253,804 253,836 132,836"/>
                    <TextEquiv>
                        <Unicode>curiosité</Unicode>
                    </TextEquiv>
                    <TextStyle fontFamily="Times New Roman" fontSize="8.5"/>
                </Word>
                <Word id="w_w2aab1b1b2c29b1ac27" language="English" custom="readingOrder {index:2;}">
                    <Coords points="269,803 323,803 323,834 269,834"/>
                    <TextEquiv>
                        <Unicode>naît</Unicode>
                    </TextEquiv>
                    <TextStyle fontFamily="Times New Roman" fontSize="8.5"/>
                </Word>
                <Word id="w_w2aab1b1b2c29b1ac37" language="English" custom="readingOrder {index:3;}">
                    <Coords points="338,804 369,804 369,833 338,833"/>
                    <TextEquiv>
                        <Unicode>de</Unicode>
                    </TextEquiv>
                    <TextStyle fontFamily="Times New Roman" fontSize="8.5"/>
                </Word>
                <Word id="w_w2aab1b1b2c29b1ac43" language="English" custom="readingOrder {index:4;}">
                    <Coords points="383,805 407,805 407,834 383,834"/>
                    <TextEquiv>
                        <Unicode>la</Unicode>
                    </TextEquiv>
                    <TextStyle fontFamily="Times New Roman" fontSize="8.5"/>
                </Word>
                <Word id="w_w2aab1b1b2c29b1ac49" language="English" custom="readingOrder {index:5;}">
                    <Coords points="415,806 484,806 484,843 415,843"/>
                    <TextEquiv>
                        <Unicode>jalon</Unicode>
                    </TextEquiv>
                    <TextStyle fontFamily="Times New Roman" fontSize="8.5"/>
                </Word>
                <Word id="w_w2aab1b1b2c29b1ac61" language="English" custom="readingOrder {index:6;}">
                    <Coords points="490,804 531,804 531,833 490,833"/>
                    <TextEquiv>
                        <Unicode>fie.</Unicode>
                    </TextEquiv>
                    <TextStyle fontFamily="Times New Roman" fontSize="8.5"/>
                </Word>
                <TextEquiv>
                    <Unicode>La curioſité naît de la jalouſie.</Unicode>
                </TextEquiv>
                <TextStyle fontFamily="Times New Roman" fontSize="8.5"/>
            </TextLine>
            <TextEquiv>
                <Unicode>La curioſité naît de la jalouſie.</Unicode>
            </TextEquiv>
        </TextRegion>
        <TextRegion type="paragraph" id="r_1_16" custom="readingOrder {index:15;}">
            <Coords points="342,845 627,845 627,875 342,875"/>
            <TextLine id="tl_21" primaryLanguage="English" custom="readingOrder {index:0;}">
                <Coords points="343,846 626,846 626,874 343,874"/>
                <Baseline points="343,873 371,873 626,871"/>
                <Word id="w_w2aab1b1b2c31b1ab1" language="English" custom="readingOrder {index:0;}">
                    <Coords points="343,846 381,846 381,874 343,874"/>
                    <TextEquiv>
                        <Unicode>D.</Unicode>
                    </TextEquiv>
                    <TextStyle fontFamily="Times New Roman" fontSize="8.5"/>
                </Word>
                <Word id="w_w2aab1b1b2c31b1b1b1" language="English" custom="readingOrder {index:1;}">
                    <Coords points="418,848 626,848 626,874 418,874"/>
                    <TextEquiv>
                        <Unicode>Garcie.</Unicode>
                    </TextEquiv>
                    <TextStyle fontFamily="Times New Roman" fontSize="8.5"/>
                </Word>
                <TextEquiv>
                    <Unicode>D. GARCIE.</Unicode>
                </TextEquiv>
            </TextLine>
            <TextEquiv>
                <Unicode>D. GARCIE.</Unicode>
            </TextEquiv>
        </TextRegion>
        <TextRegion type="paragraph" id="r_1_17" custom="readingOrder {index:16;}">
            <Coords points="81,881 815,881 815,955 81,955"/>
            <TextLine id="tl_22" primaryLanguage="English" custom="readingOrder {index:0;}">
                <Coords points="83,882 793,882 793,921 83,921"/>
                <Baseline points="83,913 165,916 211,912 289,911 353,912 396,913 463,912 506,911 542,911 609,911 689,912 810,916"/>
                <Word id="w_w2aab1b1b2c33b1ab1" language="English" custom="readingOrder {index:0;}">
                    <Coords points="83,883 165,883 165,916 83,916"/>
                    <TextEquiv>
                        <Unicode>Non,</Unicode>
                    </TextEquiv>
                    <TextStyle fontFamily="Times New Roman" fontSize="8.5"/>
                </Word>
                <Word id="w_w2aab1b1b2c33b1ac11" language="English" custom="readingOrder {index:1;}">
                    <Coords points="181,893 211,893 211,913 181,913"/>
                    <TextEquiv>
                        <Unicode>ce</Unicode>
                    </TextEquiv>
                    <TextStyle fontFamily="Times New Roman" fontSize="8.5"/>
                </Word>
                <Word id="w_w2aab1b1b2c33b1ac17" language="English" custom="readingOrder {index:2;}">
                    <Coords points="225,882 289,882 289,912 225,912"/>
                    <TextEquiv>
                        <Unicode>n'eft</Unicode>
                    </TextEquiv>
                    <TextStyle fontFamily="Times New Roman" fontSize="8.5"/>
                </Word>
                <Word id="w_w2aab1b1b2c33b1ac29" language="English" custom="readingOrder {index:3;}">
                    <Coords points="299,884 353,884 353,912 299,912"/>
                    <TextEquiv>
                        <Unicode>rien</Unicode>
                    </TextEquiv>
                    <TextStyle fontFamily="Times New Roman" fontSize="8.5"/>
                </Word>
                <Word id="w_w2aab1b1b2c33b1ac39" language="English" custom="readingOrder {index:4;}">
                    <Coords points="361,884 396,884 396,913 361,913"/>
                    <TextEquiv>
                        <Unicode>du</Unicode>
                    </TextEquiv>
                    <TextStyle fontFamily="Times New Roman" fontSize="8.5"/>
                </Word>
                <Word id="w_w2aab1b1b2c33b1ac45" language="English" custom="readingOrder {index:5;}">
                    <Coords points="404,893 463,893 463,913 404,913"/>
                    <TextEquiv>
                        <Unicode>tout</Unicode>
                    </TextEquiv>
                    <TextStyle fontFamily="Times New Roman" fontSize="8.5"/>
                </Word>
                <Word id="w_w2aab1b1b2c33b1ac55" language="English" custom="readingOrder {index:6;}">
                    <Coords points="475,884 506,884 506,912 475,912"/>
                    <TextEquiv>
                        <Unicode>de</Unicode>
                    </TextEquiv>
                    <TextStyle fontFamily="Times New Roman" fontSize="8.5"/>
                </Word>
                <Word id="w_w2aab1b1b2c33b1ac61" language="English" custom="readingOrder {index:7;}">
                    <Coords points="514,893 542,893 542,912 514,912"/>
                    <TextEquiv>
                        <Unicode>ce</Unicode>
                    </TextEquiv>
                    <TextStyle fontFamily="Times New Roman" fontSize="8.5"/>
                </Word>
                <Word id="w_w2aab1b1b2c33b1ac67" language="English" custom="readingOrder {index:8;}">
                    <Coords points="556,893 609,893 609,912 556,912"/>
                    <TextEquiv>
                        <Unicode>nue</Unicode>
                    </TextEquiv>
                    <TextStyle fontFamily="Times New Roman" fontSize="8.5"/>
                </Word>
                <Word id="w_w2aab1b1b2c33b1ac75" language="English" custom="readingOrder {index:9;}">
                    <Coords points="623,892 689,892 689,912 623,912"/>
                    <TextEquiv>
                        <Unicode>vous</Unicode>
                    </TextEquiv>
                    <TextStyle fontFamily="Times New Roman" fontSize="8.5"/>
                </Word>
                <Word id="w_w2aab1b1b2c33b1ac85" language="English" custom="readingOrder {index:10;}">
                    <Coords points="701,883 793,883 793,921 701,921"/>
                    <TextEquiv>
                        <Unicode>pensez</Unicode>
                    </TextEquiv>
                    <TextStyle fontFamily="Times New Roman" fontSize="8.5"/>
                </Word>
                <TextEquiv>
                    <Unicode>Non, ce n'eſt rien du tout de ce que vous penſez,</Unicode>
                </TextEquiv>
                <TextStyle fontFamily="Times New Roman" fontSize="8.5"/>
            </TextLine>
            <TextLine id="tl_23" primaryLanguage="English" custom="readingOrder {index:1;}">
                <Coords points="82,916 710,916 710,954 82,954"/>
                <Baseline points="82,954 139,952 240,952 287,951 332,951 404,952 463,952 618,951 710,951"/>
                <Word id="w_w2aab1b1b2c33b3ab1" language="English" custom="readingOrder {index:0;}">
                    <Coords points="82,923 139,923 139,954 82,954"/>
                    <TextEquiv>
                        <Unicode>Vos</Unicode>
                    </TextEquiv>
                    <TextStyle fontFamily="Times New Roman" fontSize="8.5"/>
                </Word>
                <Word id="w_w2aab1b1b2c33b3ab9" language="English" custom="readingOrder {index:1;}">
                    <Coords points="152,923 240,923 240,953 152,953"/>
                    <TextEquiv>
                        <Unicode>ordres</Unicode>
                    </TextEquiv>
                    <TextStyle fontFamily="Times New Roman" fontSize="8.5"/>
                </Word>
                <Word id="w_w2aab1b1b2c33b3ac23" language="English" custom="readingOrder {index:2;}">
                    <Coords points="255,923 287,923 287,951 255,951"/>
                    <TextEquiv>
                        <Unicode>de</Unicode>
                    </TextEquiv>
                    <TextStyle fontFamily="Times New Roman" fontSize="8.5"/>
                </Word>
                <Word id="w_w2aab1b1b2c33b3ac29" language="English" custom="readingOrder {index:3;}">
                    <Coords points="301,933 332,933 332,952 301,952"/>
                    <TextEquiv>
                        <Unicode>ce</Unicode>
                    </TextEquiv>
                    <TextStyle fontFamily="Times New Roman" fontSize="8.5"/>
                </Word>
                <Word id="w_w2aab1b1b2c33b3ac35" language="English" custom="readingOrder {index:4;}">
                    <Coords points="348,924 404,924 404,953 348,953"/>
                    <TextEquiv>
                        <Unicode>mal</Unicode>
                    </TextEquiv>
                    <TextStyle fontFamily="Times New Roman" fontSize="8.5"/>
                </Word>
                <Word id="w_w2aab1b1b2c33b3ac43" language="English" custom="readingOrder {index:5;}">
                    <Coords points="419,934 463,934 463,952 419,952"/>
                    <TextEquiv>
                        <Unicode>me</Unicode>
                    </TextEquiv>
                    <TextStyle fontFamily="Times New Roman" fontSize="8.5"/>
                </Word>
                <Word id="w_w2aab1b1b2c33b3ac49" language="English" custom="readingOrder {index:6;}">
                    <Coords points="477,916 618,916 618,952 477,952"/>
                    <TextEquiv>
                        <Unicode>défendent</Unicode>
                    </TextEquiv>
                    <TextStyle fontFamily="Times New Roman" fontSize="8.5"/>
                </Word>
                <Word id="w_w2aab1b1b2c33b3ac69" language="English" custom="readingOrder {index:7;}">
                    <Coords points="632,922 710,922 710,952 632,952"/>
                    <TextEquiv>
                        <Unicode>allez.</Unicode>
                    </TextEquiv>
                    <TextStyle fontFamily="Times New Roman" fontSize="8.5"/>
                </Word>
                <TextEquiv>
                    <Unicode>Vos ordres de ce mal me défendent aſſez.</Unicode>
                </TextEquiv>
                <TextStyle fontFamily="Times New Roman" fontSize="8.5"/>
            </TextLine>
            <TextEquiv>
                <Unicode>Non, ce n'eſt rien du tout de ce que vous penſez,
Vos ordres de ce mal me défendent aſſez.</Unicode>
            </TextEquiv>
        </TextRegion>
        <TextRegion type="paragraph" id="r_1_18" custom="readingOrder {index:17;}">
            <Coords points="342,964 624,964 624,993 342,993"/>
            <TextLine id="tl_24" primaryLanguage="English" custom="readingOrder {index:0;}">
                <Coords points="343,965 623,965 623,992 343,992"/>
                <Baseline points="343,992 379,991 442,992 474,991 509,990 539,991 580,990 623,990"/>
                <Word id="w_w2aab1b1b2c35b1ab1" language="English" custom="readingOrder {index:0;}">
                    <Coords points="343,965 379,965 379,992 343,992"/>
                    <TextEquiv>
                        <Unicode>D.</Unicode>
                    </TextEquiv>
                    <TextStyle fontFamily="Times New Roman" fontSize="8.5"/>
                </Word>
                <Word id="w_w2aab1b1b2c35b1ab7" language="English" custom="readingOrder {index:1;}">
                    <Coords points="419,965 442,965 442,992 419,992"/>
                    <TextEquiv>
                        <Unicode>E</Unicode>
                    </TextEquiv>
                    <TextStyle fontFamily="Times New Roman" fontSize="8.5"/>
                </Word>
                <Word id="w_w2aab1b1b2c35b1b1b1" language="English" custom="readingOrder {index:2;}">
                    <Coords points="458,972 474,972 474,991 458,991"/>
                    <TextEquiv>
                        <Unicode>l</Unicode>
                    </TextEquiv>
                    <TextStyle fontFamily="Times New Roman" fontSize="6.5"/>
                </Word>
                <Word id="w_w2aab1b1b2c35b1b2b3" language="English" custom="readingOrder {index:3;}">
                    <Coords points="491,974 509,974 509,990 491,990"/>
                    <TextEquiv>
                        <Unicode>u</Unicode>
                    </TextEquiv>
                    <TextStyle fontFamily="Times New Roman" fontSize="6.5"/>
                </Word>
                <Word id="w_w2aab1b1b2c35b1b2b7" language="English" custom="readingOrder {index:4;}">
                    <Coords points="529,973 539,973 539,991 529,991"/>
                    <TextEquiv>
                        <Unicode>I</Unicode>
                    </TextEquiv>
                    <TextStyle fontFamily="Times New Roman" fontSize="6.5"/>
                </Word>
                <Word id="w_w2aab1b1b2c35b1b2c11" language="English" custom="readingOrder {index:5;}">
                    <Coords points="560,971 580,971 580,990 560,990"/>
                    <TextEquiv>
                        <Unicode>R</Unicode>
                    </TextEquiv>
                    <TextStyle fontFamily="Times New Roman" fontSize="6.5"/>
                </Word>
                <Word id="w_w2aab1b1b2c35b1b2c15" language="English" custom="readingOrder {index:6;}">
                    <Coords points="599,973 623,973 623,991 599,991"/>
                    <TextEquiv>
                        <Unicode>i.</Unicode>
                    </TextEquiv>
                    <TextStyle fontFamily="Times New Roman" fontSize="6.5"/>
                </Word>
                <TextEquiv>
                    <Unicode>D. ELUIRE.</Unicode>
                </TextEquiv>
            </TextLine>
            <TextEquiv>
                <Unicode>D. ELUIRE.</Unicode>
            </TextEquiv>
        </TextRegion>
        <TextRegion type="paragraph" id="r_1_19" custom="readingOrder {index:18;}">
            <Coords points="79,999 813,999 813,1043 79,1043"/>
            <TextLine id="tl_25" primaryLanguage="English" custom="readingOrder {index:0;}">
                <Coords points="80,1000 812,1000 812,1042 80,1042"/>
                <Baseline points="80,1032 143,1032 280,1031 351,1031 439,1031 514,1031 622,1030 699,1030 812,1038"/>
                <Word id="w_w2aab1b1b2c37b1ab1" language="English" custom="readingOrder {index:0;}">
                    <Coords points="80,1004 143,1004 143,1032 80,1032"/>
                    <TextEquiv>
                        <Unicode>Sans</Unicode>
                    </TextEquiv>
                    <TextStyle fontFamily="Times New Roman" fontSize="8.5"/>
                </Word>
                <Word id="w_w2aab1b1b2c37b1ac11" language="English" custom="readingOrder {index:1;}">
                    <Coords points="155,1001 280,1001 280,1032 155,1032"/>
                    <TextEquiv>
                        <Unicode>chercher</Unicode>
                    </TextEquiv>
                    <TextStyle fontFamily="Times New Roman" fontSize="8.5"/>
                </Word>
                <Word id="w_w2aab1b1b2c37b1ac29" language="English" custom="readingOrder {index:2;}">
                    <Coords points="293,1003 351,1003 351,1042 293,1042"/>
                    <TextEquiv>
                        <Unicode>plus</Unicode>
                    </TextEquiv>
                    <TextStyle fontFamily="Times New Roman" fontSize="8.5"/>
                </Word>
                <Word id="w_w2aab1b1b2c37b1ac39" language="English" custom="readingOrder {index:3;}">
                    <Coords points="363,1012 439,1012 439,1032 363,1032"/>
                    <TextEquiv>
                        <Unicode>avant</Unicode>
                    </TextEquiv>
                    <TextStyle fontFamily="Times New Roman" fontSize="8.5"/>
                </Word>
                <Word id="w_w2aab1b1b2c37b1ac51" language="English" custom="readingOrder {index:4;}">
                    <Coords points="453,1002 514,1002 514,1041 453,1041"/>
                    <TextEquiv>
                        <Unicode>quel</Unicode>
                    </TextEquiv>
                    <TextStyle fontFamily="Times New Roman" fontSize="8.5"/>
                </Word>
                <Word id="w_w2aab1b1b2c37b1ac61" language="English" custom="readingOrder {index:5;}">
                    <Coords points="528,1001 622,1001 622,1031 528,1031"/>
                    <TextEquiv>
                        <Unicode>intérêt</Unicode>
                    </TextEquiv>
                    <TextStyle fontFamily="Times New Roman" fontSize="8.5"/>
                </Word>
                <Word id="w_w2aab1b1b2c37b1ac77" language="English" custom="readingOrder {index:6;}">
                    <Coords points="634,1011 699,1011 699,1030 634,1030"/>
                    <TextEquiv>
                        <Unicode>vous</Unicode>
                    </TextEquiv>
                    <TextStyle fontFamily="Times New Roman" fontSize="8.5"/>
                </Word>
                <Word id="w_w2aab1b1b2c37b1ac87" language="English" custom="readingOrder {index:7;}">
                    <Coords points="713,1000 812,1000 812,1040 713,1040"/>
                    <TextEquiv>
                        <Unicode>prefle,</Unicode>
                    </TextEquiv>
                    <TextStyle fontFamily="Times New Roman" fontSize="8.5"/>
                </Word>
                <TextEquiv>
                    <Unicode>Sans chercher plus avant quel intérêt vous preſſe,</Unicode>
                </TextEquiv>
                <TextStyle fontFamily="Times New Roman" fontSize="8.5"/>
            </TextLine>
            <TextEquiv>
                <Unicode>Sans chercher plus avant quel intérêt vous preſſe,</Unicode>
            </TextEquiv>
        </TextRegion>
        <TextRegion type="paragraph" id="r_1_20" custom="readingOrder {index:19;}">
            <Coords points="77,1039 703,1039 703,1080 77,1080"/>
            <TextLine id="tl_26" primaryLanguage="English" custom="readingOrder {index:0;}">
                <Coords points="78,1040 702,1040 702,1079 78,1079"/>
                <Baseline points="78,1079 129,1071 212,1071 276,1072 305,1071 390,1071 467,1071 497,1071 537,1071 702,1074"/>
                <Word id="w_w2aab1b1b2c39b1ab1" language="English" custom="readingOrder {index:0;}">
                    <Coords points="78,1043 129,1043 129,1079 78,1079"/>
                    <TextEquiv>
                        <Unicode>J’ai</Unicode>
                    </TextEquiv>
                    <TextStyle fontFamily="Times New Roman" fontSize="8.5"/>
                </Word>
                <Word id="w_w2aab1b1b2c39b1ac11" language="English" custom="readingOrder {index:1;}">
                    <Coords points="144,1043 212,1043 212,1071 144,1071"/>
                    <TextEquiv>
                        <Unicode>deux</Unicode>
                    </TextEquiv>
                    <TextStyle fontFamily="Times New Roman" fontSize="8.5"/>
                </Word>
                <Word id="w_w2aab1b1b2c39b1ac21" language="English" custom="readingOrder {index:2;}">
                    <Coords points="226,1042 276,1042 276,1072 226,1072"/>
                    <TextEquiv>
                        <Unicode>fois</Unicode>
                    </TextEquiv>
                    <TextStyle fontFamily="Times New Roman" fontSize="8.5"/>
                </Word>
                <Word id="w_w2aab1b1b2c39b1ac31" language="English" custom="readingOrder {index:3;}">
                    <Coords points="286,1043 305,1043 305,1071 286,1071"/>
                    <TextEquiv>
                        <Unicode>à</Unicode>
                    </TextEquiv>
                    <TextStyle fontFamily="Times New Roman" fontSize="8.5"/>
                </Word>
                <Word id="w_w2aab1b1b2c39b1ac35" language="English" custom="readingOrder {index:4;}">
                    <Coords points="318,1045 390,1045 390,1071 318,1071"/>
                    <TextEquiv>
                        <Unicode>Leon</Unicode>
                    </TextEquiv>
                    <TextStyle fontFamily="Times New Roman" fontSize="8.5"/>
                </Word>
                <Word id="w_w2aab1b1b2c39b1ac45" language="English" custom="readingOrder {index:5;}">
                    <Coords points="404,1044 467,1044 467,1071 404,1071"/>
                    <TextEquiv>
                        <Unicode>écrit</Unicode>
                    </TextEquiv>
                    <TextStyle fontFamily="Times New Roman" fontSize="8.5"/>
                </Word>
                <Word id="w_w2aab1b1b2c39b1ac57" language="English" custom="readingOrder {index:6;}">
                    <Coords points="481,1042 497,1042 497,1071 481,1071"/>
                    <TextEquiv>
                        <Unicode>à</Unicode>
                    </TextEquiv>
                    <TextStyle fontFamily="Times New Roman" fontSize="8.5"/>
                </Word>
                <Word id="w_w2aab1b1b2c39b1ac61" language="English" custom="readingOrder {index:7;}">
                    <Coords points="511,1042 537,1042 537,1071 511,1071"/>
                    <TextEquiv>
                        <Unicode>la</Unicode>
                    </TextEquiv>
                    <TextStyle fontFamily="Times New Roman" fontSize="8.5"/>
                </Word>
                <Word id="w_w2aab1b1b2c39b1ac67" language="English" custom="readingOrder {index:8;}">
                    <Coords points="550,1040 702,1040 702,1074 550,1074"/>
                    <TextEquiv>
                        <Unicode>Gomtelle;</Unicode>
                    </TextEquiv>
                    <TextStyle fontFamily="Times New Roman" fontSize="8.5"/>
                </Word>
                <TextEquiv>
                    <Unicode>J’ai deux fois à Leon écrit à la Comteſſe;</Unicode>
                </TextEquiv>
                <TextStyle fontFamily="Times New Roman" fontSize="8.5"/>
            </TextLine>
            <TextEquiv>
                <Unicode>J’ai deux fois à Leon écrit à la Comteſſe;</Unicode>
            </TextEquiv>
        </TextRegion>
        <TextRegion type="paragraph" id="r_1_21" custom="readingOrder {index:20;}">
            <Coords points="78,1081 769,1081 769,1123 78,1123"/>
            <TextLine id="tl_27" primaryLanguage="English" custom="readingOrder {index:0;}">
                <Coords points="79,1082 768,1082 768,1122 79,1122"/>
                <Baseline points="79,1111 113,1110 197,1110 262,1111 307,1111 445,1111 498,1110 602,1114 633,1110 768,1108"/>
                <Word id="w_w2aab1b1b2c41b1ab1" language="English" custom="readingOrder {index:0;}">
                    <Coords points="79,1082 113,1082 113,1111 79,1111"/>
                    <TextEquiv>
                        <Unicode>Et</Unicode>
                    </TextEquiv>
                    <TextStyle fontFamily="Times New Roman" fontSize="8.5"/>
                </Word>
                <Word id="w_w2aab1b1b2c41b1ab7" language="English" custom="readingOrder {index:1;}">
                    <Coords points="127,1082 197,1082 197,1111 127,1111"/>
                    <TextEquiv>
                        <Unicode>deux</Unicode>
                    </TextEquiv>
                    <TextStyle fontFamily="Times New Roman" fontSize="8.5"/>
                </Word>
                <Word id="w_w2aab1b1b2c41b1ac17" language="English" custom="readingOrder {index:2;}">
                    <Coords points="211,1082 262,1082 262,1111 211,1111"/>
                    <TextEquiv>
                        <Unicode>fois</Unicode>
                    </TextEquiv>
                    <TextStyle fontFamily="Times New Roman" fontSize="8.5"/>
                </Word>
                <Word id="w_w2aab1b1b2c41b1ac27" language="English" custom="readingOrder {index:3;}">
                    <Coords points="275,1093 307,1093 307,1111 275,1111"/>
                    <TextEquiv>
                        <Unicode>au</Unicode>
                    </TextEquiv>
                    <TextStyle fontFamily="Times New Roman" fontSize="8.5"/>
                </Word>
                <Word id="w_w2aab1b1b2c41b1ac33" language="English" custom="readingOrder {index:4;}">
                    <Coords points="326,1083 445,1083 445,1122 326,1122"/>
                    <TextEquiv>
                        <Unicode>Marquis</Unicode>
                    </TextEquiv>
                    <TextStyle fontFamily="Times New Roman" fontSize="8.5"/>
                </Word>
                <Word id="w_w2aab1b1b2c41b1ac49" language="English" custom="readingOrder {index:5;}">
                    <Coords points="461,1083 498,1083 498,1111 461,1111"/>
                    <TextEquiv>
                        <Unicode>D.</Unicode>
                    </TextEquiv>
                    <TextStyle fontFamily="Times New Roman" fontSize="8.5"/>
                </Word>
                <Word id="w_w2aab1b1b2c41b1ac55" language="English" custom="readingOrder {index:6;}">
                    <Coords points="505,1083 602,1083 602,1114 505,1114"/>
                    <TextEquiv>
                        <Unicode>Louis,</Unicode>
                    </TextEquiv>
                    <TextStyle fontFamily="Times New Roman" fontSize="8.5"/>
                </Word>
                <Word id="w_w2aab1b1b2c41b1ac69" language="English" custom="readingOrder {index:7;}">
                    <Coords points="617,1082 633,1082 633,1110 617,1110"/>
                    <TextEquiv>
                        <Unicode>à</Unicode>
                    </TextEquiv>
                    <TextStyle fontFamily="Times New Roman" fontSize="8.5"/>
                </Word>
                <Word id="w_w2aab1b1b2c41b1ac73" language="English" custom="readingOrder {index:8;}">
                    <Coords points="649,1083 768,1083 768,1122 649,1122"/>
                    <TextEquiv>
                        <Unicode>Burgos?</Unicode>
                    </TextEquiv>
                    <TextStyle fontFamily="Times New Roman" fontSize="8.5"/>
                </Word>
                <TextEquiv>
                    <Unicode>Et deux fois au Marquis D. Loüis, à Burgos?</Unicode>
                </TextEquiv>
                <TextStyle fontFamily="Times New Roman" fontSize="8.5"/>
            </TextLine>
            <TextEquiv>
                <Unicode>Et deux fois au Marquis D. Loüis, à Burgos?</Unicode>
            </TextEquiv>
        </TextRegion>
        <TextRegion type="paragraph" id="r_1_22" custom="readingOrder {index:21;}">
            <Coords points="77,1121 648,1121 648,1162 77,1162"/>
            <TextLine id="tl_28" primaryLanguage="English" custom="readingOrder {index:0;}">
                <Coords points="78,1122 647,1122 647,1161 78,1161"/>
                <Baseline points="78,1150 150,1150 229,1148 348,1150 493,1150 539,1150 629,1150 647,1149"/>
                <Word id="w_w2aab1b1b2c43b1ab1" language="English" custom="readingOrder {index:0;}">
                    <Coords points="78,1123 150,1123 150,1150 78,1150"/>
                    <TextEquiv>
                        <Unicode>Avec</Unicode>
                    </TextEquiv>
                    <TextStyle fontFamily="Times New Roman" fontSize="8.5"/>
                </Word>
                <Word id="w_w2aab1b1b2c43b1ac11" language="English" custom="readingOrder {index:1;}">
                    <Coords points="165,1130 229,1130 229,1150 165,1150"/>
                    <TextEquiv>
                        <Unicode>cette</Unicode>
                    </TextEquiv>
                    <TextStyle fontFamily="Times New Roman" fontSize="8.5"/>
                </Word>
                <Word id="w_w2aab1b1b2c43b1ac23" language="English" custom="readingOrder {index:2;}">
                    <Coords points="241,1122 348,1122 348,1161 241,1161"/>
                    <TextEquiv>
                        <Unicode>réponse</Unicode>
                    </TextEquiv>
                    <TextStyle fontFamily="Times New Roman" fontSize="8.5"/>
                </Word>
                <Word id="w_w2aab1b1b2c43b1ac39" language="English" custom="readingOrder {index:3;}">
                    <Coords points="361,1122 493,1122 493,1151 361,1151"/>
                    <TextEquiv>
                        <Unicode>êtes-vous</Unicode>
                    </TextEquiv>
                    <TextStyle fontFamily="Times New Roman" fontSize="8.5"/>
                </Word>
                <Word id="w_w2aab1b1b2c43b1ac59" language="English" custom="readingOrder {index:4;}">
                    <Coords points="508,1131 539,1131 539,1150 508,1150"/>
                    <TextEquiv>
                        <Unicode>en</Unicode>
                    </TextEquiv>
                    <TextStyle fontFamily="Times New Roman" fontSize="8.5"/>
                </Word>
                <Word id="w_w2aab1b1b2c43b1ac65" language="English" custom="readingOrder {index:5;}">
                    <Coords points="554,1131 629,1131 629,1160 554,1160"/>
                    <TextEquiv>
                        <Unicode>repos</Unicode>
                    </TextEquiv>
                    <TextStyle fontFamily="Times New Roman" fontSize="8.5"/>
                </Word>
                <Word id="w_w2aab1b1b2c43b1ac77" language="English" custom="readingOrder {index:6;}">
                    <Coords points="639,1126 647,1126 647,1149 639,1149"/>
                    <TextEquiv>
                        <Unicode>?</Unicode>
                    </TextEquiv>
                    <TextStyle fontFamily="Times New Roman" fontSize="8.5"/>
                </Word>
                <TextEquiv>
                    <Unicode>Avec cette réponſe êtes-vous en repos?</Unicode>
                </TextEquiv>
                <TextStyle fontFamily="Times New Roman" fontSize="8.5"/>
            </TextLine>
            <TextEquiv>
                <Unicode>Avec cette réponſe êtes-vous en repos?</Unicode>
            </TextEquiv>
        </TextRegion>
        <TextRegion type="paragraph" id="r_1_23" custom="readingOrder {index:22;}">
            <Coords points="335,1162 622,1162 622,1191 335,1191"/>
            <TextLine id="tl_29" primaryLanguage="English" custom="readingOrder {index:0;}">
                <Coords points="336,1163 621,1163 621,1190 336,1190"/>
                <Baseline points="336,1189 363,1189 621,1189"/>
                <Word id="w_w2aab1b1b2c45b1ab1" language="English" custom="readingOrder {index:0;}">
                    <Coords points="336,1163 371,1163 371,1190 336,1190"/>
                    <TextEquiv>
                        <Unicode>D.</Unicode>
                    </TextEquiv>
                    <TextStyle fontFamily="Times New Roman" fontSize="8.5"/>
                </Word>
                <Word id="w_w2aab1b1b2c45b1b1b1" language="English" custom="readingOrder {index:1;}">
                    <Coords points="412,1163 621,1163 621,1190 412,1190"/>
                    <TextEquiv>
                        <Unicode>Garcie.</Unicode>
                    </TextEquiv>
                    <TextStyle fontFamily="Times New Roman" fontSize="8.5"/>
                </Word>
                <TextEquiv>
                    <Unicode>D. GARCIE.</Unicode>
                </TextEquiv>
            </TextLine>
            <TextEquiv>
                <Unicode>D. GARCIE.</Unicode>
            </TextEquiv>
        </TextRegion>
        <TextRegion type="paragraph" id="r_1_24" custom="readingOrder {index:23;}">
            <Coords points="75,1198 831,1198 831,1272 75,1272"/>
            <TextLine id="tl_30" primaryLanguage="English" custom="readingOrder {index:0;}">
                <Coords points="77,1199 830,1199 830,1241 77,1241"/>
                <Baseline points="77,1230 152,1229 257,1230 345,1230 422,1229 453,1231 584,1229 670,1228 830,1235"/>
                <Word id="w_w2aab1b1b2c47b1ab1" language="English" custom="readingOrder {index:0;}">
                    <Coords points="77,1202 152,1202 152,1230 77,1230"/>
                    <TextEquiv>
                        <Unicode>Vous</Unicode>
                    </TextEquiv>
                    <TextStyle fontFamily="Times New Roman" fontSize="8.5"/>
                </Word>
                <Word id="w_w2aab1b1b2c47b1ac11" language="English" custom="readingOrder {index:1;}">
                    <Coords points="167,1203 257,1203 257,1230 167,1230"/>
                    <TextEquiv>
                        <Unicode>n'avez</Unicode>
                    </TextEquiv>
                    <TextStyle fontFamily="Times New Roman" fontSize="8.5"/>
                </Word>
                <Word id="w_w2aab1b1b2c47b1ac25" language="English" custom="readingOrder {index:2;}">
                    <Coords points="269,1202 345,1202 345,1240 269,1240"/>
                    <TextEquiv>
                        <Unicode>point</Unicode>
                    </TextEquiv>
                    <TextStyle fontFamily="Times New Roman" fontSize="8.5"/>
                </Word>
                <Word id="w_w2aab1b1b2c47b1ac37" language="English" custom="readingOrder {index:3;}">
                    <Coords points="358,1200 422,1200 422,1229 358,1229"/>
                    <TextEquiv>
                        <Unicode>écrit</Unicode>
                    </TextEquiv>
                    <TextStyle fontFamily="Times New Roman" fontSize="8.5"/>
                </Word>
                <Word id="w_w2aab1b1b2c47b1ac49" language="English" custom="readingOrder {index:4;}">
                    <Coords points="435,1202 453,1202 453,1231 435,1231"/>
                    <TextEquiv>
                        <Unicode>à</Unicode>
                    </TextEquiv>
                    <TextStyle fontFamily="Times New Roman" fontSize="8.5"/>
                </Word>
                <Word id="w_w2aab1b1b2c47b1ac53" language="English" custom="readingOrder {index:5;}">
                    <Coords points="470,1202 584,1202 584,1241 470,1241"/>
                    <TextEquiv>
                        <Unicode>quelque</Unicode>
                    </TextEquiv>
                    <TextStyle fontFamily="Times New Roman" fontSize="8.5"/>
                </Word>
                <Word id="w_w2aab1b1b2c47b1ac69" language="English" custom="readingOrder {index:6;}">
                    <Coords points="596,1209 670,1209 670,1230 596,1230"/>
                    <TextEquiv>
                        <Unicode>autre</Unicode>
                    </TextEquiv>
                    <TextStyle fontFamily="Times New Roman" fontSize="8.5"/>
                </Word>
                <Word id="w_w2aab1b1b2c47b1ac81" language="English" custom="readingOrder {index:7;}">
                    <Coords points="682,1199 830,1199 830,1239 682,1239"/>
                    <TextEquiv>
                        <Unicode>personne.</Unicode>
                    </TextEquiv>
                    <TextStyle fontFamily="Times New Roman" fontSize="8.5"/>
                </Word>
                <TextEquiv>
                    <Unicode>Vous n'avez point écrit à quelque autre perſonne,</Unicode>
                </TextEquiv>
                <TextStyle fontFamily="Times New Roman" fontSize="8.5"/>
            </TextLine>
            <TextLine id="tl_31" primaryLanguage="English" custom="readingOrder {index:1;}">
                <Coords points="76,1240 636,1240 636,1271 76,1271"/>
                <Baseline points="76,1271 222,1268 395,1268 456,1269 490,1268 526,1267 555,1268 593,1268 636,1268"/>
                <Word id="w_w2aab1b1b2c47b3ab1" language="English" custom="readingOrder {index:0;}">
                    <Coords points="76,1240 222,1240 222,1271 76,1271"/>
                    <TextEquiv>
                        <Unicode>Madame?</Unicode>
                    </TextEquiv>
                    <TextStyle fontFamily="Times New Roman" fontSize="8.5"/>
                </Word>
                <Word id="w_w2aab1b1b2c47b3ac17" language="English" custom="readingOrder {index:1;}">
                    <Coords points="358,1242 395,1242 395,1268 358,1268"/>
                    <TextEquiv>
                        <Unicode>D.</Unicode>
                    </TextEquiv>
                    <TextStyle fontFamily="Times New Roman" fontSize="8.5"/>
                </Word>
                <Word id="w_w2aab1b1b2c47b3ac23" language="English" custom="readingOrder {index:2;}">
                    <Coords points="433,1242 456,1242 456,1269 433,1269"/>
                    <TextEquiv>
                        <Unicode>E</Unicode>
                    </TextEquiv>
                    <TextStyle fontFamily="Times New Roman" fontSize="8.5"/>
                </Word>
                <Word id="w_w2aab1b1b2c47b3b1b1" language="English" custom="readingOrder {index:3;}">
                    <Coords points="474,1250 490,1250 490,1268 474,1268"/>
                    <TextEquiv>
                        <Unicode>l</Unicode>
                    </TextEquiv>
                    <TextStyle fontFamily="Times New Roman" fontSize="8.5"/>
                </Word>
                <Word id="w_w2aab1b1b2c47b3b2b1" language="English" custom="readingOrder {index:4;}">
                    <Coords points="510,1250 526,1250 526,1267 510,1267"/>
                    <TextEquiv>
                        <Unicode>u</Unicode>
                    </TextEquiv>
                    <TextStyle fontFamily="Times New Roman" fontSize="6.5"/>
                </Word>
                <Word id="w_w2aab1b1b2c47b3b2b5" language="English" custom="readingOrder {index:5;}">
                    <Coords points="544,1251 555,1251 555,1268 544,1268"/>
                    <TextEquiv>
                        <Unicode>i</Unicode>
                    </TextEquiv>
                    <TextStyle fontFamily="Times New Roman" fontSize="6.5"/>
                </Word>
                <Word id="w_w2aab1b1b2c47b3b2b9" language="English" custom="readingOrder {index:6;}">
                    <Coords points="573,1249 593,1249 593,1268 573,1268"/>
                    <TextEquiv>
                        <Unicode>r</Unicode>
                    </TextEquiv>
                    <TextStyle fontFamily="Times New Roman" fontSize="6.5"/>
                </Word>
                <Word id="w_w2aab1b1b2c47b3b2c13" language="English" custom="readingOrder {index:7;}">
                    <Coords points="612,1252 636,1252 636,1269 612,1269"/>
                    <TextEquiv>
                        <Unicode>i.</Unicode>
                    </TextEquiv>
                    <TextStyle fontFamily="Times New Roman" fontSize="6.5"/>
                </Word>
                <TextEquiv>
                    <Unicode>Madame? D. ELUIRE.</Unicode>
                </TextEquiv>
            </TextLine>
            <TextEquiv>
                <Unicode>Vous n'avez point écrit à quelque autre perſonne,
Madame? D. ELUIRE.</Unicode>
            </TextEquiv>
        </TextRegion>
        <TextRegion type="paragraph" id="r_1_25" custom="readingOrder {index:24;}">
            <Coords points="245,1278 884,1278 884,1350 245,1350"/>
            <TextLine id="tl_32" primaryLanguage="English" custom="readingOrder {index:0;}">
                <Coords points="246,1279 883,1279 883,1314 246,1314"/>
                <Baseline points="246,1310 328,1314 400,1309 508,1313 552,1310 596,1308 726,1308 883,1312"/>
                <Word id="w_w2aab1b1b2c49b1ab1" language="English" custom="readingOrder {index:0;}">
                    <Coords points="246,1281 328,1281 328,1314 246,1314"/>
                    <TextEquiv>
                        <Unicode>Non,</Unicode>
                    </TextEquiv>
                    <TextStyle fontFamily="Times New Roman" fontSize="8.5"/>
                </Word>
                <Word id="w_w2aab1b1b2c49b1ac11" language="English" custom="readingOrder {index:1;}">
                    <Coords points="344,1279 400,1279 400,1310 344,1310"/>
                    <TextEquiv>
                        <Unicode>fans</Unicode>
                    </TextEquiv>
                    <TextStyle fontFamily="Times New Roman" fontSize="8.5"/>
                </Word>
                <Word id="w_w2aab1b1b2c49b1ac21" language="English" custom="readingOrder {index:2;}">
                    <Coords points="412,1280 508,1280 508,1313 412,1313"/>
                    <TextEquiv>
                        <Unicode>doute,</Unicode>
                    </TextEquiv>
                    <TextStyle fontFamily="Times New Roman" fontSize="8.5"/>
                </Word>
                <Word id="w_w2aab1b1b2c49b1ac35" language="English" custom="readingOrder {index:3;}">
                    <Coords points="525,1284 552,1284 552,1310 525,1310"/>
                    <TextEquiv>
                        <Unicode>&amp;</Unicode>
                    </TextEquiv>
                    <TextStyle fontFamily="Times New Roman" fontSize="8.5"/>
                </Word>
                <Word id="w_w2aab1b1b2c49b1ac39" language="English" custom="readingOrder {index:4;}">
                    <Coords points="569,1290 596,1290 596,1309 569,1309"/>
                    <TextEquiv>
                        <Unicode>ce</Unicode>
                    </TextEquiv>
                    <TextStyle fontFamily="Times New Roman" fontSize="8.5"/>
                </Word>
                <Word id="w_w2aab1b1b2c49b1ac45" language="English" custom="readingOrder {index:5;}">
                    <Coords points="611,1279 726,1279 726,1310 611,1310"/>
                    <TextEquiv>
                        <Unicode>difcours</Unicode>
                    </TextEquiv>
                    <TextStyle fontFamily="Times New Roman" fontSize="8.5"/>
                </Word>
                <Word id="w_w2aab1b1b2c49b1ac63" language="English" custom="readingOrder {index:6;}">
                    <Coords points="732,1280 883,1280 883,1312 732,1312"/>
                    <TextEquiv>
                        <Unicode>m’étonne.</Unicode>
                    </TextEquiv>
                    <TextStyle fontFamily="Times New Roman" fontSize="8.5"/>
                </Word>
                <TextEquiv>
                    <Unicode>Non, ſans doute, &amp; ce diſcours m’étonne.</Unicode>
                </TextEquiv>
                <TextStyle fontFamily="Times New Roman" fontSize="8.5"/>
            </TextLine>
            <TextLine id="tl_33" primaryLanguage="English" custom="readingOrder {index:1;}">
                <Coords points="332,1322 619,1322 619,1349 332,1349"/>
                <Baseline points="332,1348 359,1348 619,1347"/>
                <Word id="w_w2aab1b1b2c49b3ab1" language="English" custom="readingOrder {index:0;}">
                    <Coords points="332,1322 368,1322 368,1349 332,1349"/>
                    <TextEquiv>
                        <Unicode>D.</Unicode>
                    </TextEquiv>
                    <TextStyle fontFamily="Times New Roman" fontSize="8.5"/>
                </Word>
                <Word id="w_w2aab1b1b2c49b3b1b1" language="English" custom="readingOrder {index:1;}">
                    <Coords points="407,1322 619,1322 619,1349 407,1349"/>
                    <TextEquiv>
                        <Unicode>Garcie.</Unicode>
                    </TextEquiv>
                    <TextStyle fontFamily="Times New Roman" fontSize="8.5"/>
                </Word>
                <TextEquiv>
                    <Unicode>D. GARCIE.</Unicode>
                </TextEquiv>
            </TextLine>
            <TextEquiv>
                <Unicode>Non, ſans doute, &amp; ce diſcours m’étonne.
D. GARCIE.</Unicode>
            </TextEquiv>
        </TextRegion>
        <TextRegion type="paragraph" id="r_1_26" custom="readingOrder {index:25;}">
            <Coords points="72,1356 697,1356 697,1401 72,1401"/>
            <TextLine id="tl_34" primaryLanguage="English" custom="readingOrder {index:0;}">
                <Coords points="73,1357 696,1357 696,1400 73,1400"/>
                <Baseline points="73,1387 116,1387 205,1388 314,1388 386,1388 477,1388 542,1388 696,1393"/>
                <Word id="w_w2aab1b1b2c51b1ab1" language="English" custom="readingOrder {index:0;}">
                    <Coords points="73,1359 116,1359 116,1387 73,1387"/>
                    <TextEquiv>
                        <Unicode>De</Unicode>
                    </TextEquiv>
                    <TextStyle fontFamily="Times New Roman" fontSize="8.5"/>
                </Word>
                <Word id="w_w2aab1b1b2c51b1ab7" language="English" custom="readingOrder {index:1;}">
                    <Coords points="129,1369 205,1369 205,1399 129,1399"/>
                    <TextEquiv>
                        <Unicode>grâce</Unicode>
                    </TextEquiv>
                    <TextStyle fontFamily="Times New Roman" fontSize="8.5"/>
                </Word>
                <Word id="w_w2aab1b1b2c51b1ac19" language="English" custom="readingOrder {index:2;}">
                    <Coords points="217,1359 314,1359 314,1400 217,1400"/>
                    <TextEquiv>
                        <Unicode>longez</Unicode>
                    </TextEquiv>
                    <TextStyle fontFamily="Times New Roman" fontSize="8.5"/>
                </Word>
                <Word id="w_w2aab1b1b2c51b1ac33" language="English" custom="readingOrder {index:3;}">
                    <Coords points="327,1360 386,1360 386,1388 327,1388"/>
                    <TextEquiv>
                        <Unicode>bien</Unicode>
                    </TextEquiv>
                    <TextStyle fontFamily="Times New Roman" fontSize="8.5"/>
                </Word>
                <Word id="w_w2aab1b1b2c51b1ac43" language="English" custom="readingOrder {index:4;}">
                    <Coords points="401,1369 477,1369 477,1388 401,1388"/>
                    <TextEquiv>
                        <Unicode>avant</Unicode>
                    </TextEquiv>
                    <TextStyle fontFamily="Times New Roman" fontSize="8.5"/>
                </Word>
                <Word id="w_w2aab1b1b2c51b1ac55" language="English" custom="readingOrder {index:5;}">
                    <Coords points="490,1370 542,1370 542,1399 490,1399"/>
                    <TextEquiv>
                        <Unicode>que</Unicode>
                    </TextEquiv>
                    <TextStyle fontFamily="Times New Roman" fontSize="8.5"/>
                </Word>
                <Word id="w_w2aab1b1b2c51b1ac63" language="English" custom="readingOrder {index:6;}">
                    <Coords points="554,1357 696,1357 696,1393 554,1393"/>
                    <TextEquiv>
                        <Unicode>d’alTurer,</Unicode>
                    </TextEquiv>
                    <TextStyle fontFamily="Times New Roman" fontSize="8.5"/>
                </Word>
                <TextEquiv>
                    <Unicode>De grace ſongez bien avant que d’aſſurer,</Unicode>
                </TextEquiv>
                <TextStyle fontFamily="Times New Roman" fontSize="8.5"/>
            </TextLine>
            <TextEquiv>
                <Unicode>De grace ſongez bien avant que d’aſſurer,</Unicode>
            </TextEquiv>
        </TextRegion>
        <TextRegion type="paragraph" id="r_1_27" custom="readingOrder {index:26;}">
            <Coords points="69,1398 769,1398 769,1439 69,1439"/>
            <TextLine id="tl_35" primaryLanguage="English" custom="readingOrder {index:0;}">
                <Coords points="70,1399 768,1399 768,1438 70,1438"/>
                <Baseline points="70,1428 112,1427 273,1427 319,1426 467,1427 516,1428 592,1427 630,1427 768,1431"/>
                <Word id="w_w2aab1b1b2c53b1ab1" language="English" custom="readingOrder {index:0;}">
                    <Coords points="70,1399 112,1399 112,1428 70,1428"/>
                    <TextEquiv>
                        <Unicode>En</Unicode>
                    </TextEquiv>
                    <TextStyle fontFamily="Times New Roman" fontSize="8.5"/>
                </Word>
                <Word id="w_w2aab1b1b2c53b1ab7" language="English" custom="readingOrder {index:1;}">
                    <Coords points="127,1408 273,1408 273,1438 127,1438"/>
                    <TextEquiv>
                        <Unicode>manquant</Unicode>
                    </TextEquiv>
                    <TextStyle fontFamily="Times New Roman" fontSize="8.5"/>
                </Word>
                <Word id="w_w2aab1b1b2c53b1ac25" language="English" custom="readingOrder {index:2;}">
                    <Coords points="287,1399 319,1399 319,1427 287,1427"/>
                    <TextEquiv>
                        <Unicode>de</Unicode>
                    </TextEquiv>
                    <TextStyle fontFamily="Times New Roman" fontSize="8.5"/>
                </Word>
                <Word id="w_w2aab1b1b2c53b1ac31" language="English" custom="readingOrder {index:3;}">
                    <Coords points="335,1400 467,1400 467,1428 335,1428"/>
                    <TextEquiv>
                        <Unicode>mémoire</Unicode>
                    </TextEquiv>
                    <TextStyle fontFamily="Times New Roman" fontSize="8.5"/>
                </Word>
                <Word id="w_w2aab1b1b2c53b1ac47" language="English" custom="readingOrder {index:4;}">
                    <Coords points="480,1410 516,1410 516,1428 480,1428"/>
                    <TextEquiv>
                        <Unicode>on</Unicode>
                    </TextEquiv>
                    <TextStyle fontFamily="Times New Roman" fontSize="8.5"/>
                </Word>
                <Word id="w_w2aab1b1b2c53b1ac53" language="English" custom="readingOrder {index:5;}">
                    <Coords points="530,1408 592,1408 592,1438 530,1438"/>
                    <TextEquiv>
                        <Unicode>peut</Unicode>
                    </TextEquiv>
                    <TextStyle fontFamily="Times New Roman" fontSize="8.5"/>
                </Word>
                <Word id="w_w2aab1b1b2c53b1ac63" language="English" custom="readingOrder {index:6;}">
                    <Coords points="606,1400 630,1400 630,1428 606,1428"/>
                    <TextEquiv>
                        <Unicode>sè</Unicode>
                    </TextEquiv>
                    <TextStyle fontFamily="Times New Roman" fontSize="8.5"/>
                </Word>
                <Word id="w_w2aab1b1b2c53b1ac69" language="English" custom="readingOrder {index:7;}">
                    <Coords points="643,1400 768,1400 768,1438 643,1438"/>
                    <TextEquiv>
                        <Unicode>parjurer,</Unicode>
                    </TextEquiv>
                    <TextStyle fontFamily="Times New Roman" fontSize="8.5"/>
                </Word>
                <TextEquiv>
                    <Unicode>En manquant de memoire on peut ſe parjurer.</Unicode>
                </TextEquiv>
                <TextStyle fontFamily="Times New Roman" fontSize="8.5"/>
            </TextLine>
            <TextEquiv>
                <Unicode>En manquant de memoire on peut ſe parjurer.</Unicode>
            </TextEquiv>
        </TextRegion>
        <TextRegion type="paragraph" id="r_1_28" custom="readingOrder {index:27;}">
            <Coords points="329,1439 613,1439 613,1469 329,1469"/>
            <TextLine id="tl_36" primaryLanguage="English" custom="readingOrder {index:0;}">
                <Coords points="330,1440 612,1440 612,1468 330,1468"/>
                <Baseline points="330,1466 367,1466 426,1467 461,1467 496,1466 527,1467 568,1467 612,1468"/>
                <Word id="w_w2aab1b1b2c55b1ab1" language="English" custom="readingOrder {index:0;}">
                    <Coords points="330,1440 367,1440 367,1466 330,1466"/>
                    <TextEquiv>
                        <Unicode>D.</Unicode>
                    </TextEquiv>
                    <TextStyle fontFamily="Times New Roman" fontSize="8.5"/>
                </Word>
                <Word id="w_w2aab1b1b2c55b1ab7" language="English" custom="readingOrder {index:1;}">
                    <Coords points="405,1440 426,1440 426,1467 405,1467"/>
                    <TextEquiv>
                        <Unicode>E</Unicode>
                    </TextEquiv>
                    <TextStyle fontFamily="Times New Roman" fontSize="8.5"/>
                </Word>
                <Word id="w_w2aab1b1b2c55b1b1b1" language="English" custom="readingOrder {index:2;}">
                    <Coords points="445,1448 461,1448 461,1467 445,1467"/>
                    <TextEquiv>
                        <Unicode>L</Unicode>
                    </TextEquiv>
                    <TextStyle fontFamily="Times New Roman" fontSize="6.5"/>
                </Word>
                <Word id="w_w2aab1b1b2c55b1b1b5" language="English" custom="readingOrder {index:3;}">
                    <Coords points="478,1449 496,1449 496,1466 478,1466"/>
                    <TextEquiv>
                        <Unicode>ü</Unicode>
                    </TextEquiv>
                    <TextStyle fontFamily="Times New Roman" fontSize="6.5"/>
                </Word>
                <Word id="w_w2aab1b1b2c55b1b1b9" language="English" custom="readingOrder {index:4;}">
                    <Coords points="517,1449 527,1449 527,1467 517,1467"/>
                    <TextEquiv>
                        <Unicode>I</Unicode>
                    </TextEquiv>
                    <TextStyle fontFamily="Times New Roman" fontSize="6.5"/>
                </Word>
                <Word id="w_w2aab1b1b2c55b1b1c13" language="English" custom="readingOrder {index:5;}">
                    <Coords points="549,1448 568,1448 568,1467 549,1467"/>
                    <TextEquiv>
                        <Unicode>R</Unicode>
                    </TextEquiv>
                    <TextStyle fontFamily="Times New Roman" fontSize="6.5"/>
                </Word>
                <Word id="w_w2aab1b1b2c55b1b1c17" language="English" custom="readingOrder {index:6;}">
                    <Coords points="587,1448 612,1448 612,1468 587,1468"/>
                    <TextEquiv>
                        <Unicode>E.</Unicode>
                    </TextEquiv>
                    <TextStyle fontFamily="Times New Roman" fontSize="6.5"/>
                </Word>
                <TextEquiv>
                    <Unicode>D. ELUIRE.</Unicode>
                </TextEquiv>
            </TextLine>
            <TextEquiv>
                <Unicode>D. ELUIRE.</Unicode>
            </TextEquiv>
        </TextRegion>
        <TextRegion type="paragraph" id="r_1_29" custom="readingOrder {index:28;}">
            <Coords points="71,1475 748,1475 748,1518 71,1518"/>
            <TextLine id="tl_37" primaryLanguage="English" custom="readingOrder {index:0;}">
                <Coords points="72,1476 747,1476 747,1517 72,1517"/>
                <Baseline points="72,1504 122,1505 242,1506 298,1506 340,1505 429,1506 476,1506 552,1506 621,1506 747,1508"/>
                <Word id="w_w2aab1b1b2c57b1ab1" language="English" custom="readingOrder {index:0;}">
                    <Coords points="72,1476 122,1476 122,1505 72,1505"/>
                    <TextEquiv>
                        <Unicode>Ma</Unicode>
                    </TextEquiv>
                    <TextStyle fontFamily="Times New Roman" fontSize="8.5"/>
                </Word>
                <Word id="w_w2aab1b1b2c57b1ab7" language="English" custom="readingOrder {index:1;}">
                    <Coords points="139,1477 242,1477 242,1506 139,1506"/>
                    <TextEquiv>
                        <Unicode>bouche</Unicode>
                    </TextEquiv>
                    <TextStyle fontFamily="Times New Roman" fontSize="8.5"/>
                </Word>
                <Word id="w_w2aab1b1b2c57b1ac21" language="English" custom="readingOrder {index:2;}">
                    <Coords points="256,1476 298,1476 298,1506 256,1506"/>
                    <TextEquiv>
                        <Unicode>fur</Unicode>
                    </TextEquiv>
                    <TextStyle fontFamily="Times New Roman" fontSize="8.5"/>
                </Word>
                <Word id="w_w2aab1b1b2c57b1ac29" language="English" custom="readingOrder {index:3;}">
                    <Coords points="311,1487 340,1487 340,1506 311,1506"/>
                    <TextEquiv>
                        <Unicode>ce</Unicode>
                    </TextEquiv>
                    <TextStyle fontFamily="Times New Roman" fontSize="8.5"/>
                </Word>
                <Word id="w_w2aab1b1b2c57b1ac35" language="English" custom="readingOrder {index:4;}">
                    <Coords points="353,1479 429,1479 429,1516 353,1516"/>
                    <TextEquiv>
                        <Unicode>point</Unicode>
                    </TextEquiv>
                    <TextStyle fontFamily="Times New Roman" fontSize="8.5"/>
                </Word>
                <Word id="w_w2aab1b1b2c57b1ac47" language="English" custom="readingOrder {index:5;}">
                    <Coords points="444,1476 476,1476 476,1506 444,1506"/>
                    <TextEquiv>
                        <Unicode>nè</Unicode>
                    </TextEquiv>
                    <TextStyle fontFamily="Times New Roman" fontSize="8.5"/>
                </Word>
                <Word id="w_w2aab1b1b2c57b1ac53" language="English" custom="readingOrder {index:6;}">
                    <Coords points="491,1487 552,1487 552,1517 491,1517"/>
                    <TextEquiv>
                        <Unicode>peut</Unicode>
                    </TextEquiv>
                    <TextStyle fontFamily="Times New Roman" fontSize="8.5"/>
                </Word>
                <Word id="w_w2aab1b1b2c57b1ac63" language="English" custom="readingOrder {index:7;}">
                    <Coords points="566,1477 621,1477 621,1506 566,1506"/>
                    <TextEquiv>
                        <Unicode>être</Unicode>
                    </TextEquiv>
                    <TextStyle fontFamily="Times New Roman" fontSize="8.5"/>
                </Word>
                <Word id="w_w2aab1b1b2c57b1ac73" language="English" custom="readingOrder {index:8;}">
                    <Coords points="635,1479 747,1479 747,1517 635,1517"/>
                    <TextEquiv>
                        <Unicode>parjure,</Unicode>
                    </TextEquiv>
                    <TextStyle fontFamily="Times New Roman" fontSize="8.5"/>
                </Word>
                <TextEquiv>
                    <Unicode>Ma bouche ſur ce point ne peut être parjure.</Unicode>
                </TextEquiv>
                <TextStyle fontFamily="Times New Roman" fontSize="8.5"/>
            </TextLine>
            <TextEquiv>
                <Unicode>Ma bouche ſur ce point ne peut être parjure.</Unicode>
            </TextEquiv>
        </TextRegion>
        <TextRegion type="paragraph" id="r_1_30" custom="readingOrder {index:29;}">
            <Coords points="328,1518 608,1518 608,1547 328,1547"/>
            <TextLine id="tl_38" primaryLanguage="English" custom="readingOrder {index:0;}">
                <Coords points="329,1519 607,1519 607,1546 329,1546"/>
                <Baseline points="329,1544 356,1544 607,1545"/>
                <Word id="w_w2aab1b1b2c59b1ab1" language="English" custom="readingOrder {index:0;}">
                    <Coords points="329,1519 365,1519 365,1546 329,1546"/>
                    <TextEquiv>
                        <Unicode>D.</Unicode>
                    </TextEquiv>
                    <TextStyle fontFamily="Times New Roman" fontSize="8.5"/>
                </Word>
                <Word id="w_w2aab1b1b2c59b1b1b1" language="English" custom="readingOrder {index:1;}">
                    <Coords points="403,1519 607,1519 607,1546 403,1546"/>
                    <TextEquiv>
                        <Unicode>Garcie.</Unicode>
                    </TextEquiv>
                    <TextStyle fontFamily="Times New Roman" fontSize="8.5"/>
                </Word>
                <TextEquiv>
                    <Unicode>D. GARCIE.</Unicode>
                </TextEquiv>
            </TextLine>
            <TextEquiv>
                <Unicode>D. GARCIE.</Unicode>
            </TextEquiv>
        </TextRegion>
        <TextRegion type="paragraph" id="r_1_31" custom="readingOrder {index:30;}">
            <Coords points="68,1549 671,1549 671,1598 68,1598"/>
            <TextLine id="tl_39" primaryLanguage="English" custom="readingOrder {index:0;}">
                <Coords points="69,1550 670,1550 670,1597 69,1597"/>
                <Baseline points="69,1580 127,1580 156,1582 208,1584 347,1586 412,1585 503,1586 670,1586"/>
                <Word id="w_w2aab1b1b2c61b1ab1" language="English" custom="readingOrder {index:0;}">
                    <Coords points="69,1550 127,1550 127,1581 69,1581"/>
                    <TextEquiv>
                        <Unicode>Elle</Unicode>
                    </TextEquiv>
                    <TextStyle fontFamily="Times New Roman" fontSize="8.5"/>
                </Word>
                <Word id="w_w2aab1b1b2c61b1ac11" language="English" custom="readingOrder {index:1;}">
                    <Coords points="141,1563 156,1563 156,1582 141,1582"/>
                    <TextEquiv>
                        <Unicode>a</Unicode>
                    </TextEquiv>
                    <TextStyle fontFamily="Times New Roman" fontSize="8.5"/>
                </Word>
                <Word id="w_w2aab1b1b2c61b1ac15" language="English" custom="readingOrder {index:2;}">
                    <Coords points="170,1554 208,1554 208,1584 170,1584"/>
                    <TextEquiv>
                        <Unicode>dit</Unicode>
                    </TextEquiv>
                    <TextStyle fontFamily="Times New Roman" fontSize="8.5"/>
                </Word>
                <Word id="w_w2aab1b1b2c61b1ac23" language="English" custom="readingOrder {index:3;}">
                    <Coords points="223,1555 347,1555 347,1586 223,1586"/>
                    <TextEquiv>
                        <Unicode>toutefois</Unicode>
                    </TextEquiv>
                    <TextStyle fontFamily="Times New Roman" fontSize="8.5"/>
                </Word>
                <Word id="w_w2aab1b1b2c61b1ac43" language="English" custom="readingOrder {index:4;}">
                    <Coords points="361,1566 412,1566 412,1586 361,1586"/>
                    <TextEquiv>
                        <Unicode>une</Unicode>
                    </TextEquiv>
                    <TextStyle fontFamily="Times New Roman" fontSize="8.5"/>
                </Word>
                <Word id="w_w2aab1b1b2c61b1ac51" language="English" custom="readingOrder {index:5;}">
                    <Coords points="426,1556 503,1556 503,1587 426,1587"/>
                    <TextEquiv>
                        <Unicode>haute</Unicode>
                    </TextEquiv>
                    <TextStyle fontFamily="Times New Roman" fontSize="8.5"/>
                </Word>
                <Word id="w_w2aab1b1b2c61b1ac63" language="English" custom="readingOrder {index:6;}">
                    <Coords points="517,1557 670,1557 670,1597 517,1597"/>
                    <TextEquiv>
                        <Unicode>impofture.</Unicode>
                    </TextEquiv>
                    <TextStyle fontFamily="Times New Roman" fontSize="8.5"/>
                </Word>
                <TextEquiv>
                    <Unicode>Elle a dit toutefois une haute impoſture.</Unicode>
                </TextEquiv>
                <TextStyle fontFamily="Times New Roman" fontSize="8.5"/>
            </TextLine>
            <TextEquiv>
                <Unicode>Elle a dit toutefois une haute impoſture.</Unicode>
            </TextEquiv>
        </TextRegion>
        <TextRegion type="paragraph" id="r_2_1" custom="readingOrder {index:31;}">
            <Coords points="753,1597 879,1597 879,1629 753,1629"/>
            <TextLine id="tl_40" primaryLanguage="English" custom="readingOrder {index:0;}">
                <Coords points="754,1598 878,1598 878,1628 754,1628"/>
                <Baseline points="754,1627 795,1627 878,1623"/>
                <Word id="w_w2aab1b3b2b1b1ab1" language="English" custom="readingOrder {index:0;}">
                    <Coords points="754,1598 795,1598 795,1627 754,1627"/>
                    <TextEquiv>
                        <Unicode>D.</Unicode>
                    </TextEquiv>
                    <TextStyle fontFamily="Times New Roman" fontSize="10.5"/>
                </Word>
                <Word id="w_w2aab1b3b2b1b1ab7" language="English" custom="readingOrder {index:1;}">
                    <Coords points="815,1600 878,1600 878,1628 815,1628"/>
                    <TextEquiv>
                        <Unicode>El-</Unicode>
                    </TextEquiv>
                    <TextStyle fontFamily="Times New Roman" fontSize="10.5"/>
                </Word>
                <TextEquiv>
                    <Unicode>D. EL¬</Unicode>
                </TextEquiv>
                <TextStyle fontFamily="Times New Roman" fontSize="10.5"/>
            </TextLine>
            <TextEquiv>
                <Unicode>D. EL¬</Unicode>
            </TextEquiv>
        </TextRegion>
        <SeparatorRegion id="r_3" custom="readingOrder {index:32;}">
            <Coords points="982,98 989,98 989,322 982,322"/>
        </SeparatorRegion>
        <SeparatorRegion id="r_4" custom="readingOrder {index:33;}">
            <Coords points="985,366 992,366 992,579 985,579"/>
        </SeparatorRegion>
    </Page>
</PcGts>
