<?xml version="1.0" encoding="UTF-8" standalone="yes"?>
<PcGts xmlns="http://schema.primaresearch.org/PAGE/gts/pagecontent/2013-07-15" xmlns:xsi="http://www.w3.org/2001/XMLSchema-instance" xsi:schemaLocation="http://schema.primaresearch.org/PAGE/gts/pagecontent/2013-07-15 http://schema.primaresearch.org/PAGE/gts/pagecontent/2013-07-15/pagecontent.xsd">
    <Metadata>
        <Creator></Creator>
        <Created>2019-03-19T14:09:05.558+01:00</Created>
        <LastChange>2019-09-19T09:50:27.969+02:00</LastChange>
        <Comments>
                Measurement unit: pixel
                PrimaryLanguage: English
                Language: FrenchStandard
                Producer: ABBYY FineReader Engine 11</Comments>
        <TranskribusMetadata docId="146122" pageId="5420159" pageNr="16" tsid="15664444" status="DONE" userId="10612" imgUrl="https://files.transkribus.eu/Get?id=NIPVGXHAQUMPCNCAOXUOYRKI&amp;fileType=view" xmlUrl="https://files.transkribus.eu/Get?id=OOXUKWLBSHOTPMZKTWGKAIHE" imageId="2828206"/>
    </Metadata>
    <Page imageFilename="Moliere1694_DomGarcie_corrected_0016.png" imageWidth="1044" imageHeight="1756">
        <PrintSpace>
            <Coords points="12,61 947,61 947,1741 12,1741"/>
        </PrintSpace>
        <ReadingOrder>
            <OrderedGroup id="ro_1604177619661" caption="Regions reading order">
                <RegionRefIndexed index="0" regionRef="r_1_1"/>
                <RegionRefIndexed index="1" regionRef="r_1_2"/>
                <RegionRefIndexed index="2" regionRef="r_1_3"/>
                <RegionRefIndexed index="3" regionRef="r_1_4"/>
                <RegionRefIndexed index="4" regionRef="r_1_5"/>
                <RegionRefIndexed index="5" regionRef="r_1_6"/>
                <RegionRefIndexed index="6" regionRef="r_1_7"/>
                <RegionRefIndexed index="7" regionRef="r_1_8"/>
                <RegionRefIndexed index="8" regionRef="r_1_9"/>
                <RegionRefIndexed index="9" regionRef="r_1_10"/>
                <RegionRefIndexed index="10" regionRef="r_1_11"/>
                <RegionRefIndexed index="11" regionRef="r_1_12"/>
                <RegionRefIndexed index="12" regionRef="r_1_13"/>
                <RegionRefIndexed index="13" regionRef="r_1_14"/>
                <RegionRefIndexed index="14" regionRef="r_1_15"/>
                <RegionRefIndexed index="15" regionRef="r_1_16"/>
                <RegionRefIndexed index="16" regionRef="r_1_17"/>
                <RegionRefIndexed index="17" regionRef="r_1_18"/>
                <RegionRefIndexed index="18" regionRef="r_1_19"/>
                <RegionRefIndexed index="19" regionRef="r_1_20"/>
                <RegionRefIndexed index="20" regionRef="r_1_21"/>
                <RegionRefIndexed index="21" regionRef="r_2_1"/>
                <RegionRefIndexed index="23" regionRef="r_5_1"/>
                <RegionRefIndexed index="24" regionRef="r_5_2"/>
                <RegionRefIndexed index="25" regionRef="r_5_3"/>
                <RegionRefIndexed index="26" regionRef="r_5_4"/>
                <RegionRefIndexed index="27" regionRef="r_5_5"/>
                <RegionRefIndexed index="28" regionRef="r_5_6"/>
                <RegionRefIndexed index="29" regionRef="r_5_7"/>
            </OrderedGroup>
        </ReadingOrder>
        <TextRegion type="paragraph" id="r_1_1" custom="readingOrder {index:0;}">
            <Coords points="245,65 944,65 944,122 245,122"/>
            <TextLine id="tl_1" primaryLanguage="English" custom="readingOrder {index:0;}">
                <Coords points="246,66 943,66 943,121 246,121"/>
                <Baseline points="246,102 343,101 830,108 942,121"/>
                <Word id="w_w2aab1b1b2b1b1ab1" language="English" custom="readingOrder {index:0;}">
                    <Coords points="246,66 343,66 343,102 246,102"/>
                    <TextEquiv>
                        <Unicode>DE</Unicode>
                    </TextEquiv>
                    <TextStyle fontFamily="Times New Roman" fontSize="17.0" bold="true"/>
                </Word>
                <Word id="w_w2aab1b1b2b1b1ab7" language="English" custom="readingOrder {index:1;}">
                    <Coords points="395,68 830,68 830,108 395,108"/>
                    <TextEquiv>
                        <Unicode>NAVARRE.</Unicode>
                    </TextEquiv>
                    <TextStyle fontFamily="Times New Roman" fontSize="17.0" bold="true"/>
                </Word>
                <Word id="w_w2aab1b1b2b1b1ac25" language="English" custom="readingOrder {index:2;}">
                    <Coords points="901,84 942,84 942,121 901,121"/>
                    <TextEquiv>
                        <Unicode>17</Unicode>
                    </TextEquiv>
                    <TextStyle fontFamily="Times New Roman" fontSize="17.0" bold="true"/>
                </Word>
                <TextEquiv>
                    <Unicode>DE NAVARRE. 17</Unicode>
                </TextEquiv>
                <TextStyle fontFamily="Times New Roman" fontSize="17.0" bold="true"/>
            </TextLine>
            <TextEquiv>
                <Unicode>DE NAVARRE. 17</Unicode>
            </TextEquiv>
        </TextRegion>
        <TextRegion type="paragraph" id="r_1_2" custom="readingOrder {index:1;}">
            <Coords points="140,112 755,112 755,159 140,159"/>
            <TextLine id="tl_2" primaryLanguage="English" custom="readingOrder {index:0;}">
                <Coords points="141,113 754,113 754,158 141,158"/>
                <Baseline points="141,142 211,141 248,143 379,144 480,145 544,145 602,157 754,147"/>
                <Word id="w_w2aab1b1b2b3b1ab1" language="English" custom="readingOrder {index:0;}">
                    <Coords points="141,114 211,114 211,142 141,142"/>
                    <TextEquiv>
                        <Unicode>Mais</Unicode>
                    </TextEquiv>
                    <TextStyle fontFamily="Times New Roman" fontSize="11.0"/>
                </Word>
                <Word id="w_w2aab1b1b2b3b1ac11" language="English" custom="readingOrder {index:1;}">
                    <Coords points="224,114 248,114 248,151 224,151"/>
                    <TextEquiv>
                        <Unicode>je</Unicode>
                    </TextEquiv>
                    <TextStyle fontFamily="Times New Roman" fontSize="11.0"/>
                </Word>
                <Word id="w_w2aab1b1b2b3b1ac17" language="English" custom="readingOrder {index:2;}">
                    <Coords points="263,116 379,116 379,144 263,144"/>
                    <TextEquiv>
                        <Unicode>mourrai</Unicode>
                    </TextEquiv>
                    <TextStyle fontFamily="Times New Roman" fontSize="11.0"/>
                </Word>
                <Word id="w_w2aab1b1b2b3b1ac33" language="English" custom="readingOrder {index:3;}">
                    <Coords points="396,115 480,115 480,155 396,155"/>
                    <TextEquiv>
                        <Unicode>plutôt</Unicode>
                    </TextEquiv>
                    <TextStyle fontFamily="Times New Roman" fontSize="11.0"/>
                </Word>
                <Word id="w_w2aab1b1b2b3b1ac47" language="English" custom="readingOrder {index:4;}">
                    <Coords points="493,127 544,127 544,156 493,156"/>
                    <TextEquiv>
                        <Unicode>que</Unicode>
                    </TextEquiv>
                    <TextStyle fontFamily="Times New Roman" fontSize="11.0"/>
                </Word>
                <Word id="w_w2aab1b1b2b3b1ac55" language="English" custom="readingOrder {index:5;}">
                    <Coords points="559,118 602,118 602,157 559,157"/>
                    <TextEquiv>
                        <Unicode>d’y</Unicode>
                    </TextEquiv>
                    <TextStyle fontFamily="Times New Roman" fontSize="11.0"/>
                </Word>
                <Word id="w_w2aab1b1b2b3b1ac63" language="English" custom="readingOrder {index:6;}">
                    <Coords points="619,118 754,118 754,148 619,148"/>
                    <TextEquiv>
                        <Unicode>consentir.</Unicode>
                    </TextEquiv>
                    <TextStyle fontFamily="Times New Roman" fontSize="11.0"/>
                </Word>
                <TextEquiv>
                    <Unicode>Mais je mourrai plutôt que d’y conſentir.</Unicode>
                </TextEquiv>
                <TextStyle fontFamily="Times New Roman" fontSize="11.0"/>
            </TextLine>
            <TextEquiv>
                <Unicode>Mais je mourrai plutôt que d’y conſentir.</Unicode>
            </TextEquiv>
        </TextRegion>
        <TextRegion type="paragraph" id="r_1_3" custom="readingOrder {index:2;}">
            <Coords points="139,151 631,151 631,195 139,195"/>
            <TextLine id="tl_3" primaryLanguage="English" custom="readingOrder {index:0;}">
                <Coords points="140,152 630,152 630,194 140,194"/>
                <Baseline points="140,181 326,183 424,187 509,183 630,189"/>
                <Word id="w_w2aab1b1b2b5b1ab1" language="English" custom="readingOrder {index:0;}">
                    <Coords points="140,152 326,152 326,183 140,183"/>
                    <TextEquiv>
                        <Unicode>Puifliez-vous</Unicode>
                    </TextEquiv>
                    <TextStyle fontFamily="Times New Roman" fontSize="11.0"/>
                </Word>
                <Word id="w_w2aab1b1b2b5b1ac29" language="English" custom="readingOrder {index:1;}">
                    <Coords points="337,154 424,154 424,192 337,192"/>
                    <TextEquiv>
                        <Unicode>jouir,</Unicode>
                    </TextEquiv>
                    <TextStyle fontFamily="Times New Roman" fontSize="11.0"/>
                </Word>
                <Word id="w_w2aab1b1b2b5b1ac43" language="English" custom="readingOrder {index:2;}">
                    <Coords points="441,155 509,155 509,184 441,184"/>
                    <TextEquiv>
                        <Unicode>belle</Unicode>
                    </TextEquiv>
                    <TextStyle fontFamily="Times New Roman" fontSize="11.0"/>
                </Word>
                <Word id="w_w2aab1b1b2b5b1ac55" language="English" custom="readingOrder {index:3;}">
                    <Coords points="526,158 630,158 630,189 526,189"/>
                    <TextEquiv>
                        <Unicode>Eluirc,</Unicode>
                    </TextEquiv>
                    <TextStyle fontFamily="Times New Roman" fontSize="11.0"/>
                </Word>
                <TextEquiv>
                    <Unicode>Puiſſiez-vous joüir, belle Eluire,</Unicode>
                </TextEquiv>
                <TextStyle fontFamily="Times New Roman" fontSize="11.0"/>
            </TextLine>
            <TextEquiv>
                <Unicode>Puiſſiez-vous joüir, belle Eluire,</Unicode>
            </TextEquiv>
        </TextRegion>
        <TextRegion type="paragraph" id="r_1_4" custom="readingOrder {index:3;}">
            <Coords points="139,190 883,190 883,238 139,238"/>
            <TextLine id="tl_4" primaryLanguage="English" custom="readingOrder {index:0;}">
                <Coords points="140,191 882,191 882,237 140,237"/>
                <Baseline points="140,220 213,220 312,222 386,222 469,223 535,224 566,224 662,224 735,226 766,225 820,228 845,227 881,228"/>
                <Word id="w_w2aab1b1b2b7b1ab1" language="English" custom="readingOrder {index:0;}">
                    <Coords points="140,192 213,192 213,220 140,220"/>
                    <TextEquiv>
                        <Unicode>D’un</Unicode>
                    </TextEquiv>
                    <TextStyle fontFamily="Times New Roman" fontSize="11.0"/>
                </Word>
                <Word id="w_w2aab1b1b2b7b1ac11" language="English" custom="readingOrder {index:1;}">
                    <Coords points="227,192 312,192 312,222 227,222"/>
                    <TextEquiv>
                        <Unicode>deftin</Unicode>
                    </TextEquiv>
                    <TextStyle fontFamily="Times New Roman" fontSize="11.0"/>
                </Word>
                <Word id="w_w2aab1b1b2b7b1ac25" language="English" custom="readingOrder {index:2;}">
                    <Coords points="329,194 386,194 386,231 329,231"/>
                    <TextEquiv>
                        <Unicode>plus</Unicode>
                    </TextEquiv>
                    <TextStyle fontFamily="Times New Roman" fontSize="11.0"/>
                </Word>
                <Word id="w_w2aab1b1b2b7b1ac35" language="English" custom="readingOrder {index:3;}">
                    <Coords points="397,195 469,195 469,223 397,223"/>
                    <TextEquiv>
                        <Unicode>doux</Unicode>
                    </TextEquiv>
                    <TextStyle fontFamily="Times New Roman" fontSize="11.0"/>
                </Word>
                <Word id="w_w2aab1b1b2b7b1ac45" language="English" custom="readingOrder {index:4;}">
                    <Coords points="484,205 535,205 535,234 484,234"/>
                    <TextEquiv>
                        <Unicode>que</Unicode>
                    </TextEquiv>
                    <TextStyle fontFamily="Times New Roman" fontSize="11.0"/>
                </Word>
                <Word id="w_w2aab1b1b2b7b1ac53" language="English" custom="readingOrder {index:5;}">
                    <Coords points="543,197 566,197 566,224 543,224"/>
                    <TextEquiv>
                        <Unicode>le</Unicode>
                    </TextEquiv>
                    <TextStyle fontFamily="Times New Roman" fontSize="11.0"/>
                </Word>
                <Word id="w_w2aab1b1b2b7b1ac59" language="English" custom="readingOrder {index:6;}">
                    <Coords points="581,197 662,197 662,225 581,225"/>
                    <TextEquiv>
                        <Unicode>mien.</Unicode>
                    </TextEquiv>
                    <TextStyle fontFamily="Times New Roman" fontSize="11.0"/>
                </Word>
                <Word id="w_w2aab1b1b2b7b1ac71" language="English" custom="readingOrder {index:7;}">
                    <Coords points="700,199 735,199 735,226 700,226"/>
                    <TextEquiv>
                        <Unicode>D.</Unicode>
                    </TextEquiv>
                    <TextStyle fontFamily="Times New Roman" fontSize="11.0"/>
                </Word>
                <Word id="w_w2aab1b1b2b7b1ac77" language="English" custom="readingOrder {index:8;}">
                    <Coords points="753,198 791,198 791,227 753,227"/>
                    <TextEquiv>
                        <Unicode>le</Unicode>
                    </TextEquiv>
                    <TextStyle fontFamily="Times New Roman" fontSize="11.0"/>
                </Word>
                <Word id="w_w2aab1b1b2b7b1b1b1" language="English" custom="readingOrder {index:9;}">
                    <Coords points="801,207 820,207 820,228 801,228"/>
                    <TextEquiv>
                        <Unicode>H</Unicode>
                    </TextEquiv>
                    <TextStyle fontFamily="Times New Roman" fontSize="11.0" italic="true"/>
                </Word>
                <Word id="w_w2aab1b1b2b7b1b2b3" language="English" custom="readingOrder {index:10;}">
                    <Coords points="831,209 845,209 845,227 831,227"/>
                    <TextEquiv>
                        <Unicode>x</Unicode>
                    </TextEquiv>
                    <TextStyle fontFamily="Times New Roman" fontSize="11.0"/>
                </Word>
                <Word id="w_w2aab1b1b2b7b1b2b7" language="English" custom="readingOrder {index:11;}">
                    <Coords points="858,208 881,208 881,228 858,228"/>
                    <TextEquiv>
                        <Unicode>s.</Unicode>
                    </TextEquiv>
                    <TextStyle fontFamily="Times New Roman" fontSize="11.0"/>
                </Word>
                <TextEquiv>
                    <Unicode>D’un deſtin plus doux que le mien. D. IGNES.</Unicode>
                </TextEquiv>
            </TextLine>
            <TextEquiv>
                <Unicode>D’un deſtin plus doux que le mien. D. IGNES.</Unicode>
            </TextEquiv>
        </TextRegion>
        <TextRegion type="paragraph" id="r_1_5" custom="readingOrder {index:4;}">
            <Coords points="237,232 411,232 411,263 237,263"/>
            <TextLine id="tl_5" primaryLanguage="English" custom="readingOrder {index:0;}">
                <Coords points="238,233 410,233 410,262 238,262"/>
                <Baseline points="238,260 265,260 410,262"/>
                <Word id="w_w2aab1b1b2b9b1ab1" language="English" custom="readingOrder {index:0;}">
                    <Coords points="238,233 265,233 265,260 238,260"/>
                    <TextEquiv>
                        <Unicode>Il</Unicode>
                    </TextEquiv>
                    <TextStyle fontFamily="Times New Roman" fontSize="11.0" italic="true"/>
                </Word>
                <Word id="w_w2aab1b1b2b9b1ab7" language="English" custom="readingOrder {index:1;}">
                    <Coords points="276,234 410,234 410,262 276,262"/>
                    <TextEquiv>
                        <Unicode>continue.</Unicode>
                    </TextEquiv>
                    <TextStyle fontFamily="Times New Roman" fontSize="11.0" italic="true"/>
                </Word>
                <TextEquiv>
                    <Unicode>Il continüe.</Unicode>
                </TextEquiv>
                <TextStyle fontFamily="Times New Roman" fontSize="11.0" italic="true"/>
            </TextLine>
            <TextEquiv>
                <Unicode>Il continüe.</Unicode>
            </TextEquiv>
        </TextRegion>
        <TextRegion type="paragraph" id="r_1_6" custom="readingOrder {index:5;}">
            <Coords points="136,269 753,269 753,306 136,306"/>
            <TextLine id="tl_6" primaryLanguage="English" custom="readingOrder {index:0;}">
                <Coords points="137,270 752,270 752,305 137,305"/>
                <Baseline points="137,300 212,300 250,301 340,300 420,302 480,301 555,302 607,302 752,305"/>
                <Word id="w_w2aab1b1b2c11b1ab1" language="English" custom="readingOrder {index:0;}">
                    <Coords points="137,271 212,271 212,300 137,300"/>
                    <TextEquiv>
                        <Unicode>Dans</Unicode>
                    </TextEquiv>
                    <TextStyle fontFamily="Times New Roman" fontSize="11.0"/>
                </Word>
                <Word id="w_w2aab1b1b2c11b1ac11" language="English" custom="readingOrder {index:1;}">
                    <Coords points="225,271 250,271 250,301 225,301"/>
                    <TextEquiv>
                        <Unicode>la</Unicode>
                    </TextEquiv>
                    <TextStyle fontFamily="Times New Roman" fontSize="11.0"/>
                </Word>
                <Word id="w_w2aab1b1b2c11b1ac17" language="English" custom="readingOrder {index:2;}">
                    <Coords points="264,272 340,272 340,300 264,300"/>
                    <TextEquiv>
                        <Unicode>haute</Unicode>
                    </TextEquiv>
                    <TextStyle fontFamily="Times New Roman" fontSize="11.0"/>
                </Word>
                <Word id="w_w2aab1b1b2c11b1ac29" language="English" custom="readingOrder {index:3;}">
                    <Coords points="348,281 420,281 420,302 348,302"/>
                    <TextEquiv>
                        <Unicode>vertu</Unicode>
                    </TextEquiv>
                    <TextStyle fontFamily="Times New Roman" fontSize="11.0"/>
                </Word>
                <Word id="w_w2aab1b1b2c11b1ac41" language="English" custom="readingOrder {index:4;}">
                    <Coords points="435,273 480,273 480,301 435,301"/>
                    <TextEquiv>
                        <Unicode>ton</Unicode>
                    </TextEquiv>
                    <TextStyle fontFamily="Times New Roman" fontSize="11.0"/>
                </Word>
                <Word id="w_w2aab1b1b2c11b1ac49" language="English" custom="readingOrder {index:5;}">
                    <Coords points="495,283 555,283 555,302 495,302"/>
                    <TextEquiv>
                        <Unicode>amc</Unicode>
                    </TextEquiv>
                    <TextStyle fontFamily="Times New Roman" fontSize="11.0"/>
                </Word>
                <Word id="w_w2aab1b1b2c11b1ac57" language="English" custom="readingOrder {index:6;}">
                    <Coords points="570,273 607,273 607,302 570,302"/>
                    <TextEquiv>
                        <Unicode>cft</Unicode>
                    </TextEquiv>
                    <TextStyle fontFamily="Times New Roman" fontSize="11.0"/>
                </Word>
                <Word id="w_w2aab1b1b2c11b1ac65" language="English" custom="readingOrder {index:7;}">
                    <Coords points="620,273 752,273 752,305 620,305"/>
                    <TextEquiv>
                        <Unicode>affermie.</Unicode>
                    </TextEquiv>
                    <TextStyle fontFamily="Times New Roman" fontSize="11.0"/>
                </Word>
                <TextEquiv>
                    <Unicode>Dans la haute vertu ſon ame eſt affermie.</Unicode>
                </TextEquiv>
                <TextStyle fontFamily="Times New Roman" fontSize="11.0"/>
            </TextLine>
            <TextEquiv>
                <Unicode>Dans la haute vertu ſon ame eſt affermie.</Unicode>
            </TextEquiv>
        </TextRegion>
        <TextRegion type="paragraph" id="r_1_7" custom="readingOrder {index:6;}">
            <Coords points="398,313 679,313 679,344 398,344"/>
            <TextLine id="tl_7" primaryLanguage="English" custom="readingOrder {index:0;}">
                <Coords points="399,314 678,314 678,343 399,343"/>
                <Baseline points="399,340 436,340 496,340 529,341 564,340 592,341 632,341 678,342"/>
                <Word id="w_w2aab1b1b2c13b1ab1" language="English" custom="readingOrder {index:0;}">
                    <Coords points="399,314 436,314 436,340 399,340"/>
                    <TextEquiv>
                        <Unicode>D.</Unicode>
                    </TextEquiv>
                    <TextStyle fontFamily="Times New Roman" fontSize="11.0"/>
                </Word>
                <Word id="w_w2aab1b1b2c13b1ab7" language="English" custom="readingOrder {index:1;}">
                    <Coords points="475,314 496,314 496,340 475,340"/>
                    <TextEquiv>
                        <Unicode>E</Unicode>
                    </TextEquiv>
                    <TextStyle fontFamily="Times New Roman" fontSize="11.0"/>
                </Word>
                <Word id="w_w2aab1b1b2c13b1b1b1" language="English" custom="readingOrder {index:2;}">
                    <Coords points="514,322 529,322 529,341 514,341"/>
                    <TextEquiv>
                        <Unicode>L</Unicode>
                    </TextEquiv>
                    <TextStyle fontFamily="Times New Roman" fontSize="12.0"/>
                </Word>
                <Word id="w_w2aab1b1b2c13b1b1b5" language="English" custom="readingOrder {index:3;}">
                    <Coords points="548,324 564,324 564,340 548,340"/>
                    <TextEquiv>
                        <Unicode>U</Unicode>
                    </TextEquiv>
                    <TextStyle fontFamily="Times New Roman" fontSize="12.0"/>
                </Word>
                <Word id="w_w2aab1b1b2c13b1b1b9" language="English" custom="readingOrder {index:4;}">
                    <Coords points="583,323 592,323 592,341 583,341"/>
                    <TextEquiv>
                        <Unicode>I</Unicode>
                    </TextEquiv>
                    <TextStyle fontFamily="Times New Roman" fontSize="12.0"/>
                </Word>
                <Word id="w_w2aab1b1b2c13b1b1c13" language="English" custom="readingOrder {index:5;}">
                    <Coords points="614,323 632,323 632,341 614,341"/>
                    <TextEquiv>
                        <Unicode>R</Unicode>
                    </TextEquiv>
                    <TextStyle fontFamily="Times New Roman" fontSize="12.0"/>
                </Word>
                <Word id="w_w2aab1b1b2c13b1b1c17" language="English" custom="readingOrder {index:6;}">
                    <Coords points="654,324 678,324 678,342 654,342"/>
                    <TextEquiv>
                        <Unicode>B.</Unicode>
                    </TextEquiv>
                    <TextStyle fontFamily="Times New Roman" fontSize="12.0"/>
                </Word>
                <TextEquiv>
                    <Unicode>D. ELUIRE.</Unicode>
                </TextEquiv>
            </TextLine>
            <TextEquiv>
                <Unicode>D. ELUIRE.</Unicode>
            </TextEquiv>
        </TextRegion>
        <TextRegion type="paragraph" id="r_1_8" custom="readingOrder {index:7;}">
            <Coords points="134,346 746,346 746,392 134,392"/>
            <TextLine id="tl_8" primaryLanguage="English" custom="readingOrder {index:0;}">
                <Coords points="135,347 745,347 745,391 135,391"/>
                <Baseline points="135,386 166,376 234,378 311,377 432,379 461,380 541,380 654,381 744,381"/>
                <Word id="w_w2aab1b1b2c15b1ab1" language="English" custom="readingOrder {index:0;}">
                    <Coords points="135,349 166,349 166,386 135,386"/>
                    <TextEquiv>
                        <Unicode>Je</Unicode>
                    </TextEquiv>
                    <TextStyle fontFamily="Times New Roman" fontSize="11.0"/>
                </Word>
                <Word id="w_w2aab1b1b2c15b1ab7" language="English" custom="readingOrder {index:1;}">
                    <Coords points="181,349 234,349 234,378 181,378"/>
                    <TextEquiv>
                        <Unicode>vais</Unicode>
                    </TextEquiv>
                    <TextStyle fontFamily="Times New Roman" fontSize="11.0"/>
                </Word>
                <Word id="w_w2aab1b1b2c15b1ac17" language="English" custom="readingOrder {index:2;}">
                    <Coords points="248,349 311,349 311,379 248,379"/>
                    <TextEquiv>
                        <Unicode>faire</Unicode>
                    </TextEquiv>
                    <TextStyle fontFamily="Times New Roman" fontSize="11.0"/>
                </Word>
                <Word id="w_w2aab1b1b2c15b1ac29" language="English" custom="readingOrder {index:3;}">
                    <Coords points="323,348 432,348 432,388 323,388"/>
                    <TextEquiv>
                        <Unicode>réponfc</Unicode>
                    </TextEquiv>
                    <TextStyle fontFamily="Times New Roman" fontSize="11.0"/>
                </Word>
                <Word id="w_w2aab1b1b2c15b1ac45" language="English" custom="readingOrder {index:4;}">
                    <Coords points="445,352 461,352 461,380 445,380"/>
                    <TextEquiv>
                        <Unicode>à</Unicode>
                    </TextEquiv>
                    <TextStyle fontFamily="Times New Roman" fontSize="11.0"/>
                </Word>
                <Word id="w_w2aab1b1b2c15b1ac49" language="English" custom="readingOrder {index:5;}">
                    <Coords points="476,361 541,361 541,381 476,381"/>
                    <TextEquiv>
                        <Unicode>cette</Unicode>
                    </TextEquiv>
                    <TextStyle fontFamily="Times New Roman" fontSize="11.0"/>
                </Word>
                <Word id="w_w2aab1b1b2c15b1ac61" language="English" custom="readingOrder {index:6;}">
                    <Coords points="555,352 654,352 654,381 555,381"/>
                    <TextEquiv>
                        <Unicode>illuftre</Unicode>
                    </TextEquiv>
                    <TextStyle fontFamily="Times New Roman" fontSize="11.0"/>
                </Word>
                <Word id="w_w2aab1b1b2c15b1ac79" language="English" custom="readingOrder {index:7;}">
                    <Coords points="667,354 744,354 744,382 667,382"/>
                    <TextEquiv>
                        <Unicode>amie.</Unicode>
                    </TextEquiv>
                    <TextStyle fontFamily="Times New Roman" fontSize="11.0"/>
                </Word>
                <TextEquiv>
                    <Unicode>Je vais faire réponſe à cette illuſtre amie.</Unicode>
                </TextEquiv>
                <TextStyle fontFamily="Times New Roman" fontSize="11.0"/>
            </TextLine>
            <TextEquiv>
                <Unicode>Je vais faire réponſe à cette illuſtre amie.</Unicode>
            </TextEquiv>
        </TextRegion>
        <TextRegion type="paragraph" id="r_1_9" custom="readingOrder {index:8;}">
            <Coords points="133,384 891,384 891,472 133,472"/>
            <TextLine id="tl_9" primaryLanguage="English" custom="readingOrder {index:0;}">
                <Coords points="134,385 890,385 890,433 134,433"/>
                <Baseline points="134,416 288,417 443,422 569,425 601,419 682,421 787,421 890,424"/>
                <Word id="w_w2aab1b1b2c17b1ab1" language="English" custom="readingOrder {index:0;}">
                    <Coords points="134,385 288,385 288,428 134,428"/>
                    <TextEquiv>
                        <Unicode>Cependant</Unicode>
                    </TextEquiv>
                    <TextStyle fontFamily="Times New Roman" fontSize="11.0"/>
                </Word>
                <Word id="w_w2aab1b1b2c17b1ac21" language="English" custom="readingOrder {index:1;}">
                    <Coords points="301,399 443,399 443,428 301,428"/>
                    <TextEquiv>
                        <Unicode>apprenez,</Unicode>
                    </TextEquiv>
                    <TextStyle fontFamily="Times New Roman" fontSize="11.0"/>
                </Word>
                <Word id="w_w2aab1b1b2c17b1ac41" language="English" custom="readingOrder {index:2;}">
                    <Coords points="463,391 569,391 569,425 463,425"/>
                    <TextEquiv>
                        <Unicode>Prince,</Unicode>
                    </TextEquiv>
                    <TextStyle fontFamily="Times New Roman" fontSize="11.0"/>
                </Word>
                <Word id="w_w2aab1b1b2c17b1ac57" language="English" custom="readingOrder {index:3;}">
                    <Coords points="588,393 601,393 601,419 588,419"/>
                    <TextEquiv>
                        <Unicode>à</Unicode>
                    </TextEquiv>
                    <TextStyle fontFamily="Times New Roman" fontSize="11.0"/>
                </Word>
                <Word id="w_w2aab1b1b2c17b1ac61" language="English" custom="readingOrder {index:4;}">
                    <Coords points="618,402 682,402 682,421 618,421"/>
                    <TextEquiv>
                        <Unicode>vous</Unicode>
                    </TextEquiv>
                    <TextStyle fontFamily="Times New Roman" fontSize="11.0"/>
                </Word>
                <Word id="w_w2aab1b1b2c17b1ac71" language="English" custom="readingOrder {index:5;}">
                    <Coords points="697,394 787,394 787,421 697,421"/>
                    <TextEquiv>
                        <Unicode>mieux</Unicode>
                    </TextEquiv>
                    <TextStyle fontFamily="Times New Roman" fontSize="11.0"/>
                </Word>
                <Word id="w_w2aab1b1b2c17b1ac83" language="English" custom="readingOrder {index:6;}">
                    <Coords points="801,404 890,404 890,424 801,424"/>
                    <TextEquiv>
                        <Unicode>armer</Unicode>
                    </TextEquiv>
                    <TextStyle fontFamily="Times New Roman" fontSize="11.0"/>
                </Word>
                <TextEquiv>
                    <Unicode>Cependant apprenez, Prince, à vous mieux armer</Unicode>
                </TextEquiv>
                <TextStyle fontFamily="Times New Roman" fontSize="11.0"/>
            </TextLine>
            <TextLine id="tl_10" primaryLanguage="English" custom="readingOrder {index:1;}">
                <Coords points="135,427 836,427 836,471 135,471"/>
                <Baseline points="135,455 235,455 275,456 336,456 429,458 505,457 549,458 622,460 692,470 836,463"/>
                <Word id="w_w2aab1b1b2c17b3ab1" language="English" custom="readingOrder {index:0;}">
                    <Coords points="135,428 235,428 235,455 135,455"/>
                    <TextEquiv>
                        <Unicode>Contre</Unicode>
                    </TextEquiv>
                    <TextStyle fontFamily="Times New Roman" fontSize="11.0"/>
                </Word>
                <Word id="w_w2aab1b1b2c17b3ac15" language="English" custom="readingOrder {index:1;}">
                    <Coords points="247,438 275,438 275,456 247,456"/>
                    <TextEquiv>
                        <Unicode>ce</Unicode>
                    </TextEquiv>
                    <TextStyle fontFamily="Times New Roman" fontSize="11.0"/>
                </Word>
                <Word id="w_w2aab1b1b2c17b3ac21" language="English" custom="readingOrder {index:2;}">
                    <Coords points="291,429 336,429 336,467 291,467"/>
                    <TextEquiv>
                        <Unicode>qui</Unicode>
                    </TextEquiv>
                    <TextStyle fontFamily="Times New Roman" fontSize="11.0"/>
                </Word>
                <Word id="w_w2aab1b1b2c17b3ac29" language="English" custom="readingOrder {index:3;}">
                    <Coords points="350,430 429,430 429,467 350,467"/>
                    <TextEquiv>
                        <Unicode>prend</Unicode>
                    </TextEquiv>
                    <TextStyle fontFamily="Times New Roman" fontSize="11.0"/>
                </Word>
                <Word id="w_w2aab1b1b2c17b3ac41" language="English" custom="readingOrder {index:4;}">
                    <Coords points="437,429 505,429 505,457 437,457"/>
                    <TextEquiv>
                        <Unicode>droit</Unicode>
                    </TextEquiv>
                    <TextStyle fontFamily="Times New Roman" fontSize="11.0"/>
                </Word>
                <Word id="w_w2aab1b1b2c17b3ac53" language="English" custom="readingOrder {index:5;}">
                    <Coords points="518,429 549,429 549,459 518,459"/>
                    <TextEquiv>
                        <Unicode>de</Unicode>
                    </TextEquiv>
                    <TextStyle fontFamily="Times New Roman" fontSize="11.0"/>
                </Word>
                <Word id="w_w2aab1b1b2c17b3ac59" language="English" custom="readingOrder {index:6;}">
                    <Coords points="559,441 622,441 622,460 559,460"/>
                    <TextEquiv>
                        <Unicode>vous</Unicode>
                    </TextEquiv>
                    <TextStyle fontFamily="Times New Roman" fontSize="11.0"/>
                </Word>
                <Word id="w_w2aab1b1b2c17b3ac69" language="English" custom="readingOrder {index:7;}">
                    <Coords points="634,441 692,441 692,470 634,470"/>
                    <TextEquiv>
                        <Unicode>trop</Unicode>
                    </TextEquiv>
                    <TextStyle fontFamily="Times New Roman" fontSize="11.0"/>
                </Word>
                <Word id="w_w2aab1b1b2c17b3ac79" language="English" custom="readingOrder {index:8;}">
                    <Coords points="706,432 836,432 836,463 706,463"/>
                    <TextEquiv>
                        <Unicode>allarmer.</Unicode>
                    </TextEquiv>
                    <TextStyle fontFamily="Times New Roman" fontSize="11.0"/>
                </Word>
                <TextEquiv>
                    <Unicode>Contre ce qui prend droit de vous trop allarmer.</Unicode>
                </TextEquiv>
                <TextStyle fontFamily="Times New Roman" fontSize="11.0"/>
            </TextLine>
            <TextEquiv>
                <Unicode>Cependant apprenez, Prince, à vous mieux armer
Contre ce qui prend droit de vous trop allarmer.</Unicode>
            </TextEquiv>
        </TextRegion>
        <TextRegion type="paragraph" id="r_1_10" custom="readingOrder {index:9;}">
            <Coords points="132,465 804,465 804,506 132,506"/>
            <TextLine id="tl_11" primaryLanguage="English" custom="readingOrder {index:0;}">
                <Coords points="133,466 803,466 803,505 133,505"/>
                <Baseline points="133,501 184,494 282,496 370,495 505,500 580,497 660,497 803,504"/>
                <Word id="w_w2aab1b1b2c19b1ab1" language="English" custom="readingOrder {index:0;}">
                    <Coords points="133,467 184,467 184,501 133,501"/>
                    <TextEquiv>
                        <Unicode>J’ai</Unicode>
                    </TextEquiv>
                    <TextStyle fontFamily="Times New Roman" fontSize="11.0"/>
                </Word>
                <Word id="w_w2aab1b1b2c19b1ac11" language="English" custom="readingOrder {index:1;}">
                    <Coords points="198,466 282,466 282,496 198,496"/>
                    <TextEquiv>
                        <Unicode>calme</Unicode>
                    </TextEquiv>
                    <TextStyle fontFamily="Times New Roman" fontSize="11.0"/>
                </Word>
                <Word id="w_w2aab1b1b2c19b1ac23" language="English" custom="readingOrder {index:2;}">
                    <Coords points="298,467 370,467 370,496 298,496"/>
                    <TextEquiv>
                        <Unicode>vôtre</Unicode>
                    </TextEquiv>
                    <TextStyle fontFamily="Times New Roman" fontSize="11.0"/>
                </Word>
                <Word id="w_w2aab1b1b2c19b1ac35" language="English" custom="readingOrder {index:3;}">
                    <Coords points="388,469 505,469 505,500 388,500"/>
                    <TextEquiv>
                        <Unicode>trouble,</Unicode>
                    </TextEquiv>
                    <TextStyle fontFamily="Times New Roman" fontSize="11.0"/>
                </Word>
                <Word id="w_w2aab1b1b2c19b1ac53" language="English" custom="readingOrder {index:4;}">
                    <Coords points="521,479 580,479 580,498 521,498"/>
                    <TextEquiv>
                        <Unicode>avec</Unicode>
                    </TextEquiv>
                    <TextStyle fontFamily="Times New Roman" fontSize="11.0"/>
                </Word>
                <Word id="w_w2aab1b1b2c19b1ac63" language="English" custom="readingOrder {index:5;}">
                    <Coords points="596,479 660,479 660,498 596,498"/>
                    <TextEquiv>
                        <Unicode>cette</Unicode>
                    </TextEquiv>
                    <TextStyle fontFamily="Times New Roman" fontSize="11.0"/>
                </Word>
                <Word id="w_w2aab1b1b2c19b1ac75" language="English" custom="readingOrder {index:6;}">
                    <Coords points="676,472 803,472 803,504 676,504"/>
                    <TextEquiv>
                        <Unicode>lumière,</Unicode>
                    </TextEquiv>
                    <TextStyle fontFamily="Times New Roman" fontSize="11.0"/>
                </Word>
                <TextEquiv>
                    <Unicode>J’ai calmé vôtre trouble, avec cette lumiere,</Unicode>
                </TextEquiv>
                <TextStyle fontFamily="Times New Roman" fontSize="11.0"/>
            </TextLine>
            <TextEquiv>
                <Unicode>J’ai calmé vôtre trouble, avec cette lumiere,</Unicode>
            </TextEquiv>
        </TextRegion>
        <TextRegion type="paragraph" id="r_1_11" custom="readingOrder {index:10;}">
            <Coords points="133,503 740,503 740,549 133,549"/>
            <TextLine id="tl_12" primaryLanguage="English" custom="readingOrder {index:0;}">
                <Coords points="134,504 739,504 739,548 134,548"/>
                <Baseline points="134,533 167,532 207,535 297,534 324,535 407,536 498,535 593,536 722,538 738,538"/>
                <Word id="w_w2aab1b1b2c21b1ab1" language="English" custom="readingOrder {index:0;}">
                    <Coords points="134,505 167,505 167,533 134,533"/>
                    <TextEquiv>
                        <Unicode>Et</Unicode>
                    </TextEquiv>
                    <TextStyle fontFamily="Times New Roman" fontSize="11.0"/>
                </Word>
                <Word id="w_w2aab1b1b2c21b1ab7" language="English" custom="readingOrder {index:1;}">
                    <Coords points="182,505 207,505 207,535 182,535"/>
                    <TextEquiv>
                        <Unicode>la</Unicode>
                    </TextEquiv>
                    <TextStyle fontFamily="Times New Roman" fontSize="11.0"/>
                </Word>
                <Word id="w_w2aab1b1b2c21b1ac13" language="English" custom="readingOrder {index:2;}">
                    <Coords points="221,505 297,505 297,534 221,534"/>
                    <TextEquiv>
                        <Unicode>chofe</Unicode>
                    </TextEquiv>
                    <TextStyle fontFamily="Times New Roman" fontSize="11.0"/>
                </Word>
                <Word id="w_w2aab1b1b2c21b1ac25" language="English" custom="readingOrder {index:3;}">
                    <Coords points="309,517 324,517 324,535 309,535"/>
                    <TextEquiv>
                        <Unicode>a</Unicode>
                    </TextEquiv>
                    <TextStyle fontFamily="Times New Roman" fontSize="11.0"/>
                </Word>
                <Word id="w_w2aab1b1b2c21b1ac29" language="English" custom="readingOrder {index:4;}">
                    <Coords points="339,506 407,506 407,545 339,545"/>
                    <TextEquiv>
                        <Unicode>pâlie</Unicode>
                    </TextEquiv>
                    <TextStyle fontFamily="Times New Roman" fontSize="11.0"/>
                </Word>
                <Word id="w_w2aab1b1b2c21b1ac41" language="English" custom="readingOrder {index:5;}">
                    <Coords points="421,508 498,508 498,536 421,536"/>
                    <TextEquiv>
                        <Unicode>d’une</Unicode>
                    </TextEquiv>
                    <TextStyle fontFamily="Times New Roman" fontSize="11.0"/>
                </Word>
                <Word id="w_w2aab1b1b2c21b1ac53" language="English" custom="readingOrder {index:6;}">
                    <Coords points="511,508 593,508 593,537 511,537"/>
                    <TextEquiv>
                        <Unicode>douce</Unicode>
                    </TextEquiv>
                    <TextStyle fontFamily="Times New Roman" fontSize="11.0"/>
                </Word>
                <Word id="w_w2aab1b1b2c21b1ac65" language="English" custom="readingOrder {index:7;}">
                    <Coords points="609,511 722,511 722,538 609,538"/>
                    <TextEquiv>
                        <Unicode>maniéré</Unicode>
                    </TextEquiv>
                    <TextStyle fontFamily="Times New Roman" fontSize="11.0"/>
                </Word>
                <Word id="w_w2aab1b1b2c21b1ac81" language="English" custom="readingOrder {index:8;}">
                    <Coords points="732,521 738,521 738,538 732,538"/>
                    <TextEquiv>
                        <Unicode>:</Unicode>
                    </TextEquiv>
                    <TextStyle fontFamily="Times New Roman" fontSize="11.0"/>
                </Word>
                <TextEquiv>
                    <Unicode>Et la choſe a paſſé d’une douce maniere:</Unicode>
                </TextEquiv>
                <TextStyle fontFamily="Times New Roman" fontSize="11.0"/>
            </TextLine>
            <TextEquiv>
                <Unicode>Et la choſe a paſſé d’une douce maniere:</Unicode>
            </TextEquiv>
        </TextRegion>
        <TextRegion type="paragraph" id="r_1_12" custom="readingOrder {index:11;}">
            <Coords points="134,543 845,543 845,590 134,590"/>
            <TextLine id="tl_13" primaryLanguage="English" custom="readingOrder {index:0;}">
                <Coords points="135,544 844,544 844,589 135,589"/>
                <Baseline points="135,571 204,572 233,573 308,573 397,575 508,575 540,576 633,576 693,577 844,584"/>
                <Word id="w_w2aab1b1b2c23b1ab1" language="English" custom="readingOrder {index:0;}">
                    <Coords points="135,546 204,546 204,572 135,572"/>
                    <TextEquiv>
                        <Unicode>Mais</Unicode>
                    </TextEquiv>
                    <TextStyle fontFamily="Times New Roman" fontSize="11.0"/>
                </Word>
                <Word id="w_w2aab1b1b2c23b1ac11" language="English" custom="readingOrder {index:1;}">
                    <Coords points="219,545 233,545 233,573 219,573"/>
                    <TextEquiv>
                        <Unicode>à</Unicode>
                    </TextEquiv>
                    <TextStyle fontFamily="Times New Roman" fontSize="11.0"/>
                </Word>
                <Word id="w_w2aab1b1b2c23b1ac15" language="English" custom="readingOrder {index:2;}">
                    <Coords points="250,548 308,548 308,573 250,573"/>
                    <TextEquiv>
                        <Unicode>n’en</Unicode>
                    </TextEquiv>
                    <TextStyle fontFamily="Times New Roman" fontSize="11.0"/>
                </Word>
                <Word id="w_w2aab1b1b2c23b1ac25" language="English" custom="readingOrder {index:3;}">
                    <Coords points="325,547 397,547 397,585 325,585"/>
                    <TextEquiv>
                        <Unicode>point</Unicode>
                    </TextEquiv>
                    <TextStyle fontFamily="Times New Roman" fontSize="11.0"/>
                </Word>
                <Word id="w_w2aab1b1b2c23b1ac37" language="English" custom="readingOrder {index:4;}">
                    <Coords points="412,549 508,549 508,575 412,575"/>
                    <TextEquiv>
                        <Unicode>mentir</Unicode>
                    </TextEquiv>
                    <TextStyle fontFamily="Times New Roman" fontSize="11.0"/>
                </Word>
                <Word id="w_w2aab1b1b2c23b1ac51" language="English" custom="readingOrder {index:5;}">
                    <Coords points="524,548 540,548 540,576 524,576"/>
                    <TextEquiv>
                        <Unicode>il</Unicode>
                    </TextEquiv>
                    <TextStyle fontFamily="Times New Roman" fontSize="11.0"/>
                </Word>
                <Word id="w_w2aab1b1b2c23b1ac57" language="English" custom="readingOrder {index:6;}">
                    <Coords points="558,547 633,547 633,576 558,576"/>
                    <TextEquiv>
                        <Unicode>{'croit</Unicode>
                    </TextEquiv>
                    <TextStyle fontFamily="Times New Roman" fontSize="11.0"/>
                </Word>
                <Word id="w_w2aab1b1b2c23b1ac73" language="English" custom="readingOrder {index:7;}">
                    <Coords points="648,548 693,548 693,577 648,577"/>
                    <TextEquiv>
                        <Unicode>des</Unicode>
                    </TextEquiv>
                    <TextStyle fontFamily="Times New Roman" fontSize="11.0"/>
                </Word>
                <Word id="w_w2aab1b1b2c23b1ac81" language="English" custom="readingOrder {index:8;}">
                    <Coords points="707,559 844,559 844,584 707,584"/>
                    <TextEquiv>
                        <Unicode>momens,</Unicode>
                    </TextEquiv>
                    <TextStyle fontFamily="Times New Roman" fontSize="11.0"/>
                </Word>
                <TextEquiv>
                    <Unicode>Mais à n’en point mentir il ſeroit des momens,</Unicode>
                </TextEquiv>
                <TextStyle fontFamily="Times New Roman" fontSize="11.0"/>
            </TextLine>
            <TextEquiv>
                <Unicode>Mais à n’en point mentir il ſeroit des momens,</Unicode>
            </TextEquiv>
        </TextRegion>
        <TextRegion type="paragraph" id="r_1_13" custom="readingOrder {index:12;}">
            <Coords points="133,582 816,582 816,628 133,628"/>
            <TextLine id="tl_14" primaryLanguage="English" custom="readingOrder {index:0;}">
                <Coords points="134,583 815,583 815,627 134,627"/>
                <Baseline points="134,611 179,611 218,611 351,614 448,614 525,614 651,615 728,616 815,618"/>
                <Word id="w_w2aab1b1b2c25b1ab1" language="English" custom="readingOrder {index:0;}">
                    <Coords points="134,584 179,584 179,611 134,611"/>
                    <TextEquiv>
                        <Unicode>Où</Unicode>
                    </TextEquiv>
                    <TextStyle fontFamily="Times New Roman" fontSize="11.0"/>
                </Word>
                <Word id="w_w2aab1b1b2c25b1ab7" language="English" custom="readingOrder {index:1;}">
                    <Coords points="196,585 218,585 218,621 196,621"/>
                    <TextEquiv>
                        <Unicode>je</Unicode>
                    </TextEquiv>
                    <TextStyle fontFamily="Times New Roman" fontSize="11.0"/>
                </Word>
                <Word id="w_w2aab1b1b2c25b1ac13" language="English" custom="readingOrder {index:2;}">
                    <Coords points="232,586 351,586 351,624 232,624"/>
                    <TextEquiv>
                        <Unicode>pourrois</Unicode>
                    </TextEquiv>
                    <TextStyle fontFamily="Times New Roman" fontSize="11.0"/>
                </Word>
                <Word id="w_w2aab1b1b2c25b1ac31" language="English" custom="readingOrder {index:3;}">
                    <Coords points="364,595 448,595 448,614 364,614"/>
                    <TextEquiv>
                        <Unicode>entrer</Unicode>
                    </TextEquiv>
                    <TextStyle fontFamily="Times New Roman" fontSize="11.0"/>
                </Word>
                <Word id="w_w2aab1b1b2c25b1ac45" language="English" custom="readingOrder {index:4;}">
                    <Coords points="463,585 525,585 525,614 463,614"/>
                    <TextEquiv>
                        <Unicode>dans</Unicode>
                    </TextEquiv>
                    <TextStyle fontFamily="Times New Roman" fontSize="11.0"/>
                </Word>
                <Word id="w_w2aab1b1b2c25b1ac55" language="English" custom="readingOrder {index:5;}">
                    <Coords points="541,587 651,587 651,616 541,616"/>
                    <TextEquiv>
                        <Unicode>d’autres</Unicode>
                    </TextEquiv>
                    <TextStyle fontFamily="Times New Roman" fontSize="11.0"/>
                </Word>
                <Word id="w_w2aab1b1b2c25b1ac73" language="English" custom="readingOrder {index:6;}">
                    <Coords points="667,587 728,587 728,618 667,618"/>
                    <TextEquiv>
                        <Unicode>senti</Unicode>
                    </TextEquiv>
                    <TextStyle fontFamily="Times New Roman" fontSize="11.0"/>
                </Word>
                <Word id="w_w2aab1b1b2c25b1ac85" language="English" custom="readingOrder {index:7;}">
                    <Coords points="732,599 815,599 815,618 732,618"/>
                    <TextEquiv>
                        <Unicode>mens.</Unicode>
                    </TextEquiv>
                    <TextStyle fontFamily="Times New Roman" fontSize="11.0"/>
                </Word>
                <TextEquiv>
                    <Unicode>Où je pourrois entrer dans d’autres ſentimens.</Unicode>
                </TextEquiv>
                <TextStyle fontFamily="Times New Roman" fontSize="11.0"/>
            </TextLine>
            <TextEquiv>
                <Unicode>Où je pourrois entrer dans d’autres ſentimens.</Unicode>
            </TextEquiv>
        </TextRegion>
        <TextRegion type="paragraph" id="r_1_14" custom="readingOrder {index:13;}">
            <Coords points="383,626 671,626 671,657 383,657"/>
            <TextLine id="tl_15" primaryLanguage="English" custom="readingOrder {index:0;}">
                <Coords points="384,627 670,627 670,656 384,656"/>
                <Baseline points="384,653 421,653 483,654 519,652 559,654 594,654 626,655 670,655"/>
                <Word id="w_w2aab1b1b2c27b1ab1" language="English" custom="readingOrder {index:0;}">
                    <Coords points="384,627 421,627 421,653 384,653"/>
                    <TextEquiv>
                        <Unicode>D.</Unicode>
                    </TextEquiv>
                    <TextStyle fontFamily="Times New Roman" fontSize="11.0"/>
                </Word>
                <Word id="w_w2aab1b1b2c27b1ab7" language="English" custom="readingOrder {index:1;}">
                    <Coords points="459,628 483,628 483,654 459,654"/>
                    <TextEquiv>
                        <Unicode>G</Unicode>
                    </TextEquiv>
                    <TextStyle fontFamily="Times New Roman" fontSize="11.0"/>
                </Word>
                <Word id="w_w2aab1b1b2c27b1b1b1" language="English" custom="readingOrder {index:2;}">
                    <Coords points="503,635 519,635 519,652 503,652"/>
                    <TextEquiv>
                        <Unicode>a</Unicode>
                    </TextEquiv>
                    <TextStyle fontFamily="Times New Roman" fontSize="12.0"/>
                </Word>
                <Word id="w_w2aab1b1b2c27b1b1b5" language="English" custom="readingOrder {index:3;}">
                    <Coords points="542,635 559,635 559,654 542,654"/>
                    <TextEquiv>
                        <Unicode>r</Unicode>
                    </TextEquiv>
                    <TextStyle fontFamily="Times New Roman" fontSize="12.0"/>
                </Word>
                <Word id="w_w2aab1b1b2c27b1b2b3" language="English" custom="readingOrder {index:4;}">
                    <Coords points="578,636 594,636 594,654 578,654"/>
                    <TextEquiv>
                        <Unicode>c</Unicode>
                    </TextEquiv>
                    <TextStyle fontFamily="Times New Roman" fontSize="12.0"/>
                </Word>
                <Word id="w_w2aab1b1b2c27b1b2b7" language="English" custom="readingOrder {index:5;}">
                    <Coords points="617,637 626,637 626,655 617,655"/>
                    <TextEquiv>
                        <Unicode>1</Unicode>
                    </TextEquiv>
                    <TextStyle fontFamily="Times New Roman" fontSize="12.0"/>
                </Word>
                <Word id="w_w2aab1b1b2c27b1b2c11" language="English" custom="readingOrder {index:6;}">
                    <Coords points="648,637 670,637 670,655 648,655"/>
                    <TextEquiv>
                        <Unicode>1.</Unicode>
                    </TextEquiv>
                    <TextStyle fontFamily="Times New Roman" fontSize="12.0"/>
                </Word>
                <TextEquiv>
                    <Unicode>D. GARCIE.</Unicode>
                </TextEquiv>
            </TextLine>
            <TextEquiv>
                <Unicode>D. GARCIE.</Unicode>
            </TextEquiv>
        </TextRegion>
        <TextRegion type="paragraph" id="r_1_15" custom="readingOrder {index:14;}">
            <Coords points="132,660 585,660 585,706 132,706"/>
            <TextLine id="tl_16" primaryLanguage="English" custom="readingOrder {index:0;}">
                <Coords points="133,661 584,661 584,705 133,705"/>
                <Baseline points="133,690 193,694 274,692 355,691 462,692 584,694"/>
                <Word id="w_w2aab1b1b2c29b1ab1" language="English" custom="readingOrder {index:0;}">
                    <Coords points="133,661 193,661 193,694 133,694"/>
                    <TextEquiv>
                        <Unicode>Hc',</Unicode>
                    </TextEquiv>
                    <TextStyle fontFamily="Times New Roman" fontSize="11.0"/>
                </Word>
                <Word id="w_w2aab1b1b2c29b1ac11" language="English" custom="readingOrder {index:1;}">
                    <Coords points="211,664 274,664 274,702 211,702"/>
                    <TextEquiv>
                        <Unicode>quoi</Unicode>
                    </TextEquiv>
                    <TextStyle fontFamily="Times New Roman" fontSize="11.0"/>
                </Word>
                <Word id="w_w2aab1b1b2c29b1ac21" language="English" custom="readingOrder {index:2;}">
                    <Coords points="291,673 355,673 355,692 291,692"/>
                    <TextEquiv>
                        <Unicode>vous</Unicode>
                    </TextEquiv>
                    <TextStyle fontFamily="Times New Roman" fontSize="11.0"/>
                </Word>
                <Word id="w_w2aab1b1b2c29b1ac31" language="English" custom="readingOrder {index:3;}">
                    <Coords points="369,673 462,673 462,703 369,703"/>
                    <TextEquiv>
                        <Unicode>croyez</Unicode>
                    </TextEquiv>
                    <TextStyle fontFamily="Times New Roman" fontSize="11.0"/>
                </Word>
                <Word id="w_w2aab1b1b2c29b1ac45" language="English" custom="readingOrder {index:4;}">
                    <Coords points="476,664 584,664 584,694 476,694"/>
                    <TextEquiv>
                        <Unicode>donc....</Unicode>
                    </TextEquiv>
                    <TextStyle fontFamily="Times New Roman" fontSize="11.0"/>
                </Word>
                <TextEquiv>
                    <Unicode>Hé, quoi vous croyez donc....</Unicode>
                </TextEquiv>
                <TextStyle fontFamily="Times New Roman" fontSize="11.0"/>
            </TextLine>
            <TextEquiv>
                <Unicode>Hé, quoi vous croyez donc....</Unicode>
            </TextEquiv>
        </TextRegion>
        <TextRegion type="paragraph" id="r_1_16" custom="readingOrder {index:15;}">
            <Coords points="393,704 670,704 670,734 393,734"/>
            <TextLine id="tl_17" primaryLanguage="English" custom="readingOrder {index:0;}">
                <Coords points="394,705 669,705 669,733 394,733"/>
                <Baseline points="394,732 429,732 488,732 520,731 555,731 586,732 626,732 669,733"/>
                <Word id="w_w2aab1b1b2c31b1ab1" language="English" custom="readingOrder {index:0;}">
                    <Coords points="394,706 429,706 429,732 394,732"/>
                    <TextEquiv>
                        <Unicode>D.</Unicode>
                    </TextEquiv>
                    <TextStyle fontFamily="Times New Roman" fontSize="11.0"/>
                </Word>
                <Word id="w_w2aab1b1b2c31b1ab7" language="English" custom="readingOrder {index:1;}">
                    <Coords points="467,705 488,705 488,732 467,732"/>
                    <TextEquiv>
                        <Unicode>E</Unicode>
                    </TextEquiv>
                    <TextStyle fontFamily="Times New Roman" fontSize="11.0"/>
                </Word>
                <Word id="w_w2aab1b1b2c31b1b1b1" language="English" custom="readingOrder {index:2;}">
                    <Coords points="507,714 520,714 520,731 507,731"/>
                    <TextEquiv>
                        <Unicode>L</Unicode>
                    </TextEquiv>
                    <TextStyle fontFamily="Times New Roman" fontSize="12.0"/>
                </Word>
                <Word id="w_w2aab1b1b2c31b1b1b5" language="English" custom="readingOrder {index:3;}">
                    <Coords points="539,715 555,715 555,731 539,731"/>
                    <TextEquiv>
                        <Unicode>U</Unicode>
                    </TextEquiv>
                    <TextStyle fontFamily="Times New Roman" fontSize="12.0"/>
                </Word>
                <Word id="w_w2aab1b1b2c31b1b1b9" language="English" custom="readingOrder {index:4;}">
                    <Coords points="576,714 586,714 586,732 576,732"/>
                    <TextEquiv>
                        <Unicode>I</Unicode>
                    </TextEquiv>
                    <TextStyle fontFamily="Times New Roman" fontSize="12.0"/>
                </Word>
                <Word id="w_w2aab1b1b2c31b1b1c13" language="English" custom="readingOrder {index:5;}">
                    <Coords points="608,713 626,713 626,732 608,732"/>
                    <TextEquiv>
                        <Unicode>R</Unicode>
                    </TextEquiv>
                    <TextStyle fontFamily="Times New Roman" fontSize="12.0"/>
                </Word>
                <Word id="w_w2aab1b1b2c31b1b1c17" language="English" custom="readingOrder {index:6;}">
                    <Coords points="645,714 669,714 669,733 645,733"/>
                    <TextEquiv>
                        <Unicode>E.</Unicode>
                    </TextEquiv>
                    <TextStyle fontFamily="Times New Roman" fontSize="12.0"/>
                </Word>
                <TextEquiv>
                    <Unicode>D. ELUIRE.</Unicode>
                </TextEquiv>
            </TextLine>
            <TextEquiv>
                <Unicode>D. ELUIRE.</Unicode>
            </TextEquiv>
        </TextRegion>
        <TextRegion type="paragraph" id="r_1_17" custom="readingOrder {index:16;}">
            <Coords points="130,742 929,742 929,817 130,817"/>
            <TextLine id="tl_18" primaryLanguage="English" custom="readingOrder {index:0;}">
                <Coords points="541,743 928,743 928,785 541,785"/>
                <Baseline points="541,781 554,781 630,771 665,771 737,773 800,773 928,777"/>
                <Word id="w_w2aab1b1b2c33b1ab1" language="English" custom="readingOrder {index:0;}">
                    <Coords points="541,746 570,746 570,781 541,781"/>
                    <TextEquiv>
                        <Unicode>Je</Unicode>
                    </TextEquiv>
                    <TextStyle fontFamily="Times New Roman" fontSize="11.0" italic="true"/>
                </Word>
                <Word id="w_w2aab1b1b2c33b1b1b3" language="English" custom="readingOrder {index:1;}">
                    <Coords points="577,745 630,745 630,772 577,772"/>
                    <TextEquiv>
                        <Unicode>croi</Unicode>
                    </TextEquiv>
                    <TextStyle fontFamily="Times New Roman" fontSize="11.0"/>
                </Word>
                <Word id="w_w2aab1b1b2c33b1b1c13" language="English" custom="readingOrder {index:2;}">
                    <Coords points="637,753 665,753 665,771 637,771"/>
                    <TextEquiv>
                        <Unicode>ce</Unicode>
                    </TextEquiv>
                    <TextStyle fontFamily="Times New Roman" fontSize="11.0"/>
                </Word>
                <Word id="w_w2aab1b1b2c33b1b1c19" language="English" custom="readingOrder {index:3;}">
                    <Coords points="672,744 737,744 737,784 672,784"/>
                    <TextEquiv>
                        <Unicode>qu’il</Unicode>
                    </TextEquiv>
                    <TextStyle fontFamily="Times New Roman" fontSize="11.0"/>
                </Word>
                <Word id="w_w2aab1b1b2c33b1b1c31" language="English" custom="readingOrder {index:4;}">
                    <Coords points="744,744 800,744 800,774 744,774"/>
                    <TextEquiv>
                        <Unicode>faut</Unicode>
                    </TextEquiv>
                    <TextStyle fontFamily="Times New Roman" fontSize="11.0"/>
                </Word>
                <Word id="w_w2aab1b1b2c33b1b1c41" language="English" custom="readingOrder {index:5;}">
                    <Coords points="807,747 928,747 928,777 807,777"/>
                    <TextEquiv>
                        <Unicode>croire....</Unicode>
                    </TextEquiv>
                    <TextStyle fontFamily="Times New Roman" fontSize="11.0"/>
                </Word>
                <TextEquiv>
                    <Unicode>Je croi ce qu’il faut croire....</Unicode>
                </TextEquiv>
            </TextLine>
            <TextLine id="tl_19" primaryLanguage="English" custom="readingOrder {index:1;}">
                <Coords points="131,779 759,779 759,816 131,816"/>
                <Baseline points="131,808 232,813 282,808 354,810 414,811 557,810 594,811 759,816"/>
                <Word id="w_w2aab1b1b2c33b3ab1" language="English" custom="readingOrder {index:0;}">
                    <Coords points="131,780 232,780 232,813 131,813"/>
                    <TextEquiv>
                        <Unicode>Adieu,</Unicode>
                    </TextEquiv>
                    <TextStyle fontFamily="Times New Roman" fontSize="11.0"/>
                </Word>
                <Word id="w_w2aab1b1b2c33b3ac15" language="English" custom="readingOrder {index:1;}">
                    <Coords points="250,780 282,780 282,808 250,808"/>
                    <TextEquiv>
                        <Unicode>de</Unicode>
                    </TextEquiv>
                    <TextStyle fontFamily="Times New Roman" fontSize="11.0"/>
                </Word>
                <Word id="w_w2aab1b1b2c33b3ac21" language="English" custom="readingOrder {index:2;}">
                    <Coords points="297,791 354,791 354,810 297,810"/>
                    <TextEquiv>
                        <Unicode>mes</Unicode>
                    </TextEquiv>
                    <TextStyle fontFamily="Times New Roman" fontSize="11.0"/>
                </Word>
                <Word id="w_w2aab1b1b2c33b3ac29" language="English" custom="readingOrder {index:3;}">
                    <Coords points="361,783 414,783 414,811 361,811"/>
                    <TextEquiv>
                        <Unicode>avis</Unicode>
                    </TextEquiv>
                    <TextStyle fontFamily="Times New Roman" fontSize="11.0"/>
                </Word>
                <Word id="w_w2aab1b1b2c33b3ac39" language="English" custom="readingOrder {index:4;}">
                    <Coords points="421,781 557,781 557,810 421,810"/>
                    <TextEquiv>
                        <Unicode>conservez</Unicode>
                    </TextEquiv>
                    <TextStyle fontFamily="Times New Roman" fontSize="11.0"/>
                </Word>
                <Word id="w_w2aab1b1b2c33b3ac59" language="English" custom="readingOrder {index:5;}">
                    <Coords points="571,783 594,783 594,811 571,811"/>
                    <TextEquiv>
                        <Unicode>la</Unicode>
                    </TextEquiv>
                    <TextStyle fontFamily="Times New Roman" fontSize="11.0"/>
                </Word>
                <Word id="w_w2aab1b1b2c33b3ac65" language="English" custom="readingOrder {index:6;}">
                    <Coords points="612,785 759,785 759,816 612,816"/>
                    <TextEquiv>
                        <Unicode>mémoire,</Unicode>
                    </TextEquiv>
                    <TextStyle fontFamily="Times New Roman" fontSize="11.0"/>
                </Word>
                <TextEquiv>
                    <Unicode>Adieu, de mes avis conſervez la memoire,</Unicode>
                </TextEquiv>
                <TextStyle fontFamily="Times New Roman" fontSize="11.0"/>
            </TextLine>
            <TextEquiv>
                <Unicode>Je croi ce qu’il faut croire....
Adieu, de mes avis conſervez la memoire,</Unicode>
            </TextEquiv>
        </TextRegion>
        <TextRegion type="paragraph" id="r_1_18" custom="readingOrder {index:17;}">
            <Coords points="128,817 891,817 891,904 128,904"/>
            <TextLine id="tl_20" primaryLanguage="English" custom="readingOrder {index:0;}">
                <Coords points="130,818 890,818 890,864 130,864"/>
                <Baseline points="130,846 161,847 215,847 267,848 325,848 400,849 488,853 557,850 635,850 744,851 799,851 890,854"/>
                <Word id="w_w2aab1b1b2c35b1ab1" language="English" custom="readingOrder {index:0;}">
                    <Coords points="130,820 161,820 161,847 130,847"/>
                    <TextEquiv>
                        <Unicode>Et</Unicode>
                    </TextEquiv>
                    <TextStyle fontFamily="Times New Roman" fontSize="11.0"/>
                </Word>
                <Word id="w_w2aab1b1b2c35b1ab7" language="English" custom="readingOrder {index:1;}">
                    <Coords points="175,820 215,820 215,847 175,847"/>
                    <TextEquiv>
                        <Unicode>s’il</Unicode>
                    </TextEquiv>
                    <TextStyle fontFamily="Times New Roman" fontSize="11.0"/>
                </Word>
                <Word id="w_w2aab1b1b2c35b1ac17" language="English" custom="readingOrder {index:2;}">
                    <Coords points="229,819 267,819 267,848 229,848"/>
                    <TextEquiv>
                        <Unicode>cft</Unicode>
                    </TextEquiv>
                    <TextStyle fontFamily="Times New Roman" fontSize="11.0"/>
                </Word>
                <Word id="w_w2aab1b1b2c35b1ac25" language="English" custom="readingOrder {index:3;}">
                    <Coords points="275,821 325,821 325,850 275,850"/>
                    <TextEquiv>
                        <Unicode>vrai</Unicode>
                    </TextEquiv>
                    <TextStyle fontFamily="Times New Roman" fontSize="11.0"/>
                </Word>
                <Word id="w_w2aab1b1b2c35b1ac35" language="English" custom="readingOrder {index:4;}">
                    <Coords points="334,830 400,830 400,859 334,859"/>
                    <TextEquiv>
                        <Unicode>pour</Unicode>
                    </TextEquiv>
                    <TextStyle fontFamily="Times New Roman" fontSize="11.0"/>
                </Word>
                <Word id="w_w2aab1b1b2c35b1ac45" language="English" custom="readingOrder {index:5;}">
                    <Coords points="417,822 488,822 488,853 417,853"/>
                    <TextEquiv>
                        <Unicode>moi,</Unicode>
                    </TextEquiv>
                    <TextStyle fontFamily="Times New Roman" fontSize="11.0"/>
                </Word>
                <Word id="w_w2aab1b1b2c35b1ac55" language="English" custom="readingOrder {index:6;}">
                    <Coords points="506,831 557,831 557,861 506,861"/>
                    <TextEquiv>
                        <Unicode>que</Unicode>
                    </TextEquiv>
                    <TextStyle fontFamily="Times New Roman" fontSize="11.0"/>
                </Word>
                <Word id="w_w2aab1b1b2c35b1ac63" language="English" custom="readingOrder {index:7;}">
                    <Coords points="564,821 635,821 635,850 564,850"/>
                    <TextEquiv>
                        <Unicode>vôtre</Unicode>
                    </TextEquiv>
                    <TextStyle fontFamily="Times New Roman" fontSize="11.0"/>
                </Word>
                <Word id="w_w2aab1b1b2c35b1ac75" language="English" custom="readingOrder {index:8;}">
                    <Coords points="650,831 744,831 744,851 650,851"/>
                    <TextEquiv>
                        <Unicode>amour</Unicode>
                    </TextEquiv>
                    <TextStyle fontFamily="Times New Roman" fontSize="11.0"/>
                </Word>
                <Word id="w_w2aab1b1b2c35b1ac87" language="English" custom="readingOrder {index:9;}">
                    <Coords points="752,823 799,823 799,851 752,851"/>
                    <TextEquiv>
                        <Unicode>(oit</Unicode>
                    </TextEquiv>
                    <TextStyle fontFamily="Times New Roman" fontSize="11.0"/>
                </Word>
                <Word id="w_w2aab1b1b2c35b1ac97" language="English" custom="readingOrder {index:10;}">
                    <Coords points="806,825 890,825 890,864 806,864"/>
                    <TextEquiv>
                        <Unicode>grand</Unicode>
                    </TextEquiv>
                    <TextStyle fontFamily="Times New Roman" fontSize="11.0"/>
                </Word>
                <TextEquiv>
                    <Unicode>Et s’il eſt vrai pour moi, que vôtre amour ſoit grand</Unicode>
                </TextEquiv>
                <TextStyle fontFamily="Times New Roman" fontSize="11.0"/>
            </TextLine>
            <TextLine id="tl_21" primaryLanguage="English" custom="readingOrder {index:1;}">
                <Coords points="129,859 867,859 867,903 129,903"/>
                <Baseline points="129,886 241,888 286,887 316,888 398,889 487,887 537,889 659,890 736,891 867,893"/>
                <Word id="w_w2aab1b1b2c35b3ab1" language="English" custom="readingOrder {index:0;}">
                    <Coords points="129,859 241,859 241,888 129,888"/>
                    <TextEquiv>
                        <Unicode>Donnez</Unicode>
                    </TextEquiv>
                    <TextStyle fontFamily="Times New Roman" fontSize="11.0"/>
                </Word>
                <Word id="w_w2aab1b1b2c35b3ac15" language="English" custom="readingOrder {index:1;}">
                    <Coords points="255,869 286,869 286,887 255,887"/>
                    <TextEquiv>
                        <Unicode>en</Unicode>
                    </TextEquiv>
                    <TextStyle fontFamily="Times New Roman" fontSize="11.0"/>
                </Word>
                <Word id="w_w2aab1b1b2c35b3ac21" language="English" custom="readingOrder {index:2;}">
                    <Coords points="302,860 316,860 316,888 302,888"/>
                    <TextEquiv>
                        <Unicode>à</Unicode>
                    </TextEquiv>
                    <TextStyle fontFamily="Times New Roman" fontSize="11.0"/>
                </Word>
                <Word id="w_w2aab1b1b2c35b3ac25" language="English" custom="readingOrder {index:3;}">
                    <Coords points="332,870 398,870 398,889 332,889"/>
                    <TextEquiv>
                        <Unicode>mon</Unicode>
                    </TextEquiv>
                    <TextStyle fontFamily="Times New Roman" fontSize="11.0"/>
                </Word>
                <Word id="w_w2aab1b1b2c35b3ac33" language="English" custom="readingOrder {index:4;}">
                    <Coords points="413,870 487,870 487,888 413,888"/>
                    <TextEquiv>
                        <Unicode>cœur</Unicode>
                    </TextEquiv>
                    <TextStyle fontFamily="Times New Roman" fontSize="11.0"/>
                </Word>
                <Word id="w_w2aab1b1b2c35b3ac43" language="English" custom="readingOrder {index:5;}">
                    <Coords points="502,861 537,861 537,889 502,889"/>
                    <TextEquiv>
                        <Unicode>les</Unicode>
                    </TextEquiv>
                    <TextStyle fontFamily="Times New Roman" fontSize="11.0"/>
                </Word>
                <Word id="w_w2aab1b1b2c35b3ac51" language="English" custom="readingOrder {index:6;}">
                    <Coords points="552,871 659,871 659,899 552,899"/>
                    <TextEquiv>
                        <Unicode>preuves</Unicode>
                    </TextEquiv>
                    <TextStyle fontFamily="Times New Roman" fontSize="11.0"/>
                </Word>
                <Word id="w_w2aab1b1b2c35b3ac67" language="English" custom="readingOrder {index:7;}">
                    <Coords points="672,863 736,863 736,902 672,902"/>
                    <TextEquiv>
                        <Unicode>qu’il</Unicode>
                    </TextEquiv>
                    <TextStyle fontFamily="Times New Roman" fontSize="11.0"/>
                </Word>
                <Word id="w_w2aab1b1b2c35b3ac79" language="English" custom="readingOrder {index:8;}">
                    <Coords points="751,865 867,865 867,902 751,902"/>
                    <TextEquiv>
                        <Unicode>prétend.</Unicode>
                    </TextEquiv>
                    <TextStyle fontFamily="Times New Roman" fontSize="11.0"/>
                </Word>
                <TextEquiv>
                    <Unicode>Donnez en à mon cœur les preuves qu’il pretend.</Unicode>
                </TextEquiv>
                <TextStyle fontFamily="Times New Roman" fontSize="11.0"/>
            </TextLine>
            <TextEquiv>
                <Unicode>Et s’il eſt vrai pour moi, que vôtre amour ſoit grand
Donnez en à mon cœur les preuves qu’il pretend.</Unicode>
            </TextEquiv>
        </TextRegion>
        <TextRegion type="paragraph" id="r_1_19" custom="readingOrder {index:18;}">
            <Coords points="387,900 669,900 669,930 387,930"/>
            <TextLine id="tl_22" primaryLanguage="English" custom="readingOrder {index:0;}">
                <Coords points="388,901 668,901 668,929 388,929"/>
                <Baseline points="388,928 423,927 486,928 521,925 560,926 598,928 625,928 668,929"/>
                <Word id="w_w2aab1b1b2c37b1ab1" language="English" custom="readingOrder {index:0;}">
                    <Coords points="388,901 423,901 423,928 388,928"/>
                    <TextEquiv>
                        <Unicode>D.</Unicode>
                    </TextEquiv>
                    <TextStyle fontFamily="Times New Roman" fontSize="11.0"/>
                </Word>
                <Word id="w_w2aab1b1b2c37b1ab7" language="English" custom="readingOrder {index:1;}">
                    <Coords points="461,901 486,901 486,928 461,928"/>
                    <TextEquiv>
                        <Unicode>G</Unicode>
                    </TextEquiv>
                    <TextStyle fontFamily="Times New Roman" fontSize="11.0"/>
                </Word>
                <Word id="w_w2aab1b1b2c37b1b1b1" language="English" custom="readingOrder {index:2;}">
                    <Coords points="509,909 521,909 521,925 509,925"/>
                    <TextEquiv>
                        <Unicode>a</Unicode>
                    </TextEquiv>
                    <TextStyle fontFamily="Times New Roman" fontSize="12.0"/>
                </Word>
                <Word id="w_w2aab1b1b2c37b1b1b5" language="English" custom="readingOrder {index:3;}">
                    <Coords points="544,909 560,909 560,928 544,928"/>
                    <TextEquiv>
                        <Unicode>r</Unicode>
                    </TextEquiv>
                    <TextStyle fontFamily="Times New Roman" fontSize="12.0"/>
                </Word>
                <Word id="w_w2aab1b1b2c37b1b2b1" language="English" custom="readingOrder {index:4;}">
                    <Coords points="581,910 598,910 598,928 581,928"/>
                    <TextEquiv>
                        <Unicode>c</Unicode>
                    </TextEquiv>
                    <TextStyle fontFamily="Times New Roman" fontSize="12.0"/>
                </Word>
                <Word id="w_w2aab1b1b2c37b1b2b5" language="English" custom="readingOrder {index:5;}">
                    <Coords points="617,910 625,910 625,928 617,928"/>
                    <TextEquiv>
                        <Unicode>1</Unicode>
                    </TextEquiv>
                    <TextStyle fontFamily="Times New Roman" fontSize="12.0"/>
                </Word>
                <Word id="w_w2aab1b1b2c37b1b2b9" language="English" custom="readingOrder {index:6;}">
                    <Coords points="646,911 668,911 668,929 646,929"/>
                    <TextEquiv>
                        <Unicode>E.</Unicode>
                    </TextEquiv>
                    <TextStyle fontFamily="Times New Roman" fontSize="12.0"/>
                </Word>
                <TextEquiv>
                    <Unicode>D. GARCIE.</Unicode>
                </TextEquiv>
            </TextLine>
            <TextEquiv>
                <Unicode>D. GARCIE.</Unicode>
            </TextEquiv>
        </TextRegion>
        <TextRegion type="paragraph" id="r_1_20" custom="readingOrder {index:19;}">
            <Coords points="126,934 837,934 837,983 126,983"/>
            <TextLine id="tl_23" primaryLanguage="English" custom="readingOrder {index:0;}">
                <Coords points="127,935 836,935 836,982 127,982"/>
                <Baseline points="127,965 229,966 293,966 462,973 535,968 576,970 644,968 724,972 812,974 835,978"/>
                <Word id="w_w2aab1b1b2c39b1ab1" language="English" custom="readingOrder {index:0;}">
                    <Coords points="127,939 229,939 229,975 127,975"/>
                    <TextEquiv>
                        <Unicode>Croyez</Unicode>
                    </TextEquiv>
                    <TextStyle fontFamily="Times New Roman" fontSize="11.0"/>
                </Word>
                <Word id="w_w2aab1b1b2c39b1ac15" language="English" custom="readingOrder {index:1;}">
                    <Coords points="241,948 293,948 293,978 241,978"/>
                    <TextEquiv>
                        <Unicode>que</Unicode>
                    </TextEquiv>
                    <TextStyle fontFamily="Times New Roman" fontSize="11.0"/>
                </Word>
                <Word id="w_w2aab1b1b2c39b1ac23" language="English" custom="readingOrder {index:2;}">
                    <Coords points="306,937 462,937 462,973 306,973"/>
                    <TextEquiv>
                        <Unicode>déformais,</Unicode>
                    </TextEquiv>
                    <TextStyle fontFamily="Times New Roman" fontSize="11.0"/>
                </Word>
                <Word id="w_w2aab1b1b2c39b1ac45" language="English" custom="readingOrder {index:3;}">
                    <Coords points="474,937 535,937 535,968 474,968"/>
                    <TextEquiv>
                        <Unicode>c’eft</Unicode>
                    </TextEquiv>
                    <TextStyle fontFamily="Times New Roman" fontSize="11.0"/>
                </Word>
                <Word id="w_w2aab1b1b2c39b1ac57" language="English" custom="readingOrder {index:4;}">
                    <Coords points="549,940 576,940 576,970 549,970"/>
                    <TextEquiv>
                        <Unicode>là</Unicode>
                    </TextEquiv>
                    <TextStyle fontFamily="Times New Roman" fontSize="11.0"/>
                </Word>
                <Word id="w_w2aab1b1b2c39b1ac63" language="English" custom="readingOrder {index:5;}">
                    <Coords points="586,949 644,949 644,970 586,970"/>
                    <TextEquiv>
                        <Unicode>tout</Unicode>
                    </TextEquiv>
                    <TextStyle fontFamily="Times New Roman" fontSize="11.0"/>
                </Word>
                <Word id="w_w2aab1b1b2c39b1ac73" language="English" custom="readingOrder {index:6;}">
                    <Coords points="657,950 724,950 724,972 657,972"/>
                    <TextEquiv>
                        <Unicode>mon</Unicode>
                    </TextEquiv>
                    <TextStyle fontFamily="Times New Roman" fontSize="11.0"/>
                </Word>
                <Word id="w_w2aab1b1b2c39b1ac81" language="English" custom="readingOrder {index:7;}">
                    <Coords points="739,942 812,942 812,974 739,974"/>
                    <TextEquiv>
                        <Unicode>cmic</Unicode>
                    </TextEquiv>
                    <TextStyle fontFamily="Times New Roman" fontSize="11.0"/>
                </Word>
                <Word id="w_w2aab1b1b2c39b1ac91" language="English" custom="readingOrder {index:8;}">
                    <Coords points="826,964 835,964 835,978 826,978"/>
                    <TextEquiv>
                        <Unicode>,</Unicode>
                    </TextEquiv>
                    <TextStyle fontFamily="Times New Roman" fontSize="11.0"/>
                </Word>
                <TextEquiv>
                    <Unicode>Croyez que deſormais, c’eſt là tout mon envie,</Unicode>
                </TextEquiv>
                <TextStyle fontFamily="Times New Roman" fontSize="11.0"/>
            </TextLine>
            <TextEquiv>
                <Unicode>Croyez que deſormais, c’eſt là tout mon envie,</Unicode>
            </TextEquiv>
        </TextRegion>
        <TextRegion type="paragraph" id="r_1_21" custom="readingOrder {index:20;}">
            <Coords points="126,976 853,976 853,1025 126,1025"/>
            <TextLine id="tl_24" primaryLanguage="English" custom="readingOrder {index:0;}">
                <Coords points="127,977 852,977 852,1024 127,1024"/>
                <Baseline points="127,1004 159,1004 295,1006 369,1018 530,1014 572,1010 652,1011 757,1011 789,1012 852,1014"/>
                <Word id="w_w2aab1b1b2c41b1ab1" language="English" custom="readingOrder {index:0;}">
                    <Coords points="127,977 159,977 159,1004 127,1004"/>
                    <TextEquiv>
                        <Unicode>Et</Unicode>
                    </TextEquiv>
                    <TextStyle fontFamily="Times New Roman" fontSize="11.0"/>
                </Word>
                <Word id="w_w2aab1b1b2c41b1ab7" language="English" custom="readingOrder {index:1;}">
                    <Coords points="174,979 295,979 295,1016 174,1016"/>
                    <TextEquiv>
                        <Unicode>qu’avant</Unicode>
                    </TextEquiv>
                    <TextStyle fontFamily="Times New Roman" fontSize="11.0"/>
                </Word>
                <Word id="w_w2aab1b1b2c41b1ac25" language="English" custom="readingOrder {index:2;}">
                    <Coords points="309,980 369,980 369,1018 309,1018"/>
                    <TextEquiv>
                        <Unicode>qu’y</Unicode>
                    </TextEquiv>
                    <TextStyle fontFamily="Times New Roman" fontSize="11.0"/>
                </Word>
                <Word id="w_w2aab1b1b2c41b1ac35" language="English" custom="readingOrder {index:3;}">
                    <Coords points="387,990 530,990 530,1020 387,1020"/>
                    <TextEquiv>
                        <Unicode>manquer,</Unicode>
                    </TextEquiv>
                    <TextStyle fontFamily="Times New Roman" fontSize="11.0"/>
                </Word>
                <Word id="w_w2aab1b1b2c41b1ac53" language="English" custom="readingOrder {index:4;}">
                    <Coords points="547,982 572,982 572,1018 547,1018"/>
                    <TextEquiv>
                        <Unicode>je</Unicode>
                    </TextEquiv>
                    <TextStyle fontFamily="Times New Roman" fontSize="11.0"/>
                </Word>
                <Word id="w_w2aab1b1b2c41b1ac59" language="English" custom="readingOrder {index:5;}">
                    <Coords points="588,992 652,992 652,1011 588,1011"/>
                    <TextEquiv>
                        <Unicode>veux</Unicode>
                    </TextEquiv>
                    <TextStyle fontFamily="Times New Roman" fontSize="11.0"/>
                </Word>
                <Word id="w_w2aab1b1b2c41b1ac69" language="English" custom="readingOrder {index:6;}">
                    <Coords points="668,984 757,984 757,1023 668,1023"/>
                    <TextEquiv>
                        <Unicode>perdre</Unicode>
                    </TextEquiv>
                    <TextStyle fontFamily="Times New Roman" fontSize="11.0"/>
                </Word>
                <Word id="w_w2aab1b1b2c41b1ac83" language="English" custom="readingOrder {index:7;}">
                    <Coords points="764,984 789,984 789,1012 764,1012"/>
                    <TextEquiv>
                        <Unicode>la</Unicode>
                    </TextEquiv>
                    <TextStyle fontFamily="Times New Roman" fontSize="11.0"/>
                </Word>
                <Word id="w_w2aab1b1b2c41b1ac89" language="English" custom="readingOrder {index:8;}">
                    <Coords points="803,987 852,987 852,1014 803,1014"/>
                    <TextEquiv>
                        <Unicode>vie.</Unicode>
                    </TextEquiv>
                    <TextStyle fontFamily="Times New Roman" fontSize="11.0"/>
                </Word>
                <TextEquiv>
                    <Unicode>Et qu’avant qu’y manquer, je veux perdre la vie.</Unicode>
                </TextEquiv>
                <TextStyle fontFamily="Times New Roman" fontSize="11.0"/>
            </TextLine>
            <TextEquiv>
                <Unicode>Et qu’avant qu’y manquer, je veux perdre la vie.</Unicode>
            </TextEquiv>
        </TextRegion>
        <TextRegion type="paragraph" id="r_2_1" custom="readingOrder {index:21;}">
            <Coords points="250,1094 797,1096 797,1200 250,1198"/>
            <TextLine id="tl_25" primaryLanguage="English" custom="readingOrder {index:0;}">
                <Coords points="355,1095 693,1095 693,1134 355,1134"/>
                <Baseline points="355,1131 575,1132 692,1132"/>
                <Word id="w_w2aab1b3b2b1b1ab1" language="English" custom="readingOrder {index:0;}">
                    <Coords points="355,1096 575,1096 575,1132 355,1132"/>
                    <TextEquiv>
                        <Unicode>ACTE</Unicode>
                    </TextEquiv>
                    <TextStyle fontFamily="Times New Roman" fontSize="12.0" bold="true"/>
                </Word>
                <Word id="w_w2aab1b3b2b1b1ac11" language="English" custom="readingOrder {index:1;}">
                    <Coords points="637,1098 692,1098 692,1133 637,1133"/>
                    <TextEquiv>
                        <Unicode>II.</Unicode>
                    </TextEquiv>
                    <TextStyle fontFamily="Times New Roman" fontSize="12.0" bold="true"/>
                </Word>
                <TextEquiv>
                    <Unicode>ACTE II.</Unicode>
                </TextEquiv>
                <TextStyle fontFamily="Times New Roman" fontSize="12.0" bold="true"/>
            </TextLine>
            <TextLine id="tl_26" primaryLanguage="English" custom="readingOrder {index:1;}">
                <Coords points="250,1156 794,1160 794,1198 250,1194"/>
                <Baseline points="253,1195 456,1195 790,1198"/>
                <Word id="w_w2aab1b3b2b1b3ab1" language="English" custom="readingOrder {index:0;}">
                    <Coords points="334,1159 456,1159 456,1195 334,1195"/>
                    <TextEquiv>
                        <Unicode>CE</Unicode>
                    </TextEquiv>
                    <TextStyle fontFamily="Times New Roman" fontSize="17.0" bold="true"/>
                </Word>
                <Word id="w_w2aab1b3b2b1b3ab7" language="English" custom="readingOrder {index:1;}">
                    <Coords points="510,1161 635,1161 635,1197 510,1197"/>
                    <TextEquiv>
                        <Unicode>NE</Unicode>
                    </TextEquiv>
                    <TextStyle fontFamily="Times New Roman" fontSize="17.0" bold="true"/>
                </Word>
                <TextEquiv>
                    <Unicode>SCENE I.</Unicode>
                </TextEquiv>
                <TextStyle fontFamily="Times New Roman" fontSize="17.0" bold="true"/>
            </TextLine>
            <TextEquiv>
                <Unicode>ACTE II.
SCENE I.</Unicode>
            </TextEquiv>
        </TextRegion>
        <GraphicRegion id="r_4" custom="readingOrder {index:22;}">
            <Coords points="117,1295 244,1295 244,1424 117,1424"/>
        </GraphicRegion>
        <TextRegion type="paragraph" id="r_5_1" custom="readingOrder {index:23;}">
            <Coords points="296,1220 748,1220 748,1257 296,1257"/>
            <TextLine id="tl_28" primaryLanguage="English" custom="readingOrder {index:0;}">
                <Coords points="297,1221 747,1221 747,1256 297,1256"/>
                <Baseline points="297,1248 483,1254 557,1253 746,1253"/>
                <Word id="w_w2aab1b9b2b1b1ab1" language="English" custom="readingOrder {index:0;}">
                    <Coords points="297,1221 483,1221 483,1254 297,1254"/>
                    <TextEquiv>
                        <Unicode>ELISE,</Unicode>
                    </TextEquiv>
                    <TextStyle fontFamily="Times New Roman" fontSize="11.0"/>
                </Word>
                <Word id="w_w2aab1b9b2b1b1ac15" language="English" custom="readingOrder {index:1;}">
                    <Coords points="521,1226 557,1226 557,1253 521,1253"/>
                    <TextEquiv>
                        <Unicode>D.</Unicode>
                    </TextEquiv>
                    <TextStyle fontFamily="Times New Roman" fontSize="11.0"/>
                </Word>
                <Word id="w_w2aab1b9b2b1b1ac21" language="English" custom="readingOrder {index:2;}">
                    <Coords points="595,1225 746,1225 746,1254 595,1254"/>
                    <TextEquiv>
                        <Unicode>LOPE.</Unicode>
                    </TextEquiv>
                    <TextStyle fontFamily="Times New Roman" fontSize="11.0"/>
                </Word>
                <TextEquiv>
                    <Unicode>ELISE, D. LOPE.</Unicode>
                </TextEquiv>
                <TextStyle fontFamily="Times New Roman" fontSize="11.0"/>
            </TextLine>
            <TextEquiv>
                <Unicode>ELISE, D. LOPE.</Unicode>
            </TextEquiv>
        </TextRegion>
        <TextRegion type="paragraph" id="r_5_2" custom="readingOrder {index:24;}">
            <Coords points="440,1263 597,1263 597,1293 440,1293"/>
            <TextLine id="tl_29" primaryLanguage="English" custom="readingOrder {index:0;}">
                <Coords points="441,1264 596,1264 596,1292 441,1292"/>
                <Baseline points="441,1290 596,1291"/>
                <Word id="w_w2aab1b9b2b3b1ab1" language="English" custom="readingOrder {index:0;}">
                    <Coords points="441,1264 596,1264 596,1292 441,1292"/>
                    <TextEquiv>
                        <Unicode>Elise.</Unicode>
                    </TextEquiv>
                    <TextStyle fontFamily="Times New Roman" fontSize="9.0"/>
                </Word>
                <TextEquiv>
                    <Unicode>ELISE.</Unicode>
                </TextEquiv>
                <TextStyle fontFamily="Times New Roman" fontSize="9.0"/>
            </TextLine>
            <TextEquiv>
                <Unicode>ELISE.</Unicode>
            </TextEquiv>
        </TextRegion>
        <TextRegion type="paragraph" id="r_5_3" custom="readingOrder {index:25;}">
            <Coords points="246,1297 919,1297 919,1462 246,1462"/>
            <TextLine id="tl_30" primaryLanguage="English" custom="readingOrder {index:0;}">
                <Coords points="247,1298 918,1298 918,1342 247,1342"/>
                <Baseline points="247,1327 300,1326 336,1326 395,1328 450,1329 480,1329 577,1332 594,1335 629,1330 719,1330 918,1336"/>
                <Word id="w_w2aab1b9b2b5b1ab1" language="English" custom="readingOrder {index:0;}">
                    <Coords points="247,1299 300,1299 300,1327 247,1327"/>
                    <TextEquiv>
                        <Unicode>Dut</Unicode>
                    </TextEquiv>
                    <TextStyle fontFamily="Times New Roman" fontSize="11.0"/>
                </Word>
                <Word id="w_w2aab1b9b2b5b1ab9" language="English" custom="readingOrder {index:1;}">
                    <Coords points="308,1308 336,1308 336,1326 308,1326"/>
                    <TextEquiv>
                        <Unicode>ce</Unicode>
                    </TextEquiv>
                    <TextStyle fontFamily="Times New Roman" fontSize="11.0"/>
                </Word>
                <Word id="w_w2aab1b9b2b5b1ac15" language="English" custom="readingOrder {index:2;}">
                    <Coords points="345,1309 395,1309 395,1338 345,1338"/>
                    <TextEquiv>
                        <Unicode>que</Unicode>
                    </TextEquiv>
                    <TextStyle fontFamily="Times New Roman" fontSize="11.0"/>
                </Word>
                <Word id="w_w2aab1b9b2b5b1ac23" language="English" custom="readingOrder {index:3;}">
                    <Coords points="404,1299 450,1299 450,1330 404,1330"/>
                    <TextEquiv>
                        <Unicode>fait</Unicode>
                    </TextEquiv>
                    <TextStyle fontFamily="Times New Roman" fontSize="11.0"/>
                </Word>
                <Word id="w_w2aab1b9b2b5b1ac33" language="English" custom="readingOrder {index:4;}">
                    <Coords points="458,1301 480,1301 480,1329 458,1329"/>
                    <TextEquiv>
                        <Unicode>le</Unicode>
                    </TextEquiv>
                    <TextStyle fontFamily="Times New Roman" fontSize="11.0"/>
                </Word>
                <Word id="w_w2aab1b9b2b5b1ac39" language="English" custom="readingOrder {index:5;}">
                    <Coords points="489,1304 577,1304 577,1332 489,1332"/>
                    <TextEquiv>
                        <Unicode>Prince</Unicode>
                    </TextEquiv>
                    <TextStyle fontFamily="Times New Roman" fontSize="11.0"/>
                </Word>
                <Word id="w_w2aab1b9b2b5b1ac53" language="English" custom="readingOrder {index:6;}">
                    <Coords points="587,1322 594,1322 594,1335 587,1335"/>
                    <TextEquiv>
                        <Unicode>»</Unicode>
                    </TextEquiv>
                    <TextStyle fontFamily="Times New Roman" fontSize="11.0"/>
                </Word>
                <Word id="w_w2aab1b9b2b5b1ac57" language="English" custom="readingOrder {index:7;}">
                    <Coords points="615,1302 629,1302 629,1330 615,1330"/>
                    <TextEquiv>
                        <Unicode>à</Unicode>
                    </TextEquiv>
                    <TextStyle fontFamily="Times New Roman" fontSize="11.0"/>
                </Word>
                <Word id="w_w2aab1b9b2b5b1ac61" language="English" custom="readingOrder {index:8;}">
                    <Coords points="638,1303 719,1303 719,1340 638,1340"/>
                    <TextEquiv>
                        <Unicode>parler</Unicode>
                    </TextEquiv>
                    <TextStyle fontFamily="Times New Roman" fontSize="11.0"/>
                </Word>
                <Word id="w_w2aab1b9b2b5b1ac75" language="English" custom="readingOrder {index:9;}">
                    <Coords points="727,1302 918,1302 918,1336 727,1336"/>
                    <TextEquiv>
                        <Unicode>franchement,</Unicode>
                    </TextEquiv>
                    <TextStyle fontFamily="Times New Roman" fontSize="11.0"/>
                </Word>
                <TextEquiv>
                    <Unicode>Out ce que fait le Prince, à parler franchement,</Unicode>
                </TextEquiv>
                <TextStyle fontFamily="Times New Roman" fontSize="11.0"/>
            </TextLine>
            <TextLine id="tl_31" primaryLanguage="English" custom="readingOrder {index:1;}">
                <Coords points="254,1337 918,1337 918,1383 254,1383"/>
                <Baseline points="254,1364 324,1365 376,1367 410,1367 462,1369 514,1369 608,1369 650,1369 739,1370 918,1372"/>
                <Word id="w_w2aab1b9b2b5b3ab1" language="English" custom="readingOrder {index:0;}">
                    <Coords points="254,1337 324,1337 324,1365 254,1365"/>
                    <TextEquiv>
                        <Unicode>N’cft</Unicode>
                    </TextEquiv>
                    <TextStyle fontFamily="Times New Roman" fontSize="11.0"/>
                </Word>
                <Word id="w_w2aab1b9b2b5b3ac13" language="English" custom="readingOrder {index:1;}">
                    <Coords points="334,1348 376,1348 376,1375 334,1375"/>
                    <TextEquiv>
                        <Unicode>pas</Unicode>
                    </TextEquiv>
                    <TextStyle fontFamily="Times New Roman" fontSize="11.0"/>
                </Word>
                <Word id="w_w2aab1b9b2b5b3ac21" language="English" custom="readingOrder {index:2;}">
                    <Coords points="382,1349 410,1349 410,1367 382,1367"/>
                    <TextEquiv>
                        <Unicode>ce</Unicode>
                    </TextEquiv>
                    <TextStyle fontFamily="Times New Roman" fontSize="11.0"/>
                </Word>
                <Word id="w_w2aab1b9b2b5b3ac27" language="English" custom="readingOrder {index:3;}">
                    <Coords points="417,1342 462,1342 462,1379 417,1379"/>
                    <TextEquiv>
                        <Unicode>qui</Unicode>
                    </TextEquiv>
                    <TextStyle fontFamily="Times New Roman" fontSize="11.0"/>
                </Word>
                <Word id="w_w2aab1b9b2b5b3ac35" language="English" custom="readingOrder {index:4;}">
                    <Coords points="472,1351 514,1351 514,1369 472,1369"/>
                    <TextEquiv>
                        <Unicode>me</Unicode>
                    </TextEquiv>
                    <TextStyle fontFamily="Times New Roman" fontSize="11.0"/>
                </Word>
                <Word id="w_w2aab1b9b2b5b3ac41" language="English" custom="readingOrder {index:5;}">
                    <Coords points="522,1342 608,1342 608,1370 522,1370"/>
                    <TextEquiv>
                        <Unicode>donne</Unicode>
                    </TextEquiv>
                    <TextStyle fontFamily="Times New Roman" fontSize="11.0"/>
                </Word>
                <Word id="w_w2aab1b9b2b5b3ac53" language="English" custom="readingOrder {index:6;}">
                    <Coords points="616,1352 650,1352 650,1369 616,1369"/>
                    <TextEquiv>
                        <Unicode>un</Unicode>
                    </TextEquiv>
                    <TextStyle fontFamily="Times New Roman" fontSize="11.0"/>
                </Word>
                <Word id="w_w2aab1b9b2b5b3ac59" language="English" custom="readingOrder {index:7;}">
                    <Coords points="658,1342 739,1342 739,1382 658,1382"/>
                    <TextEquiv>
                        <Unicode>grand</Unicode>
                    </TextEquiv>
                    <TextStyle fontFamily="Times New Roman" fontSize="11.0"/>
                </Word>
                <Word id="w_w2aab1b9b2b5b3ac71" language="English" custom="readingOrder {index:8;}">
                    <Coords points="746,1341 918,1341 918,1372 746,1372"/>
                    <TextEquiv>
                        <Unicode>étonnement</Unicode>
                    </TextEquiv>
                    <TextStyle fontFamily="Times New Roman" fontSize="11.0"/>
                </Word>
                <TextEquiv>
                    <Unicode>N’eſt pas ce qui me donne un grand étonnement</Unicode>
                </TextEquiv>
                <TextStyle fontFamily="Times New Roman" fontSize="11.0"/>
            </TextLine>
            <TextLine id="tl_32" primaryLanguage="English" custom="readingOrder {index:2;}">
                <Coords points="252,1376 913,1376 913,1419 252,1419"/>
                <Baseline points="252,1404 304,1404 366,1404 436,1407 521,1407 622,1408 678,1408 820,1409 912,1413"/>
                <Word id="w_w2aab1b9b2b5b5ab1" language="English" custom="readingOrder {index:0;}">
                    <Coords points="252,1378 304,1378 304,1405 252,1405"/>
                    <TextEquiv>
                        <Unicode>Car</Unicode>
                    </TextEquiv>
                    <TextStyle fontFamily="Times New Roman" fontSize="11.0"/>
                </Word>
                <Word id="w_w2aab1b9b2b5b5ab9" language="English" custom="readingOrder {index:1;}">
                    <Coords points="315,1387 366,1387 366,1415 315,1415"/>
                    <TextEquiv>
                        <Unicode>que</Unicode>
                    </TextEquiv>
                    <TextStyle fontFamily="Times New Roman" fontSize="11.0"/>
                </Word>
                <Word id="w_w2aab1b9b2b5b5ac17" language="English" custom="readingOrder {index:2;}">
                    <Coords points="373,1377 436,1377 436,1407 373,1407"/>
                    <TextEquiv>
                        <Unicode>d’un</Unicode>
                    </TextEquiv>
                    <TextStyle fontFamily="Times New Roman" fontSize="11.0"/>
                </Word>
                <Word id="w_w2aab1b9b2b5b5ac27" language="English" custom="readingOrder {index:3;}">
                    <Coords points="444,1381 521,1381 521,1409 444,1409"/>
                    <TextEquiv>
                        <Unicode>noble</Unicode>
                    </TextEquiv>
                    <TextStyle fontFamily="Times New Roman" fontSize="11.0"/>
                </Word>
                <Word id="w_w2aab1b9b2b5b5ac39" language="English" custom="readingOrder {index:4;}">
                    <Coords points="527,1391 622,1391 622,1409 527,1409"/>
                    <TextEquiv>
                        <Unicode>amour</Unicode>
                    </TextEquiv>
                    <TextStyle fontFamily="Times New Roman" fontSize="11.0"/>
                </Word>
                <Word id="w_w2aab1b9b2b5b5ac51" language="English" custom="readingOrder {index:5;}">
                    <Coords points="629,1389 678,1389 678,1409 629,1409"/>
                    <TextEquiv>
                        <Unicode>mie</Unicode>
                    </TextEquiv>
                    <TextStyle fontFamily="Times New Roman" fontSize="11.0"/>
                </Word>
                <Word id="w_w2aab1b9b2b5b5ac59" language="English" custom="readingOrder {index:6;}">
                    <Coords points="691,1380 820,1380 820,1409 691,1409"/>
                    <TextEquiv>
                        <Unicode>amebien</Unicode>
                    </TextEquiv>
                    <TextStyle fontFamily="Times New Roman" fontSize="11.0"/>
                </Word>
                <Word id="w_w2aab1b9b2b5b5ac75" language="English" custom="readingOrder {index:7;}">
                    <Coords points="828,1380 912,1380 912,1413 828,1413"/>
                    <TextEquiv>
                        <Unicode>faifie,</Unicode>
                    </TextEquiv>
                    <TextStyle fontFamily="Times New Roman" fontSize="11.0"/>
                </Word>
                <TextEquiv>
                    <Unicode>Car que d’un noble amour une ame bien ſaiſie,</Unicode>
                </TextEquiv>
                <TextStyle fontFamily="Times New Roman" fontSize="11.0"/>
            </TextLine>
            <TextLine id="tl_33" primaryLanguage="English" custom="readingOrder {index:3;}">
                <Coords points="249,1416 838,1416 838,1461 249,1461"/>
                <Baseline points="249,1444 289,1444 392,1445 433,1446 566,1448 680,1448 711,1449 822,1448 838,1454"/>
                <Word id="w_w2aab1b9b2b5b7ab1" language="English" custom="readingOrder {index:0;}">
                    <Coords points="249,1418 289,1418 289,1444 249,1444"/>
                    <TextEquiv>
                        <Unicode>En</Unicode>
                    </TextEquiv>
                    <TextStyle fontFamily="Times New Roman" fontSize="11.0"/>
                </Word>
                <Word id="w_w2aab1b9b2b5b7ab7" language="English" custom="readingOrder {index:1;}">
                    <Coords points="305,1416 392,1416 392,1455 305,1455"/>
                    <TextEquiv>
                        <Unicode>poulie</Unicode>
                    </TextEquiv>
                    <TextStyle fontFamily="Times New Roman" fontSize="11.0"/>
                </Word>
                <Word id="w_w2aab1b9b2b5b7ac21" language="English" custom="readingOrder {index:2;}">
                    <Coords points="399,1418 433,1418 433,1446 399,1446"/>
                    <TextEquiv>
                        <Unicode>les</Unicode>
                    </TextEquiv>
                    <TextStyle fontFamily="Times New Roman" fontSize="11.0"/>
                </Word>
                <Word id="w_w2aab1b9b2b5b7ac29" language="English" custom="readingOrder {index:3;}">
                    <Coords points="439,1418 566,1418 566,1458 439,1458"/>
                    <TextEquiv>
                        <Unicode>transport</Unicode>
                    </TextEquiv>
                    <TextStyle fontFamily="Times New Roman" fontSize="11.0"/>
                </Word>
                <Word id="w_w2aab1b9b2b5b7ac49" language="English" custom="readingOrder {index:4;}">
                    <Coords points="574,1419 680,1419 680,1459 574,1459"/>
                    <TextEquiv>
                        <Unicode>julqu'à</Unicode>
                    </TextEquiv>
                    <TextStyle fontFamily="Times New Roman" fontSize="11.0"/>
                </Word>
                <Word id="w_w2aab1b9b2b5b7ac65" language="English" custom="readingOrder {index:5;}">
                    <Coords points="687,1421 711,1421 711,1449 687,1449"/>
                    <TextEquiv>
                        <Unicode>la</Unicode>
                    </TextEquiv>
                    <TextStyle fontFamily="Times New Roman" fontSize="11.0"/>
                </Word>
                <Word id="w_w2aab1b9b2b5b7ac71" language="English" custom="readingOrder {index:6;}">
                    <Coords points="717,1419 822,1419 822,1457 717,1457"/>
                    <TextEquiv>
                        <Unicode>jaloulîe</Unicode>
                    </TextEquiv>
                    <TextStyle fontFamily="Times New Roman" fontSize="11.0"/>
                </Word>
                <Word id="w_w2aab1b9b2b5b7ac89" language="English" custom="readingOrder {index:7;}">
                    <Coords points="831,1434 838,1434 838,1454 831,1454"/>
                    <TextEquiv>
                        <Unicode>;</Unicode>
                    </TextEquiv>
                    <TextStyle fontFamily="Times New Roman" fontSize="11.0"/>
                </Word>
                <TextEquiv>
                    <Unicode>En pouſſe les tranſport juſqu'à la jalouſie;</Unicode>
                </TextEquiv>
                <TextStyle fontFamily="Times New Roman" fontSize="11.0"/>
            </TextLine>
            <TextEquiv>
                <Unicode>Out ce que fait le Prince, à parler franchement,
N’eſt pas ce qui me donne un grand étonnement
Car que d’un noble amour une ame bien ſaiſie,
En pouſſe les tranſport juſqu'à la jalouſie;</Unicode>
            </TextEquiv>
        </TextRegion>
        <TextRegion type="paragraph" id="r_5_4" custom="readingOrder {index:26;}">
            <Coords points="115,1453 867,1453 867,1500 115,1500"/>
            <TextLine id="tl_34" primaryLanguage="English" custom="readingOrder {index:0;}">
                <Coords points="116,1454 866,1454 866,1499 116,1499"/>
                <Baseline points="116,1490 177,1484 223,1483 324,1485 472,1486 521,1487 613,1487 718,1488 850,1488 866,1493"/>
                <Word id="w_w2aab1b9b2b7b1ab1" language="English" custom="readingOrder {index:0;}">
                    <Coords points="116,1455 177,1455 177,1490 116,1490"/>
                    <TextEquiv>
                        <Unicode>Que</Unicode>
                    </TextEquiv>
                    <TextStyle fontFamily="Times New Roman" fontSize="11.0"/>
                </Word>
                <Word id="w_w2aab1b9b2b7b1ab9" language="English" custom="readingOrder {index:1;}">
                    <Coords points="192,1456 223,1456 223,1485 192,1485"/>
                    <TextEquiv>
                        <Unicode>de</Unicode>
                    </TextEquiv>
                    <TextStyle fontFamily="Times New Roman" fontSize="11.0"/>
                </Word>
                <Word id="w_w2aab1b9b2b7b1ac15" language="English" custom="readingOrder {index:2;}">
                    <Coords points="238,1464 324,1464 324,1485 238,1485"/>
                    <TextEquiv>
                        <Unicode>toutes</Unicode>
                    </TextEquiv>
                    <TextStyle fontFamily="Times New Roman" fontSize="11.0"/>
                </Word>
                <Word id="w_w2aab1b9b2b7b1ac29" language="English" custom="readingOrder {index:3;}">
                    <Coords points="341,1455 472,1455 472,1496 341,1496"/>
                    <TextEquiv>
                        <Unicode>frequents</Unicode>
                    </TextEquiv>
                    <TextStyle fontFamily="Times New Roman" fontSize="11.0"/>
                </Word>
                <Word id="w_w2aab1b9b2b7b1ac49" language="English" custom="readingOrder {index:4;}">
                    <Coords points="485,1458 521,1458 521,1487 485,1487"/>
                    <TextEquiv>
                        <Unicode>ses</Unicode>
                    </TextEquiv>
                    <TextStyle fontFamily="Times New Roman" fontSize="11.0"/>
                </Word>
                <Word id="w_w2aab1b9b2b7b1ac57" language="English" custom="readingOrder {index:5;}">
                    <Coords points="535,1469 613,1469 613,1488 535,1488"/>
                    <TextEquiv>
                        <Unicode>voeux</Unicode>
                    </TextEquiv>
                    <TextStyle fontFamily="Times New Roman" fontSize="11.0"/>
                </Word>
                <Word id="w_w2aab1b9b2b7b1ac69" language="English" custom="readingOrder {index:6;}">
                    <Coords points="629,1461 718,1461 718,1498 629,1498"/>
                    <TextEquiv>
                        <Unicode>loyent</Unicode>
                    </TextEquiv>
                    <TextStyle fontFamily="Times New Roman" fontSize="11.0"/>
                </Word>
                <Word id="w_w2aab1b9b2b7b1ac83" language="English" custom="readingOrder {index:7;}">
                    <Coords points="730,1458 850,1458 850,1488 730,1488"/>
                    <TextEquiv>
                        <Unicode>traversés</Unicode>
                    </TextEquiv>
                    <TextStyle fontFamily="Times New Roman" fontSize="11.0"/>
                </Word>
                <Word id="w_w2aab1b9b2b7b1ad103" language="English" custom="readingOrder {index:8;}">
                    <Coords points="857,1478 866,1478 866,1493 857,1493"/>
                    <TextEquiv>
                        <Unicode>»</Unicode>
                    </TextEquiv>
                    <TextStyle fontFamily="Times New Roman" fontSize="11.0"/>
                </Word>
                <TextEquiv>
                    <Unicode>Que de toutes frequents ſes vœux ſoyent traverſés,</Unicode>
                </TextEquiv>
                <TextStyle fontFamily="Times New Roman" fontSize="11.0"/>
            </TextLine>
            <TextEquiv>
                <Unicode>Que de toutes frequents ſes vœux ſoyent traverſés,</Unicode>
            </TextEquiv>
        </TextRegion>
        <TextRegion type="paragraph" id="r_5_5" custom="readingOrder {index:27;}">
            <Coords points="112,1493 727,1493 727,1538 112,1538"/>
            <TextLine id="tl_35" primaryLanguage="English" custom="readingOrder {index:0;}">
                <Coords points="113,1494 726,1494 726,1537 113,1537"/>
                <Baseline points="113,1521 136,1521 188,1523 257,1523 390,1528 434,1526 472,1526 630,1525 726,1532"/>
                <Word id="w_w2aab1b9b2b9b1ab1" language="English" custom="readingOrder {index:0;}">
                    <Coords points="113,1494 136,1494 136,1521 113,1521"/>
                    <TextEquiv>
                        <Unicode>Il</Unicode>
                    </TextEquiv>
                    <TextStyle fontFamily="Times New Roman" fontSize="11.0"/>
                </Word>
                <Word id="w_w2aab1b9b2b9b1ab7" language="English" custom="readingOrder {index:1;}">
                    <Coords points="153,1495 188,1495 188,1523 153,1523"/>
                    <TextEquiv>
                        <Unicode>cft</Unicode>
                    </TextEquiv>
                    <TextStyle fontFamily="Times New Roman" fontSize="11.0"/>
                </Word>
                <Word id="w_w2aab1b9b2b9b1ac15" language="English" custom="readingOrder {index:2;}">
                    <Coords points="204,1494 257,1494 257,1524 204,1524"/>
                    <TextEquiv>
                        <Unicode>fort</Unicode>
                    </TextEquiv>
                    <TextStyle fontFamily="Times New Roman" fontSize="11.0"/>
                </Word>
                <Word id="w_w2aab1b9b2b9b1ac25" language="English" custom="readingOrder {index:3;}">
                    <Coords points="273,1497 390,1497 390,1528 273,1528"/>
                    <TextEquiv>
                        <Unicode>naturel,</Unicode>
                    </TextEquiv>
                    <TextStyle fontFamily="Times New Roman" fontSize="11.0"/>
                </Word>
                <Word id="w_w2aab1b9b2b9b1ac43" language="English" custom="readingOrder {index:4;}">
                    <Coords points="408,1502 434,1502 434,1526 408,1526"/>
                    <TextEquiv>
                        <Unicode>&amp;</Unicode>
                    </TextEquiv>
                    <TextStyle fontFamily="Times New Roman" fontSize="11.0"/>
                </Word>
                <Word id="w_w2aab1b9b2b9b1ac47" language="English" custom="readingOrder {index:5;}">
                    <Coords points="448,1499 472,1499 472,1533 448,1533"/>
                    <TextEquiv>
                        <Unicode>je</Unicode>
                    </TextEquiv>
                    <TextStyle fontFamily="Times New Roman" fontSize="11.0"/>
                </Word>
                <Word id="w_w2aab1b9b2b9b1ac53" language="English" custom="readingOrder {index:6;}">
                    <Coords points="482,1498 630,1498 630,1536 482,1536"/>
                    <TextEquiv>
                        <Unicode>l’approuve</Unicode>
                    </TextEquiv>
                    <TextStyle fontFamily="Times New Roman" fontSize="11.0"/>
                </Word>
                <Word id="w_w2aab1b9b2b9b1ac75" language="English" custom="readingOrder {index:7;}">
                    <Coords points="644,1499 726,1499 726,1532 644,1532"/>
                    <TextEquiv>
                        <Unicode>allez;</Unicode>
                    </TextEquiv>
                    <TextStyle fontFamily="Times New Roman" fontSize="11.0"/>
                </Word>
                <TextEquiv>
                    <Unicode>Il eſt fort naturel, &amp; je l’approuve aſſez;</Unicode>
                </TextEquiv>
                <TextStyle fontFamily="Times New Roman" fontSize="11.0"/>
            </TextLine>
            <TextEquiv>
                <Unicode>Il eſt fort naturel, &amp; je l’approuve aſſez;</Unicode>
            </TextEquiv>
        </TextRegion>
        <TextRegion type="paragraph" id="r_5_6" custom="readingOrder {index:28;}">
            <Coords points="112,1532 912,1532 912,1620 112,1620"/>
            <TextLine id="tl_36" primaryLanguage="English" custom="readingOrder {index:0;}">
                <Coords points="113,1533 911,1533 911,1578 113,1578"/>
                <Baseline points="113,1561 182,1562 207,1561 254,1573 343,1562 481,1567 667,1569 747,1566 910,1566"/>
                <Word id="w_w2aab1b9b2c11b1ab1" language="English" custom="readingOrder {index:0;}">
                    <Coords points="113,1535 182,1535 182,1562 113,1562"/>
                    <TextEquiv>
                        <Unicode>Mais</Unicode>
                    </TextEquiv>
                    <TextStyle fontFamily="Times New Roman" fontSize="11.0"/>
                </Word>
                <Word id="w_w2aab1b9b2c11b1ac11" language="English" custom="readingOrder {index:1;}">
                    <Coords points="193,1543 223,1543 223,1573 193,1573"/>
                    <TextEquiv>
                        <Unicode>ce</Unicode>
                    </TextEquiv>
                    <TextStyle fontFamily="Times New Roman" fontSize="11.0"/>
                </Word>
                <Word id="w_w2aab1b9b2c11b1b1b1" language="English" custom="readingOrder {index:2;}">
                    <Coords points="237,1535 285,1535 285,1573 237,1573"/>
                    <TextEquiv>
                        <Unicode>qui</Unicode>
                    </TextEquiv>
                    <TextStyle fontFamily="Times New Roman" fontSize="12.0"/>
                </Word>
                <Word id="w_w2aab1b9b2c11b1b2b1" language="English" custom="readingOrder {index:3;}">
                    <Coords points="300,1545 343,1545 343,1562 300,1562"/>
                    <TextEquiv>
                        <Unicode>me</Unicode>
                    </TextEquiv>
                    <TextStyle fontFamily="Times New Roman" fontSize="11.0"/>
                </Word>
                <Word id="w_w2aab1b9b2c11b1b2b7" language="English" custom="readingOrder {index:4;}">
                    <Coords points="350,1534 481,1534 481,1575 350,1575"/>
                    <TextEquiv>
                        <Unicode>surprend,</Unicode>
                    </TextEquiv>
                    <TextStyle fontFamily="Times New Roman" fontSize="11.0"/>
                </Word>
                <Word id="w_w2aab1b9b2c11b1b2c27" language="English" custom="readingOrder {index:5;}">
                    <Coords points="496,1538 667,1538 667,1575 496,1575"/>
                    <TextEquiv>
                        <Unicode>DomLopc,</Unicode>
                    </TextEquiv>
                    <TextStyle fontFamily="Times New Roman" fontSize="11.0"/>
                </Word>
                <Word id="w_w2aab1b9b2c11b1b2c45" language="English" custom="readingOrder {index:6;}">
                    <Coords points="684,1537 747,1537 747,1566 684,1566"/>
                    <TextEquiv>
                        <Unicode>c’eft</Unicode>
                    </TextEquiv>
                    <TextStyle fontFamily="Times New Roman" fontSize="11.0"/>
                </Word>
                <Word id="w_w2aab1b9b2c11b1b2c57" language="English" custom="readingOrder {index:7;}">
                    <Coords points="760,1537 910,1537 910,1566 760,1566"/>
                    <TextEquiv>
                        <Unicode>d’entendre</Unicode>
                    </TextEquiv>
                    <TextStyle fontFamily="Times New Roman" fontSize="11.0"/>
                </Word>
                <TextEquiv>
                    <Unicode>Mais ce qui me ſurprend, Dom Lope, c’eſt d’entendre</Unicode>
                </TextEquiv>
            </TextLine>
            <TextLine id="tl_37" primaryLanguage="English" custom="readingOrder {index:1;}">
                <Coords points="114,1572 870,1572 870,1619 114,1619"/>
                <Baseline points="114,1610 145,1610 201,1600 422,1605 466,1605 500,1604 630,1617 739,1605 870,1608"/>
                <Word id="w_w2aab1b9b2c11b3ab1" language="English" custom="readingOrder {index:0;}">
                    <Coords points="114,1572 173,1572 173,1610 114,1610"/>
                    <TextEquiv>
                        <Unicode>Que</Unicode>
                    </TextEquiv>
                    <TextStyle fontFamily="Times New Roman" fontSize="11.0"/>
                </Word>
                <Word id="w_w2aab1b9b2c11b3b1b1" language="English" custom="readingOrder {index:1;}">
                    <Coords points="187,1574 293,1574 293,1613 187,1613"/>
                    <TextEquiv>
                        <Unicode>VQüslui</Unicode>
                    </TextEquiv>
                    <TextStyle fontFamily="Times New Roman" fontSize="12.0"/>
                </Word>
                <Word id="w_w2aab1b9b2c11b3b2b1" language="English" custom="readingOrder {index:2;}">
                    <Coords points="301,1583 422,1583 422,1613 301,1613"/>
                    <TextEquiv>
                        <Unicode>préparez</Unicode>
                    </TextEquiv>
                    <TextStyle fontFamily="Times New Roman" fontSize="11.0"/>
                </Word>
                <Word id="w_w2aab1b9b2c11b3b2c19" language="English" custom="readingOrder {index:3;}">
                    <Coords points="430,1576 466,1576 466,1605 430,1605"/>
                    <TextEquiv>
                        <Unicode>les</Unicode>
                    </TextEquiv>
                    <TextStyle fontFamily="Times New Roman" fontSize="11.0"/>
                </Word>
                <Word id="w_w2aab1b9b2c11b3b2c27" language="English" custom="readingOrder {index:4;}">
                    <Coords points="472,1575 599,1575 599,1617 472,1617"/>
                    <TextEquiv>
                        <Unicode>(oupçoos</Unicode>
                    </TextEquiv>
                    <TextStyle fontFamily="Times New Roman" fontSize="11.0"/>
                </Word>
                <Word id="w_w2aab1b9b2c11b3b3b1" language="English" custom="readingOrder {index:5;}">
                    <Coords points="611,1577 676,1577 676,1617 611,1617"/>
                    <TextEquiv>
                        <Unicode>qu’il</Unicode>
                    </TextEquiv>
                    <TextStyle fontFamily="Times New Roman" fontSize="12.0"/>
                </Word>
                <Word id="w_w2aab1b9b2c11b3b4b1" language="English" custom="readingOrder {index:6;}">
                    <Coords points="683,1577 739,1577 739,1607 683,1607"/>
                    <TextEquiv>
                        <Unicode>doit</Unicode>
                    </TextEquiv>
                    <TextStyle fontFamily="Times New Roman" fontSize="11.0"/>
                </Word>
                <Word id="w_w2aab1b9b2c11b3b4c11" language="English" custom="readingOrder {index:7;}">
                    <Coords points="744,1577 870,1577 870,1618 744,1618"/>
                    <TextEquiv>
                        <Unicode>prendre,</Unicode>
                    </TextEquiv>
                    <TextStyle fontFamily="Times New Roman" fontSize="11.0"/>
                </Word>
                <TextEquiv>
                    <Unicode>Que vous lui preparez les ſoupçons qu’il doit prendre,</Unicode>
                </TextEquiv>
            </TextLine>
            <TextEquiv>
                <Unicode>Mais ce qui me ſurprend, Dom Lope, c’eſt d’entendre
Que vous lui preparez les ſoupçons qu’il doit prendre,</Unicode>
            </TextEquiv>
        </TextRegion>
        <TextRegion type="paragraph" id="r_5_7" custom="readingOrder {index:29;}">
            <Coords points="848,1615 912,1615 912,1651 848,1651"/>
            <TextLine id="tl_38" primaryLanguage="English" custom="readingOrder {index:0;}">
                <Coords points="849,1616 911,1616 911,1650 849,1650"/>
                <Baseline points="849,1650 911,1640"/>
                <Word id="w_w2aab1b9b2c13b1ab1" language="English" custom="readingOrder {index:0;}">
                    <Coords points="849,1616 911,1616 911,1650 849,1650"/>
                    <TextEquiv>
                        <Unicode>Que</Unicode>
                    </TextEquiv>
                    <TextStyle fontFamily="Times New Roman" fontSize="11.0"/>
                </Word>
                <TextEquiv>
                    <Unicode>Que</Unicode>
                </TextEquiv>
                <TextStyle fontFamily="Times New Roman" fontSize="11.0"/>
            </TextLine>
            <TextEquiv>
                <Unicode>Que</Unicode>
            </TextEquiv>
        </TextRegion>
        <SeparatorRegion id="r_6" custom="readingOrder {index:30;}">
            <Coords points="12,964 22,964 22,1159 12,1159"/>
        </SeparatorRegion>
        <SeparatorRegion id="r_7" custom="readingOrder {index:31;}">
            <Coords points="17,1159 30,1159 30,1348 17,1348"/>
        </SeparatorRegion>
        <SeparatorRegion id="r_8" custom="readingOrder {index:32;}">
            <Coords points="21,1449 31,1449 31,1741 21,1741"/>
        </SeparatorRegion>
    </Page>
</PcGts>
