1028 1756
872 92 913 132 IZ

214 82 312 118 DE
363 79 797 118 NAVARRE.

376 133 412 159 D.
450 132 475 159 G
492 140 511 158 A
533 139 551 159 R
570 140 586 159 C
607 140 615 157 I
635 140 658 158 E.

117 173 150 201 Et
165 181 217 210 que
231 180 292 210 peut
307 180 342 199 on
351 189 359 202 >
377 170 461 198 hclasl
476 169 596 198 observer
611 167 669 197 fous
681 169 717 197 les
732 170 817 197 Cieux

118 212 173 247 Qui
187 221 219 239 ne
235 210 295 239 ccdc
312 211 327 238 à
340 209 467 241 l'ardeur,
485 219 536 247 que
553 207 716 246 m’infpircnt
732 219 776 237 vos
792 212 876 246 yeux?

378 250 413 276 D.
452 250 473 277 E
492 258 505 276 l
524 259 540 275 u
558 258 567 276 I
587 257 605 276 R
626 258 649 275 E.

118 288 214 322 Quand
229 287 301 317 vôtre
316 286 413 327 paflïon
429 298 460 316 ne
475 287 527 316 fera
542 289 594 316 tien
610 286 740 324 paroître,

118 331 193 357 Dont
206 327 231 357 fc
245 327 325 367 puiiTe
339 327 457 367 indigner
471 327 533 356 celle
547 328 592 366 qui
607 327 639 354 l'a
655 326 702 356 fait
718 336 809 356 naître.

372 368 408 394 D.
446 369 470 395 G
492 376 507 393 A
529 375 547 395 R
566 376 582 395 c
601 376 611 394 X
630 376 654 394 s.

118 405 188 436 Ceft
201 405 227 435 là
241 406 287 436 (on
305 407 362 446 plus
376 405 458 446 grand
475 404 540 434 foin.

378 447 414 474 D.
452 446 475 473 £
491 455 506 473 L
525 456 541 473 ü
559 456 569 474 I
589 454 606 473 R
626 455 653 474 i.

474 485 571 521 Quand
584 493 642 513 tous
654 484 691 512 les
705 480 879 514 moufemen*

119 526 160 554 Ne
175 524 315 564 prendront
327 524 401 563 point
414 523 446 552 de
460 533 523 563 moy
538 524 569 552 de
584 533 641 562 trop
657 524 701 552 bas
716 523 866 554 fcntimciif.

375 565 409 592 D.
447 566 471 593 G
491 573 507 592 a
530 572 548 592 R
567 573 583 592 c
603 572 613 591 i
633 573 658 592 i.

117 602 152 632 Ils
164 612 227 631 vous
242 612 355 632 revereut
370 612 438 641 trop.

373 644 409 671 D.
447 643 469 671 E
486 652 501 671 l
519 652 536 670 u
554 653 564 671 I
585 651 603 671 R
622 652 645 671 i.

467 682 563 718 Quand
572 682 635 711 d’un
649 681 740 719 injufte
747 682 877 723 ombrage

118 719 197 749 Vôtre
212 719 294 750 raifon
310 719 397 761 fçaura
413 730 455 748 me
469 731 570 759 réparer
582 721 724 760 l'outrage;

117 761 149 788 Et
163 770 215 798 que
231 770 294 789 vous
309 761 446 792 bannirez,
464 760 534 789 enfin
546 770 574 788 ce
592 760 708 788 moudre
722 759 842 793 affreux.

117 800 173 834 Qui
188 799 219 827 de
235 797 279 828 fon
295 800 352 828 noir
367 800 445 828 venin
458 799 627 838 empoisonne
641 809 685 827 vos
702 798 773 828 feux.

116 839 191 866 Cette
204 838 298 874 jalouse
316 838 446 871 humeur,
461 839 526 868 dont
539 839 693 877 l’importun
706 840 820 878 caprice,

117 879 176 905 Aux
185 887 277 909 voeux,
296 887 346 916 que
353 888 416 907 vous
426 877 564 911 m’offrez,
580 877 641 906 rend
650 888 684 907 un
695 877 910 911 mauvaisoffice.

114 915 235 954 L'oppose
251 916 265 945 à
282 917 337 946 leur
352 927 464 949 attente,
482 921 508 946 Se
524 926 612 945 contre
626 927 676 946 eux
693 918 708 946 à
724 927 781 947 tous
796 928 893 957 coups,*

116 958 197 985 Arme
214 956 249 984 les
264 966 436 985 mouvemens
449 956 481 984 de
500 967 562 985 mon
576 955 641 993 jufte
653 966 792 985 courroux.

370 997 405 1023 D.
444 998 469 1024 G
490 1006 505 1022 A
527 1005 544 1024 R
563 1005 579 1024 c
600 1006 608 1023 I
628 1006 652 1024 1.

115 1032 158 1062 Ah
170 1038 176 1061 1
196 1035 336 1065 Madame,
352 1035 370 1062 il
384 1033 421 1062 eft
435 1044 495 1073 vray
506 1054 513 1067 »
529 1035 641 1074 quelque
655 1034 734 1064 effort
741 1043 791 1073 que
806 1034 829 1071 je
838 1031 911 1067 falTc,

115 1073 207 1109 Qu’un
221 1083 270 1111 peu
285 1073 316 1101 de
332 1073 438 1109 jaloufïe
451 1084 482 1102 en
497 1084 562 1103 mon
575 1083 648 1103 coeur
665 1081 754 1102 trouve
769 1073 858 1111 place,

114 1112 147 1139 Et
161 1114 242 1151 qu'un
257 1114 332 1141 Rival
347 1111 436 1142 abfcns
450 1114 482 1141 de
495 1123 539 1141 vos
551 1113 635 1141 divins
650 1122 726 1151 appas

115 1153 157 1180 Au
171 1160 246 1189 repos
261 1152 292 1180 de
307 1162 335 1180 ce
348 1162 421 1180 coeur
437 1153 503 1180 vient
516 1153 591 1180 livrer
607 1153 651 1181 des
666 1152 794 1181 combats.

113 1191 167 1218 Soit
180 1192 290 1236 caprice,
309 1201 344 1220 ou
358 1190 456 1223 raison,
474 1191 526 1229 j’ay
539 1190 656 1227 toujours
667 1191 691 1220 la
705 1201 830 1231 croyance

113 1230 176 1265 Que
190 1238 261 1257 votre
276 1240 335 1259 amc
351 1240 384 1258 en
398 1240 426 1258 ce
427 1241 439 1258 s
451 1231 520 1259 lieux
536 1229 630 1259 IbufFrc
644 1231 675 1259 de
692 1230 737 1260 fon
751 1230 857 1260 absence
866 1240 875 1259 :

114 1269 146 1296 Et
161 1277 213 1306 que
227 1269 327 1308 malgrd
345 1279 400 1298 mes
413 1269 494 1301 foins,
514 1280 559 1298 vos
573 1269 670 1307 soupirs
685 1280 832 1298 amoureux

111 1307 187 1336 Vont
200 1315 301 1335 trouver
317 1308 333 1336 à
347 1318 404 1336 tous
416 1318 496 1346 coups
509 1319 537 1337 ce
551 1309 627 1337 Rival
642 1318 699 1347 trop
717 1308 842 1336 heureux.

112 1347 185 1375 Mais
200 1345 218 1374 fi
235 1346 266 1374 de
281 1347 327 1375 tels
340 1346 468 1385 soupçons
481 1357 528 1376 ont
542 1348 638 1386 dequoi
651 1357 715 1376 vous
728 1346 857 1384 ddplairc,

112 1386 133 1413 Il
152 1395 215 1415 vous
228 1384 265 1413 eft
281 1386 341 1414 bien
357 1385 444 1418 facile,
461 1386 549 1416 hclas/
564 1388 596 1415 de
613 1389 667 1425 m’y
683 1386 775 1415 foutrai
780 1395 822 1420 re;

112 1426 147 1453 Et
161 1424 218 1453 leur
233 1424 438 1458 bannificmcnt,
455 1425 519 1454 dont
533 1426 653 1464 j’accepte
670 1427 692 1455 la
707 1427 761 1463 Loy

112 1464 225 1502 Dépend
241 1464 300 1493 bien
315 1465 372 1504 plus
385 1464 416 1492 de
434 1474 509 1496 vous,
531 1466 595 1503 qu’il
612 1475 643 1492 ne
656 1465 757 1505 ddpend
774 1464 805 1492 de
823 1474 896 1503 moy.

112 1503 249 1538 Oüij.c’cft
258 1513 321 1532 vous
330 1505 374 1542 qui
384 1514 484 1541 pouvez
490 1514 534 1542 par
542 1504 609 1532 deux
620 1514 689 1533 mots
696 1505 778 1543 pleins
783 1503 814 1531 de
822 1504 912 1539 flàmcj

111 1543 213 1570 Contre
227 1543 249 1570 la
265 1542 369 1578 jaJoune
383 1553 470 1571 armer
483 1552 554 1570 toute
569 1553 633 1571 mon
648 1554 662 1571 a
667 1554 708 1573 me
718 1557 725 1576 ;

111 1581 207 1624 Etudes
220 1581 317 1619 pleines
331 1582 425 1610 clartez
440 1583 502 1611 d’uu
519 1583 637 1622 glorieux
653 1583 737 1621 espoir

111 1614 225 1658 Dïflipcr
236 1621 274 1651 les
287 1620 409 1650 horreurs
424 1631 474 1660 que
488 1630 516 1649 ce
531 1621 648 1651 moudre
662 1633 676 1661 y
693 1624 738 1651 fait
753 1620 848 1649 cheoir.
