1022 1744
220 64 317 101 DE
369 65 808 104 NAVARRE.
875 78 919 118 ij

374 118 410 144 D.
449 120 474 146 G
495 127 512 144 A
532 125 551 144 R
570 126 586 144 C
606 127 616 144 I
634 129 658 146 I.

120 155 180 185 Ah!
198 156 324 184 Madame
343 174 351 188 ,
366 156 384 184 il
399 155 469 184 fuffit
483 166 549 194 pour
564 166 607 184 me
621 156 711 185 rendre
723 156 859 194 croyable,

121 196 180 230 Que
195 204 225 223 ce
236 197 318 233 qu’on
332 206 397 234 tous
412 204 514 234 promet
527 195 583 223 doit
596 195 650 224 être
658 196 797 226 inviolable
805 209 814 230 ;

120 236 152 262 Et
165 245 216 274 que
231 234 316 262 l'ncur
328 234 431 263 d'obeïr
445 234 459 263 à
474 232 499 263 là
515 234 639 267 divinité,

121 276 210 303 Ouvre
224 284 274 302 aux
290 274 347 312 plus
358 276 454 314 grands
467 273 558 303 efforts
571 274 603 302 de
617 275 642 303 la
656 274 769 308 facilité;

118 315 178 349 Que
193 313 336 341 IcCielme
351 314 450 342 déclaré
465 324 515 342 une
528 314 648 342 éternelle
663 317 763 343 Guerre
778 332 787 346 ,

119 354 180 391 Que
192 353 216 388 je
230 353 322 381 tombe
330 353 404 381 à-vos
417 353 558 392 piedsd’un
571 353 637 381 éclat
648 353 680 382 de
686 362 823 387 tonnerre.

118 394 162 420 Ou
178 401 244 428 pour
258 393 326 429 périr
338 402 416 420 encor
430 403 475 430 par
488 392 534 420 des
546 392 604 430 plus
620 392 695 421 rudes
706 402 805 431 coups,

118 429 256 469 PuifTay-je
272 432 327 459 voir
340 430 382 460 fur
398 434 454 459 moi
468 430 561 460 fondre
574 430 646 460 vôtre
661 441 791 460 courroux
801 444 811 466 ;

118 471 142 498 Si
159 471 253 506 jamais
266 481 331 499 mon
342 480 438 499 amour
452 469 559 499 descend
574 470 590 498 à
610 470 635 498 la
650 468 769 499 foiblefTe

118 511 160 537 De
176 519 303 547 manquer
316 520 367 538 aux
382 510 484 538 devoirs
498 510 576 538 d'une
588 510 646 537 telle
660 507 802 548 promefTe;

116 550 141 576 Si
154 550 246 584 jamais
259 549 322 578 dans
336 559 400 576 mon
418 558 478 577 ame
489 558 573 578 aucun
586 548 674 584 jaloux
688 550 816 588 tranfporr

115 589 210 617 Fait....
318 590 355 616 D.
372 589 410 616 Pt
411 590 460 616 dre
473 595 584 626 apporte
596 598 631 615 un
646 588 728 617 billet.

373 629 408 655 D.
447 628 469 655 E
486 636 501 655 t
521 637 538 654 v
557 637 567 655 ï
587 636 607 654 R
625 638 651 656 E.

214 664 345 702 J’enêtois
358 676 392 695 en
406 667 480 704 peine
496 686 504 697 ,
521 670 549 695 &
564 675 592 695 tu
609 666 738 706 m’oblige
754 664 824 698 fort,

117 705 177 742 Que
193 704 216 732 le
229 706 354 734 Courrier
366 705 478 734 attende.
496 709 518 734 A
533 715 573 734 ces
587 706 688 746 regards
701 705 766 744 qu'il
781 706 859 742 jette,

114 744 218 780 Vois-je
231 754 276 782 pas
289 754 339 783 que
352 744 409 780 déjà
422 752 462 772 cet
475 745 538 772 écrit
551 744 685 783 l'inquiété
692 749 703 773 î

114 782 272 823 Prodigieux
286 783 348 812 effet
362 783 394 811 de
408 782 454 811 son
469 792 677 822 tempérament,

115 822 173 858 Qui
188 832 250 851 tous
263 822 360 853 arrête,
377 823 484 850 Prince,
502 833 535 851 au
550 823 642 851 milieu
657 823 692 851 du
706 821 838 852 ferment?

367 863 403 889 D.
442 864 467 890 G
486 871 503 889 A
523 870 542 889 R
561 871 577 890 C
597 871 606 889 I
626 872 650 890 c.

113 900 162 932 l'ai
176 909 234 928 creu
252 910 305 938 que
317 910 382 929 tous
396 902 468 929 aviez
481 901 594 940 quelque
601 900 678 930 secret
687 900 837 934 ensemble,

112 940 146 968 Et
158 940 182 975 je
190 949 222 967 ne
235 940 336 968 vouloir
352 949 396 978 pas
408 940 610 978 l'interrompre.

335 980 372 1006 D.
409 980 432 1006 E
450 989 464 1006 l
483 989 500 1006 o
518 988 529 1006 i
549 988 567 1006 r
587 989 612 1007 ï.
648 979 672 1007 Il
685 988 730 1007 me
743 978 843 1008 fèmble

112 1018 174 1052 Que
187 1027 251 1046 tous
264 1026 308 1045 me
323 1018 454 1056 répondez
465 1018 532 1046 d'un
547 1027 592 1046 ton
607 1018 661 1046 fort
673 1017 770 1050 altéré,

110 1057 141 1093 Je
156 1066 219 1085 vous
231 1058 286 1084 vois
299 1057 385 1084 tout-à
399 1066 466 1095 coup
481 1058 505 1086 le
518 1056 602 1097 vifàge
615 1056 710 1098 égaré;

111 1096 150 1123 Ce
164 1094 450 1134 cbangementfbudain
464 1106 480 1124 a
491 1096 543 1124 lieu
558 1097 590 1124 de
603 1106 648 1124 me
661 1094 826 1133 surprendre.

110 1134 185 1163 D’où
199 1135 293 1173 peut-il
304 1136 441 1172 provenir,
458 1136 482 1162 le
496 1136 663 1174 pourroit-on
676 1135 834 1174 apprendre?

361 1175 396 1201 D.
435 1176 460 1203 G
482 1184 499 1201 A
519 1183 538 1202 R
557 1184 574 1202 C
596 1184 606 1202 I
628 1184 652 1202 E.

110 1214 186 1242 D’un
200 1212 255 1241 mal
263 1213 308 1251 qui
316 1221 372 1240 tout
380 1212 395 1240 à
404 1222 471 1251 coup
485 1214 554 1241 vient
568 1213 712 1253 d'attaquer
728 1223 793 1242 mon
807 1222 893 1244 coeur.

364 1253 400 1279 D.
440 1254 460 1280 E
477 1261 492 1280 t
511 1262 528 1280 u
549 1262 558 1280 i
581 1261 599 1280 R
621 1263 643 1280 t.

110 1293 226 1320 Souvent
234 1290 378 1328 plu$.qu'on
387 1292 537 1320 necroitces
545 1301 625 1319 maux
640 1300 688 1318 ont
693 1290 724 1318 de
732 1291 835 1329 rigueur
844 1303 853 1324 ;

107 1328 485 1368 Etquelqucpromptfecours
498 1329 561 1359 tous
574 1329 649 1358 ferait
662 1326 813 1360 necefTaire,

106 1370 180 1398 Mais
194 1377 272 1396 encor
286 1368 422 1397 dites-moi
437 1380 500 1397 vous
513 1369 594 1408 prend
606 1369 625 1396 il
642 1368 815 1398 d'ordinaire?

374 1410 410 1436 D.
448 1411 472 1438 G
493 1419 509 1436 A
530 1418 549 1436 R
568 1419 584 1437 C
605 1417 615 1436 I
636 1417 658 1435 E.

106 1446 157 1476 Par
170 1446 231 1476 fois.
371 1449 406 1476 D.
444 1450 465 1476 E
483 1457 498 1475 t
514 1458 531 1474 o
551 1456 561 1476 i
583 1456 602 1475 r
621 1457 644 1474 i.

257 1486 317 1515 Ah!
335 1489 427 1516 Prince
442 1486 538 1519 foible;
557 1486 590 1515 hé
606 1486 666 1515 bien
684 1495 728 1524 par
736 1493 776 1513 cet
790 1486 869 1522 écrit,

105 1524 291 1554 Guerriflez-lc
306 1536 335 1554 ce
350 1526 418 1558 mal,
436 1526 454 1553 il
470 1525 533 1553 n'eft
546 1535 596 1564 que
610 1526 674 1553 dans
686 1525 790 1563 l’efprit.

361 1567 398 1593 D.
435 1567 460 1593 G
480 1575 498 1591 a
519 1573 536 1592 r
555 1574 572 1592 c
593 1574 603 1592 i
625 1575 645 1592 i.

103 1603 154 1632 Par
169 1612 209 1632 cet
223 1602 304 1637 écrit,
323 1605 464 1634 Madame?
476 1603 509 1632 ah
520 1607 526 1632 !
536 1613 582 1633 ma
590 1604 663 1632 main
676 1604 700 1632 le
714 1601 814 1636 refulê,
