1014 1748
109 67 131 104 8
226 65 405 104 DOM
460 60 799 102 GARCIE

106 119 154 145 Ma
169 116 233 156 pitié
246 126 312 154 pour
332 115 465 155 D.Sylve,
482 116 552 143 avoir
567 114 633 142 beau
648 111 826 144 l'émouvoir,

105 157 163 193 J’en
177 154 308 185 trahiflois
321 155 358 184 les
371 154 456 186 foins,
473 153 529 183 fans
546 156 617 182 m’en
633 151 809 192 apperçcvoir.

107 197 141 224 Et
157 205 213 224 mes
229 194 333 235 regards
340 205 371 223 au
389 195 496 226 Prince,
515 204 546 221 en
566 203 601 221 un
618 192 697 231 pareil
714 199 829 228 martyre

108 237 149 263 En
164 234 275 264 difoient
283 234 400 271 toujours
408 233 466 273 plus
474 252 482 265 >
503 242 553 272 que
561 233 585 270 je
594 234 653 260 n'en
669 231 772 260 voulois
786 228 851 257 dire.

433 273 455 301 E
473 281 489 301 L
508 281 520 301 I
538 281 550 301 s
569 281 595 300 f.

108 312 203 346 Enfin,
223 313 241 342 fi
258 312 293 342 les
307 311 439 352 foupçons
452 312 484 340 de
498 321 538 340 cet
554 309 653 340 illustre
671 312 786 340 Amant,

109 354 221 392 Puisque
235 362 298 382 vous
313 352 335 380 le
352 352 446 381 voulez
461 353 535 379 n’ont
545 359 618 389 point
634 350 665 377 de
674 347 849 377 fondement?

109 394 178 421 Pour
194 394 218 421 le
236 393 322 421 moins
338 390 442 420 font-ils
459 390 503 428 foy
519 390 598 418 d'une
615 388 743 417 amebien
757 388 884 418 atteinte»

112 433 145 460 Et
160 432 272 461 d’autres
285 431 445 459 cheriroient
460 440 488 458 ce
504 430 550 468 qui
565 428 613 458 fait
627 427 698 457 vôtre
715 427 818 466 plainte.

110 473 152 499 De
167 472 255 508 jaloux
273 479 446 499 mouvemens
460 469 565 497 doivent
579 467 634 496 être
651 467 766 497 odieux,

111 512 169 540 S’ils
183 519 284 549 partent
297 509 362 538 d’un
379 519 474 539 amour
488 509 535 547 qui
549 505 661 546 dcplaifc
678 506 693 534 à
710 515 756 534 nos
771 513 846 533 veux.

113 551 184 579 Mais
191 560 248 579 tout
256 559 283 579 ce
293 551 375 588 qu’un
388 552 486 577 Amant
494 558 560 576 nous
567 556 629 586 peut
638 553 756 574 montrer
763 538 919 575 d*allarmes,

114 591 181 618 Doit
189 589 297 627 lorsque
306 598 372 616 nous
380 589 586 618 l’aimons,avoir
594 595 660 624 pour
668 594 734 613 nous
741 583 785 611 des
792 582 921 614 charmes;

113 628 241 667 C’efipar
255 621 279 656 là
295 637 345 666 que
361 628 406 656 ton
425 625 466 656 feu
482 626 505 654 fe
522 635 581 665 peut
597 626 687 653 mieux
702 622 851 662 exprimer,

113 669 147 697 Et
163 668 221 706 plus
236 668 253 696 il
270 667 306 694 est
322 666 428 704 jaloux,
448 667 505 705 plus
521 675 586 694 nous
600 664 697 693 devons
711 662 830 693 l’aimer;

115 706 189 737 Ainfi
205 704 343 748 puifqu’cn
357 705 431 735 vôtre
445 715 506 735 ame
523 715 573 733 une
586 705 678 734 Prince
693 700 903 742 magnanime....

386 747 422 774 D.
461 746 482 773 E
503 754 515 772 L
534 754 551 770 U
571 754 579 772 I
600 752 616 771 R
641 753 664 770 s.

117 785 176 815 Ah!
197 796 229 814 ne
245 787 395 815 m’avancez
409 785 483 824 point
497 793 562 811 cette
578 791 684 822 étrange
695 780 824 809 maxime.

114 827 166 855 Par
181 833 238 854 tout
252 827 274 855 la
291 824 397 862 jalousie
411 823 447 852 est
457 834 491 852 un
511 821 627 851 monstre
641 817 753 852 odieux,

116 866 188 894 Rien
201 867 262 894 n’en
277 873 336 903 peut
352 863 459 892 adoucir
475 863 512 891 les
525 871 598 890 traits
615 860 765 894 injurieux;

116 905 150 932 Et
167 903 223 941 plus
240 905 355 933 l’amour
369 902 406 931 est
423 901 501 933 cher,
519 902 565 940 qui
580 902 616 930 lui
631 900 720 928 donne
734 896 860 926 naissance

119 943 182 972 Plus
196 953 232 971 on
247 943 302 971 doit
316 941 432 972 ressentir
445 941 480 970 les
494 951 574 979 coups
588 940 620 968 de
635 948 699 968 cette
712 936 824 967 offence.

119 983 186 1010 Voir
201 993 235 1011 un
252 983 339 1011 Prince
347 992 388 1009 cm
394 980 484 1020 porté,
501 990 547 1019 qui
557 978 617 1018 perd
634 979 649 1007 d
665 988 723 1007 tous
736 985 860 1005 momens

117 1023 155 1050 Le
171 1021 269 1061 rcfpeCl
284 1031 336 1060 que
352 1022 466 1050 l’amour
481 1021 575 1059 inspire
589 1028 640 1046 aux
657 1019 724 1046 vrais
741 1019 858 1045 Amans:

121 1062 177 1097 Qui
192 1062 256 1090 dans
269 1061 304 1089 les
320 1061 388 1089 (oins
402 1060 507 1098 jaloux,
526 1058 563 1087 où
581 1058 628 1085 ton
639 1067 701 1086 ame
716 1055 740 1085 fe
755 1065 840 1093 noyé,

119 1101 245 1136 Querelle
254 1101 402 1140 egalement
417 1109 482 1128 mon
495 1098 621 1138 chagrin,
640 1101 666 1125 Sc
684 1106 727 1124 ma
743 1095 818 1133 joye;

120 1142 156 1169 Et
168 1141 231 1169 dans
245 1149 306 1168 tous
322 1150 378 1167 mes
393 1138 498 1178 regards
513 1147 544 1166 ne
564 1145 622 1175 peut
631 1137 685 1164 rien
701 1142 873 1170 remarquer,

121 1179 212 1215 Qu’en
228 1178 317 1208 faveur
330 1179 394 1206 d’un
407 1178 482 1207 Rival
498 1177 517 1205 il
532 1186 564 1205 ne
577 1175 673 1204 veuille
681 1174 827 1213 expliquer.

122 1220 204 1250 Non,
216 1228 287 1249 non,
298 1227 342 1254 par
352 1228 394 1247 ces
407 1218 534 1255 foupçons
549 1218 570 1251 je
586 1214 636 1244 fuis
650 1224 708 1257 trop
723 1211 859 1246 offcnccc,

123 1259 156 1287 Et
171 1256 226 1286 fans
240 1256 420 1297 dc'guifement
437 1257 460 1291 je
476 1265 499 1284 te
515 1255 555 1283 dis
573 1265 616 1283 ma
633 1254 731 1292 penléc.

121 1299 158 1325 Le
175 1299 263 1326 Prince
272 1299 307 1324 D.
317 1297 410 1326 Garde
419 1294 455 1324 cft
470 1294 531 1323 cher
546 1294 561 1323 d
578 1303 635 1323 mes
651 1292 743 1326 defirs,

123 1338 144 1365 Il
161 1347 222 1376 peut
235 1337 300 1365 d’un
317 1346 390 1364 cœur
403 1333 504 1364 illustre
519 1333 643 1363 cchaufer
656 1333 694 1361 les
707 1331 821 1371 soupirs:

124 1379 167 1405 Au
183 1377 274 1405 milieu
289 1375 321 1404 de
336 1377 425 1408 Leon»
443 1385 480 1403 on
496 1385 510 1403 a
525 1384 573 1402 veu
592 1372 760 1412 foncourage

126 1418 173 1444 Me
187 1415 288 1444 donner
304 1415 335 1443 de
351 1415 375 1443 fa
390 1416 470 1444 flame
486 1425 521 1442 un
541 1412 618 1442 noble
633 1412 821 1452 témoignage,

124 1457 219 1482 Braver
233 1464 266 1482 en
283 1463 326 1481 ma
342 1452 430 1482 faveur
445 1453 490 1481 des
504 1454 581 1491 périls
594 1452 629 1479 les
644 1451 699 1489 plus
713 1450 827 1490 grands,

125 1494 270 1521 M’enlever
285 1503 337 1521 aux
351 1492 461 1521 desseins
474 1491 505 1519 de
523 1502 570 1520 nos
584 1489 671 1520 lâches
687 1499 791 1528 tyrans;

127 1532 160 1558 Et
177 1531 240 1559 dans
252 1541 292 1559 ces
307 1541 380 1560 murs
396 1531 483 1560 forcez
497 1540 591 1558 mettre
607 1539 651 1558 ma
667 1528 798 1562 destinée»

129 1572 153 1600 A
168 1577 274 1598 couvert
285 1569 329 1599 des
342 1570 464 1600 horreurs
480 1570 542 1599 d’un
556 1569 664 1608 indigne
680 1570 697 1598 h
701 1579 715 1608 y
720 1568 812 1598 menée
822 1580 831 1602 z

899 1604 934 1638 EC
