4080 6698
1070 449 3651 675 2 SCIPION L’AFRICAIN,

1971 723 2995 841 AURILCAR.

1060 929 3901 1086 Oüy, Seigneur, Annibal ſouhaite une entreveuë,

1051 1076 3461 1219 Je viens la demander, c’eſt ſon intention

1057 1214 3697 1369 Que de voir aujourd'hui le fameux Scipion;

1047 1359 3888 1507 Aux plaines de Zama nous ſommes l'un & l’autre,

1046 1505 3892 1659 Nôtre Armée eſt campée aſſez prés de la vôtre;

1052 1649 3395 1803 Mais Annibal prétend avec luy conferer,

1051 1788 3529 1943 Et je viens en ce Camp pour en déliberer,

1051 1936 3703 2087 Avant que de rien faire & de rien entreprendre.

2141 2094 2838 2194 LEPIDE.

1056 2222 3688 2379 Sans doute qu'on ne peut refuſer de l'entendre;

1056 2369 3872 2525 Nous verrons aujourd'hui ces deux grands Ci¬

1200 2553 1653 2662 toyens,

1061 2650 3771 2811 Tous deux de leur païs la gloire & les ſoûtiens,

1051 2802 3689 2953 Donner ce peu de tréve à cette longue guerre,

1055 2944 3688 3075 Pour décider entre-eux du deſtin de la terre,

1056 3082 3510 3207 Et de leur conference on attend deſormais

1050 3234 3463 3383 Le jour de la bataille, ou celuy de la paix.

1977 3380 2967 3498 AURILCAR.

1041 3513 3867 3683 Je ne m'explique point des deſſeins de mon Maître,

1051 3664 3568 3821 Il paroîtra luy-même, & les fera connoître,

1052 3805 3862 3963 Il marche ſur mes pas: mais que d’heureux ſuccés,

1052 3954 3678 4113 Seigneur, de Scipion ont remply les projets?

1052 4096 3651 4221 La victoire en tous lieux à ſon bras enchaînée

1051 4245 3259 4371 Semble de l’Univers faire la deſtinée;

1041 4386 3424 4549 Jeune encor, on a vû ſes grandes actions

1048 4530 3572 4683 Suivre, & même paſſer celles des Scipions,

1046 4681 3326 4835 Et digne rejeton de cette illuſtre race,

1046 4826 3757 4981 A vingt ans on l'a vû commander en leur place;

1033 4970 3751 5119 Il nous chaſſa d’Eſpagne aprés quatre combats,

1041 5106 3581 5263 Où Rome triompha par l’effort de ſon bras,

1041 5258 3592 5413 Le voicy dans l'Affrique étonnée, affoiblie,

1046 5407 3234 5533 Il arrache Annibal du ſein de l'Italie.
