4080 6862
1075 461 3752 693 18 SCIPION L’AFRICAIN,

1644 1304 3337 1503 SCENE II.

1062 1673 3935 1870 LUCEJUS, ISPERIE, EMILIE,

2062 1862 2994 2002 CELSUS.

2144 2186 2985 2345 LUCEJUS.

2387 2478 3675 2777 N'En doutez plus,

1033 2756 3767 2926 Madame, & connoiſſez aujourd’huy Lucejus:

1046 2902 3369 3068 Le fidele Celſus fût captif de mon père,

1041 3060 3442 3224 Il le renvoya libre, & j’en ay le ſalaire,

1033 3210 3954 3376 C’eſt luy qui m’a conduit prés de vous en ces

1246 3369 1667 3493 lieux,

1023 3506 3812 3684 Je viens briſer vos fers, ou mourir à vos yeux.

2027 3738 2917 3852 ISPERIE.

1032 3950 2200 4105 Ciel! qu’entens-je?

2037 4099 2932 4256 LUCEJUS.

2242 4251 3931 4407 Voila le ſujet qui m’ameine,

1022 4390 3920 4558 Mes ſoldats ſont cachez dans la foreſt prochaine,

1007 4542 3930 4713 Juſqu’au prés de ce Camp nous ſommes parvenus

1017 4692 3703 4842 Par des lieux écartez, des chemins inconnus,

1002 4844 3694 5004 Je n’ay pris avec moy que des troupes d’élite,

1003 4994 3308 5140 Indibilis m’attend, il en a la conduite,

1007 5132 3723 5302 Avecque un Camp volant Mandonius le ſuit,

998 5294 3669 5453 Nous devons attaquer ce quartier cette nuit;

1011 5438 3630 5603 Je n’ay fié qu’à moy le ſoin de reconnoiſtre,

1001 5590 3931 5759 En quel endroit du Camp vos tentes pouvoient être,
