<?xml version="1.0" encoding="UTF-8"?>
<PcGts xmlns="http://schema.primaresearch.org/PAGE/gts/pagecontent/2013-07-15" xmlns:xsi="http://www.w3.org/2001/XMLSchema-instance" xmlns:xs="http://www.w3.org/2001/XMLSchema" xmlns:pr="http://schema.primaresearch.org/PAGE/gts/pagecontent/2013-07-15" xsi:schemaLocation="http://schema.primaresearch.org/PAGE/gts/pagecontent/2013-07-15 http://schema.primaresearch.org/PAGE/gts/pagecontent/2013-07-15/pagecontent.xsd">
  <Metadata>
        <Creator/>
        <Created>2019-02-20T14:50:23.461+01:00</Created>
        <LastChange>2019-02-20T14:58:11.043+01:00</LastChange>
        <Comments>
                Measurement unit: pixel
                PrimaryLanguage: English
                Language: FrenchStandard
                Producer: ABBYY FineReader Engine 11</Comments>
        <TranskribusMetadata docId="148986" pageId="5537874" pageNr="44" tsid="9263085" status="DONE" userId="10612" imgUrl="https://files.transkribus.eu/Get?id=NIYBDFQGYQUEEAQNMRNLOMTO&amp;fileType=view" xmlUrl="https://files.transkribus.eu/Get?id=RMVVCSTPPMKUBURNRZWRWTQE" imageId="2612119"/>
    </Metadata>
  <Page imageFilename="Pradon1697_Oeuvres_bpt6k857200c_cropped_corrected_0044.png" imageWidth="4080" imageHeight="6707">
    <PrintSpace>
            <Coords points="28,0 4016,0 4016,6707 28,6707"/>
        </PrintSpace>
    <ReadingOrder>
            <OrderedGroup id="ro_1604218653873" caption="Regions reading order">
                <RegionRefIndexed index="0" regionRef="r_1_1"/>
                <RegionRefIndexed index="1" regionRef="r_1_2"/>
                <RegionRefIndexed index="2" regionRef="r_1_3"/>
                <RegionRefIndexed index="3" regionRef="r_1_4"/>
                <RegionRefIndexed index="4" regionRef="r_1_5"/>
                <RegionRefIndexed index="5" regionRef="r_1_6"/>
                <RegionRefIndexed index="6" regionRef="r_1_7"/>
                <RegionRefIndexed index="7" regionRef="r_1_8"/>
                <RegionRefIndexed index="8" regionRef="r_1_9"/>
                <RegionRefIndexed index="9" regionRef="r_2_1"/>
            </OrderedGroup>
        </ReadingOrder>
    <TextRegion type="paragraph" id="r_1_1" custom="readingOrder {index:0;}">
      <Coords points="1189,449 3829,449 3829,676 1189,676"/>
      <TextLine id="tl_1" primaryLanguage="English" custom="structure {type:default;} readingOrder {index:0;}">
        <Coords points="1190,450 3828,450 3828,675 1190,675"/>
        <Baseline points="1191,610 1260,610 2400,619 3827,675"/>
        <Word id="w_w2aab1b1b2b1b1ab1">
          <Coords points="1190,450 3828,450 3828,675 1190,675"/>
          <TextEquiv>
            <Unicode>28 SCIPION L’AFRICAIN,</Unicode>
          </TextEquiv>
        </Word>
      </TextLine>
    </TextRegion>
    <TextRegion type="paragraph" id="r_1_2" custom="readingOrder {index:1;}">
      <Coords points="1182,658 3985,658 3985,1097 1182,1097"/>
      <TextLine id="tl_2" primaryLanguage="English" custom="structure {type:default;} readingOrder {index:0;}">
        <Coords points="1186,659 3883,659 3883,834 1186,834"/>
        <Baseline points="1187,772 1471,769 1790,767 2027,773 2419,776 2639,819 2797,779 2997,782 3431,790 3815,802 3883,797"/>
        <Word id="w_w2aab1b1b2b3b1ab1">
          <Coords points="1186,659 3883,659 3883,834 1186,834"/>
          <TextEquiv>
            <Unicode>D’où vient que contre luy je me trouve animé?</Unicode>
          </TextEquiv>
          <TextStyle fontFamily="Times New Roman" fontSize="12.0"/>
        </Word>
      </TextLine>
      <TextLine id="tl_3" primaryLanguage="English" custom="structure {type:default;} readingOrder {index:1;}">
        <Coords points="1189,803 3984,803 3984,980 1189,980"/>
        <Baseline points="1189,918 1534,916 1616,921 1876,916 2352,917 2788,927 2880,927 3398,936 3592,936 3984,950"/>
        <Word id="w_w2aab1b1b2b3b3ab1">
          <Coords points="1189,803 3984,803 3984,980 1189,980"/>
          <TextEquiv>
            <Unicode>Dieux! par quelles raiſons? Lucejus eſt aimé?</Unicode>
          </TextEquiv>
          <TextStyle fontFamily="Times New Roman" fontSize="12.0"/>
        </Word>
      </TextLine>
      <TextLine id="tl_4" primaryLanguage="English" custom="structure {type:default;} readingOrder {index:2;}">
        <Coords points="1183,947 3742,947 3742,1096 1183,1096"/>
        <Baseline points="1183,1057 1368,1057 1690,1060 1902,1061 2372,1068 2440,1067 2594,1068 2880,1073 3184,1076 3561,1086 3639,1081 3742,1091"/>
        <Word id="w_w2aab1b1b2b3b5ab1">
          <Coords points="1183,947 3742,947 3742,1096 1183,1096"/>
          <TextEquiv>
            <Unicode>Les voila ces raiſons? &amp; mon ame ſaiſie...</Unicode>
          </TextEquiv>
          <TextStyle fontFamily="Times New Roman" fontSize="12.0"/>
        </Word>
      </TextLine>
    </TextRegion>
    <TextRegion type="paragraph" id="r_1_3" custom="readingOrder {index:2;}">
      <Coords points="1181,1093 3365,1093 3365,1265 1181,1265"/>
      <TextLine id="tl_5" primaryLanguage="English" custom="structure {type:default;} readingOrder {index:0;}">
        <Coords points="1182,1094 3364,1094 3364,1264 1182,1264"/>
        <Baseline points="1182,1208 1349,1203 1413,1201 1596,1207 1732,1202 2322,1212 2796,1217 3278,1223 3363,1248"/>
        <Word id="w_w2aab1b1b2b5b1ab1">
          <Coords points="1182,1094 3364,1094 3364,1264 1182,1264"/>
          <TextEquiv>
            <Unicode>Ah! je te reconnois affreuſe jalouſie,</Unicode>
          </TextEquiv>
          <TextStyle fontFamily="Times New Roman" fontSize="12.0"/>
        </Word>
      </TextLine>
    </TextRegion>
    <TextRegion type="paragraph" id="r_1_4" custom="readingOrder {index:3;}">
      <Coords points="1173,1240 3987,1240 3987,1830 1173,1830"/>
      <TextLine id="tl_6" primaryLanguage="English" custom="structure {type:default;} readingOrder {index:0;}">
        <Coords points="1176,1241 3986,1241 3986,1413 1176,1413"/>
        <Baseline points="1177,1348 1354,1349 1664,1353 2052,1353 2180,1352 2521,1358 2648,1363 2774,1363 3218,1363 3369,1372 3659,1377 3985,1412"/>
        <Word id="w_w2aab1b1b2b7b1ab1">
          <Coords points="1176,1241 3986,1241 3986,1413 1176,1413"/>
          <TextEquiv>
            <Unicode>Tu viens porter la haine &amp; le trouble en mon cœur,</Unicode>
          </TextEquiv>
          <TextStyle fontFamily="Times New Roman" fontSize="12.0"/>
        </Word>
      </TextLine>
      <TextLine id="tl_7" primaryLanguage="English" custom="structure {type:default;} readingOrder {index:1;}">
        <Coords points="1177,1384 3820,1384 3820,1559 1177,1559"/>
        <Baseline points="1177,1497 1296,1492 1452,1499 1650,1493 1882,1496 2090,1497 2236,1497 2478,1503 2972,1508 3142,1508 3819,1548"/>
        <Word id="w_w2aab1b1b2b7b3ab1">
          <Coords points="1177,1384 3820,1384 3820,1559 1177,1559"/>
          <TextEquiv>
            <Unicode>Et tu me fais ſentir que l’amour eſt vainqueur,</Unicode>
          </TextEquiv>
          <TextStyle fontFamily="Times New Roman" fontSize="12.0"/>
        </Word>
      </TextLine>
      <TextLine id="tl_8" primaryLanguage="English" custom="structure {type:default;} readingOrder {index:2;}">
        <Coords points="1174,1534 3980,1534 3980,1710 1174,1710"/>
        <Baseline points="1174,1644 1466,1643 1749,1642 2136,1644 2236,1643 2566,1652 2710,1654 3108,1656 3824,1672 3980,1676"/>
        <Word id="w_w2aab1b1b2b7b5ab1">
          <Coords points="1174,1534 3980,1534 3980,1710 1174,1710"/>
          <TextEquiv>
            <Unicode>Dans quel temps? dans le temps qu’Annibal va</Unicode>
          </TextEquiv>
          <TextStyle fontFamily="Times New Roman" fontSize="12.0"/>
        </Word>
      </TextLine>
      <TextLine id="tl_9" primaryLanguage="English" custom="structure {type:default;} readingOrder {index:3;}">
        <Coords points="1318,1681 1874,1681 1874,1829 1318,1829"/>
        <Baseline points="1318,1823 1789,1785 1873,1808"/>
        <Word id="w_w2aab1b1b2b7b7ab1">
          <Coords points="1318,1681 1874,1681 1874,1829 1318,1829"/>
          <TextEquiv>
            <Unicode>paroître,</Unicode>
          </TextEquiv>
          <TextStyle fontFamily="Times New Roman" fontSize="12.0"/>
        </Word>
      </TextLine>
    </TextRegion>
    <TextRegion type="paragraph" id="r_1_5" custom="readingOrder {index:4;}">
      <Coords points="1159,1819 3977,1819 3977,2531 1159,2531"/>
      <TextLine id="tl_10" primaryLanguage="English" custom="structure {type:default;} readingOrder {index:0;}">
        <Coords points="1172,1820 3925,1822 3925,2003 1172,2001"/>
        <Baseline points="1173,1935 1296,1928 1530,1930 1684,1930 1932,1936 2542,1944 2686,1944 2952,1948 3274,1953 3413,1952 3922,1969"/>
        <Word id="w_w2aab1b1b2b9b1ab1">
          <Coords points="1172,1820 3925,1822 3925,2003 1172,2001"/>
          <TextEquiv>
            <Unicode>Et que de mes tranſports je dois eſtre le maître,</Unicode>
          </TextEquiv>
          <TextStyle fontFamily="Times New Roman" fontSize="12.0"/>
        </Word>
      </TextLine>
      <TextLine id="tl_11" primaryLanguage="English" custom="structure {type:default;} readingOrder {index:1;}">
        <Coords points="1160,1967 3882,1967 3882,2149 1160,2149"/>
        <Baseline points="1160,2117 1278,2070 1660,2073 1876,2078 2318,2088 2397,2108 2546,2084 3040,2093 3131,2112 3312,2099 3492,2099 3882,2109"/>
        <Word id="w_w2aab1b1b2b9b3ab1">
          <Coords points="1160,1967 3882,1967 3882,2149 1160,2149"/>
          <TextEquiv>
            <Unicode>Je pouſſe des ſoûpirs, je m’égare, ah du moins</Unicode>
          </TextEquiv>
          <TextStyle fontFamily="Times New Roman" fontSize="12.0"/>
        </Word>
      </TextLine>
      <TextLine id="tl_12" primaryLanguage="English" custom="structure {type:default;} readingOrder {index:2;}">
        <Coords points="1166,2113 3714,2113 3714,2285 1166,2285"/>
        <Baseline points="1166,2226 1329,2218 1577,2220 2215,2233 2351,2230 2647,2271 2985,2238 3141,2238 3627,2249 3713,2262"/>
        <Word id="w_w2aab1b1b2b9b5ab1">
          <Coords points="1166,2113 3714,2113 3714,2285 1166,2285"/>
          <TextEquiv>
            <Unicode>De mes égaremens je n’ay point de témoins;</Unicode>
          </TextEquiv>
          <TextStyle fontFamily="Times New Roman" fontSize="12.0"/>
        </Word>
      </TextLine>
      <TextLine id="tl_13" primaryLanguage="English" custom="structure {type:default;} readingOrder {index:3;}">
        <Coords points="1162,2255 3976,2255 3976,2439 1162,2439"/>
        <Baseline points="1163,2370 1451,2369 1915,2369 2573,2378 2763,2381 3069,2383 3341,2389 3592,2392 3975,2380"/>
        <Word id="w_w2aab1b1b2b9b7ab1">
          <Coords points="1162,2255 3976,2255 3976,2439 1162,2439"/>
          <TextEquiv>
            <Unicode>Mais dois-je ſuccomber au panchant qui m’en¬</Unicode>
          </TextEquiv>
          <TextStyle fontFamily="Times New Roman" fontSize="12.0"/>
        </Word>
      </TextLine>
      <TextLine id="tl_14" primaryLanguage="English" custom="structure {type:default;} readingOrder {index:4;}">
        <Coords points="1295,2405 1714,2405 1714,2530 1295,2530"/>
        <Baseline points="1295,2509 1452,2505 1630,2509 1713,2530"/>
        <Word id="w_w2aab1b1b2b9b9ab1">
          <Coords points="1295,2405 1714,2405 1714,2530 1295,2530"/>
          <TextEquiv>
            <Unicode>traîne,</Unicode>
          </TextEquiv>
          <TextStyle fontFamily="Times New Roman" fontSize="12.0"/>
        </Word>
      </TextLine>
    </TextRegion>
    <TextRegion type="paragraph" id="r_1_6" custom="readingOrder {index:5;}">
      <Coords points="1157,2542 3308,2542 3308,2718 1157,2718"/>
      <TextLine id="tl_15" primaryLanguage="English" custom="structure {type:default;} readingOrder {index:0;}">
        <Coords points="1158,2543 3307,2543 3307,2717 1158,2717"/>
        <Baseline points="1158,2657 1687,2656 2289,2666 2743,2674 3231,2683 3306,2709"/>
        <Word id="w_w2aab1b1b2c11b1ab1">
          <Coords points="1158,2543 3307,2543 3307,2717 1158,2717"/>
          <TextEquiv>
            <Unicode>Puniſſons Iſperie en voyant Erixene,</Unicode>
          </TextEquiv>
          <TextStyle fontFamily="Times New Roman" fontSize="12.0"/>
        </Word>
      </TextLine>
    </TextRegion>
    <TextRegion type="paragraph" id="r_1_7" custom="readingOrder {index:6;}">
      <Coords points="1145,2688 3968,2688 3968,3257 1145,3257"/>
      <TextLine id="tl_16" primaryLanguage="English" custom="structure {type:default;} readingOrder {index:0;}">
        <Coords points="1148,2689 3806,2689 3806,2877 1148,2877"/>
        <Baseline points="1149,2802 1743,2800 2455,2831 2602,2815 3161,2824 3345,2835 3505,2829 3805,2836"/>
        <Word id="w_w2aab1b1b2c13b1ab1">
          <Coords points="1148,2689 3806,2689 3806,2877 1148,2877"/>
          <TextEquiv>
            <Unicode>Mépriſons ſes attraits, &amp; peut-être en ce jour</Unicode>
          </TextEquiv>
          <TextStyle fontFamily="Times New Roman" fontSize="12.0"/>
        </Word>
      </TextLine>
      <TextLine id="tl_17" primaryLanguage="English" custom="structure {type:default;} readingOrder {index:1;}">
        <Coords points="1160,2835 3428,2835 3428,3007 1160,3007"/>
        <Baseline points="1160,2980 1844,2946 2246,2955 2735,2960 2943,2966 3353,2976 3427,2980"/>
        <Word id="w_w2aab1b1b2c13b3ab1">
          <Coords points="1160,2835 3428,2835 3428,3007 1160,3007"/>
          <TextEquiv>
            <Unicode>Qu'Erixene ſçaura détruire cet amour:</Unicode>
          </TextEquiv>
          <TextStyle fontFamily="Times New Roman" fontSize="12.0"/>
        </Word>
      </TextLine>
      <TextLine id="tl_18" primaryLanguage="English" custom="structure {type:default;} readingOrder {index:2;}">
        <Coords points="1146,2983 3967,2983 3967,3163 1146,3163"/>
        <Baseline points="1146,3125 1257,3090 1577,3090 1993,3096 2163,3100 2777,3105 3283,3121 3414,3124 3597,3124 3966,3106"/>
        <Word id="w_w2aab1b1b2c13b5ab1">
          <Coords points="1146,2983 3967,2983 3967,3163 1146,3163"/>
          <TextEquiv>
            <Unicode>je veux rendre un hommage éclatant à ſes char¬</Unicode>
          </TextEquiv>
          <TextStyle fontFamily="Times New Roman" fontSize="12.0"/>
        </Word>
      </TextLine>
      <TextLine id="tl_19" primaryLanguage="English" custom="structure {type:default;} readingOrder {index:3;}">
        <Coords points="1290,3169 1577,3169 1577,3256 1290,3256"/>
        <Baseline points="1290,3237 1503,3238 1577,3256"/>
        <Word id="w_w2aab1b1b2c13b7ab1">
          <Coords points="1290,3169 1577,3169 1577,3256 1290,3256"/>
          <TextEquiv>
            <Unicode>mes,</Unicode>
          </TextEquiv>
          <TextStyle fontFamily="Times New Roman" fontSize="12.0"/>
        </Word>
      </TextLine>
    </TextRegion>
    <TextRegion type="paragraph" id="r_1_8" custom="readingOrder {index:7;}">
      <Coords points="1149,3267 3969,3267 3969,3599 1149,3599"/>
      <TextLine id="tl_20" primaryLanguage="English" custom="structure {type:default;} readingOrder {index:0;}">
        <Coords points="1150,3268 3968,3268 3968,3454 1150,3454"/>
        <Baseline points="1151,3383 1907,3383 2119,3386 2439,3393 2977,3402 3335,3405 3505,3411 3967,3440"/>
        <Word id="w_w2aab1b1b2c15b1ab1">
          <Coords points="1150,3268 3968,3268 3968,3454 1150,3454"/>
          <TextEquiv>
            <Unicode>Abandonnons des yeux toujours noyez de larmes,</Unicode>
          </TextEquiv>
          <TextStyle fontFamily="Times New Roman" fontSize="12.0"/>
        </Word>
      </TextLine>
      <TextLine id="tl_21" primaryLanguage="English" custom="structure {type:default;} readingOrder {index:1;}">
        <Coords points="1151,3418 3693,3418 3693,3598 1151,3598"/>
        <Baseline points="1152,3528 1442,3527 1588,3527 1962,3552 2106,3532 2484,3537 2554,3562 2716,3542 3134,3570 3622,3561 3692,3582"/>
        <Word id="w_w2aab1b1b2c15b3ab1">
          <Coords points="1151,3418 3693,3418 3693,3598 1151,3598"/>
          <TextEquiv>
            <Unicode>Tout le veut, la raiſon, la gloire, l’équité,</Unicode>
          </TextEquiv>
          <TextStyle fontFamily="Times New Roman" fontSize="12.0"/>
        </Word>
      </TextLine>
    </TextRegion>
    <TextRegion type="paragraph" id="r_1_9" custom="readingOrder {index:8;}">
      <Coords points="1143,3559 3732,3559 3732,3741 1143,3741"/>
      <TextLine id="tl_22" primaryLanguage="English" custom="structure {type:default;} readingOrder {index:0;}">
        <Coords points="1144,3560 3731,3560 3731,3740 1144,3740"/>
        <Baseline points="1144,3673 1233,3677 1495,3674 1751,3677 2197,3681 2455,3687 2671,3688 3093,3698 3253,3702 3730,3673"/>
        <Word id="w_w2aab1b1b2c17b1ab1">
          <Coords points="1144,3560 3731,3560 3731,3740 1144,3740"/>
          <TextEquiv>
            <Unicode>Il faut par d'autre fers me mettre eu liberté.</Unicode>
          </TextEquiv>
          <TextStyle fontFamily="Times New Roman" fontSize="12.0"/>
        </Word>
      </TextLine>
    </TextRegion>
    <TextRegion type="paragraph" id="r_2_1" custom="readingOrder {index:9;}">
      <Coords points="1952,4011 3052,4011 3052,4176 1952,4176"/>
      <TextLine id="tl_23" primaryLanguage="English" custom="structure {type:default;} readingOrder {index:0;}">
        <Coords points="1953,4012 3051,4012 3051,4175 1953,4175"/>
        <Baseline points="1954,4114 2145,4114 2323,4122 2725,4133 3050,4137"/>
        <Word id="w_w2aab1b3b2b1b1ab1">
          <Coords points="1953,4012 3051,4012 3051,4175 1953,4175"/>
          <TextEquiv>
            <Unicode>Fin du ſecond Acte.</Unicode>
          </TextEquiv>
        </Word>
      </TextLine>
    </TextRegion>
    <SeparatorRegion id="r_4" custom="readingOrder {index:10;}">
            <Coords points="28,2900 58,2900 58,3638 28,3638"/>
        </SeparatorRegion>
    <SeparatorRegion id="r_5" custom="readingOrder {index:11;}">
            <Coords points="68,1389 97,1389 97,2207 68,2207"/>
        </SeparatorRegion>
    <SeparatorRegion id="r_6" custom="readingOrder {index:12;}">
            <Coords points="58,2140 93,2140 93,3487 58,3487"/>
        </SeparatorRegion>
    <SeparatorRegion id="r_7" custom="readingOrder {index:13;}">
            <Coords points="62,3701 84,3701 84,4053 62,4053"/>
        </SeparatorRegion>
    <SeparatorRegion id="r_8" custom="readingOrder {index:14;}">
            <Coords points="103,0 168,0 168,741 103,741"/>
        </SeparatorRegion>
    <SeparatorRegion id="r_9" custom="readingOrder {index:15;}">
            <Coords points="54,4815 83,4815 83,5347 54,5347"/>
        </SeparatorRegion>
    <SeparatorRegion id="r_10" custom="readingOrder {index:16;}">
            <Coords points="161,1414 189,1414 189,4612 161,4612"/>
        </SeparatorRegion>
    <SeparatorRegion id="r_11" custom="readingOrder {index:17;}">
            <Coords points="181,1638 224,1638 224,4590 181,4590"/>
        </SeparatorRegion>
    <SeparatorRegion id="r_12" custom="readingOrder {index:18;}">
            <Coords points="160,4760 177,4760 177,5884 160,5884"/>
        </SeparatorRegion>
    <SeparatorRegion id="r_13" custom="readingOrder {index:19;}">
            <Coords points="218,0 252,0 252,644 218,644"/>
        </SeparatorRegion>
    <SeparatorRegion id="r_14" custom="readingOrder {index:20;}">
            <Coords points="226,127 266,127 266,783 226,783"/>
        </SeparatorRegion>
    <SeparatorRegion id="r_15" custom="readingOrder {index:21;}">
            <Coords points="209,1874 226,1874 226,2716 209,2716"/>
        </SeparatorRegion>
    <SeparatorRegion id="r_16" custom="readingOrder {index:22;}">
            <Coords points="169,4890 203,4890 203,6396 169,6396"/>
        </SeparatorRegion>
    <SeparatorRegion id="r_17" custom="readingOrder {index:23;}">
            <Coords points="196,2798 218,2798 218,4584 196,4584"/>
        </SeparatorRegion>
    <SeparatorRegion id="r_18" custom="readingOrder {index:24;}">
            <Coords points="182,4634 193,4634 193,4876 182,4876"/>
        </SeparatorRegion>
    <SeparatorRegion id="r_19" custom="readingOrder {index:25;}">
            <Coords points="229,1581 251,1581 251,2474 229,2474"/>
        </SeparatorRegion>
    <SeparatorRegion id="r_20" custom="readingOrder {index:26;}">
            <Coords points="219,2600 239,2600 239,3458 219,3458"/>
        </SeparatorRegion>
    <SeparatorRegion id="r_21" custom="readingOrder {index:27;}">
            <Coords points="212,1805 265,1805 265,4562 212,4562"/>
        </SeparatorRegion>
    <SeparatorRegion id="r_22" custom="readingOrder {index:28;}">
            <Coords points="202,4682 241,4682 241,6673 202,6673"/>
        </SeparatorRegion>
    <SeparatorRegion id="r_23" custom="readingOrder {index:29;}">
            <Coords points="252,455 326,455 326,1831 252,1831"/>
        </SeparatorRegion>
    <SeparatorRegion id="r_24" custom="readingOrder {index:30;}">
            <Coords points="233,3611 250,3611 250,4563 233,4563"/>
        </SeparatorRegion>
    <SeparatorRegion id="r_25" custom="readingOrder {index:31;}">
            <Coords points="261,2165 274,2165 274,2581 261,2581"/>
        </SeparatorRegion>
    <SeparatorRegion id="r_26" custom="readingOrder {index:32;}">
            <Coords points="232,4649 260,4649 260,5777 232,5777"/>
        </SeparatorRegion>
    <SeparatorRegion id="r_27" custom="readingOrder {index:33;}">
            <Coords points="232,5869 257,5869 257,6543 232,6543"/>
        </SeparatorRegion>
    <SeparatorRegion id="r_28" custom="readingOrder {index:34;}">
            <Coords points="373,783 472,783 472,6707 373,6707"/>
        </SeparatorRegion>
    <SeparatorRegion id="r_29" custom="readingOrder {index:35;}">
            <Coords points="402,5585 420,5585 420,6305 402,6305"/>
        </SeparatorRegion>
    <SeparatorRegion id="r_30" custom="readingOrder {index:36;}">
            <Coords points="474,0 510,0 510,659 474,659"/>
        </SeparatorRegion>
    <SeparatorRegion id="r_31" custom="readingOrder {index:37;}">
            <Coords points="438,1787 485,1787 485,4591 438,4591"/>
        </SeparatorRegion>
    <SeparatorRegion id="r_32" custom="readingOrder {index:38;}">
            <Coords points="478,811 501,811 501,1313 478,1313"/>
        </SeparatorRegion>
    <SeparatorRegion id="r_33" custom="readingOrder {index:39;}">
            <Coords points="428,4821 450,4821 450,6479 428,6479"/>
        </SeparatorRegion>
    <SeparatorRegion id="r_34" custom="readingOrder {index:40;}">
            <Coords points="491,344 526,344 526,784 491,784"/>
        </SeparatorRegion>
    <SeparatorRegion id="r_35" custom="readingOrder {index:41;}">
            <Coords points="439,6479 449,6479 449,6687 439,6687"/>
        </SeparatorRegion>
    <SeparatorRegion id="r_36" custom="readingOrder {index:42;}">
            <Coords points="518,0 538,0 538,344 518,344"/>
        </SeparatorRegion>
  </Page>
</PcGts>
