4080 6969
3021 539 3181 692 17

828 498 2517 686 TRAGEDIE.

1201 728 2214 844 ERMILIE.

215 857 3056 1038 Madame pouvez-vous murmurer de ſa chaîne?

216 1015 3060 1180 Ce Heros vous regarde & traite en ſouveraine,

222 1167 2975 1326 Vôtre nom dans Zama ſeroit moins reſpecté,

225 1320 2846 1480 Vous eſtes dans ton Camp en pleine liberté,

222 1467 3121 1648 Sans gardes, ſans témoins, il met toute ſa gloire

231 1622 2695 1762 A vous faire oublier cette triſte victoire,

241 1769 2980 1940 Et ſi je m'en raporte à des regards plus doux,

236 1918 3217 2092 Le ſeul reſpect n’eſt pas tout ce qu'il ſent pour

427 2131 733 2209 vous.

1293 2235 2148 2349 ISPERIE.

242 2370 2855 2542 Helas! trop attentive à mon deſtin funeſte,

235 2526 2729 2696 Je ſonge à mon Amant & néglige le reſte,

245 2670 3216 2840 Tous les autres objets me touchent foiblement,

250 2824 3217 2992 Qu'un cœur eſt malheureux d'aimer ſi tendre¬

447 3015 829 3103 ment?

255 3127 3026 3302 Mais ce Prince m'oublie & j’en ſuis outragée,

260 3279 3027 3454 Il n'y faut plus penſer pour en eſtre vangée,

261 3437 2609 3602 Dans un lâche repos s’il eſt enſevely,

271 3583 2924 3754 Il merite ma haine, ou plûtôt mon oubly;

266 3736 3237 3908 Me laiſſer à long-temps languir dans l'eſclavage?

271 3881 2940 4058 Eſt-ce faute d’amour, ou faute de courage?

278 4039 3060 4206 Tous deux également me donnent de l’effroy,

280 4185 3017 4360 S’il manque de courage eſt-il digne de moy?

277 4337 2986 4512 Ce penſer contre luy me revolte, m'indigne,

282 4493 3140 4658 Et s’il manque d'amour en ſera-il plus digne?

280 4640 3237 4820 Mais que vois-je? eſt-ce luy? grands Dieux!...
