4080 6682
1196 421 3799 669 8 SCIPION L’AFRICAIN,

1198 643 3730 827 Et les ayant tous mis dans la juſte balance,

1194 776 3658 964 En peſer à loiſir les raiſons, l'importance,

1191 918 3811 1118 Pour garder à chacun & ſa gloire & ſon rang;

1193 1066 3773 1258 Souvent une entreveuë épargne bien du ſang,

1182 1210 3512 1395 Ainſi pour Annibal je la demande encore.

2154 1377 2986 1493 SCIPION.

1181 1496 3999 1692 Hé bien? pour luy marquera quel point je l’honore

1175 1638 3641 1826 J’accepte l’entreveuë, & veux bien differer

1179 1786 3639 1970 La bataille où j’ay cru devoir me préparer;

1180 1926 3676 2118 Pour lever tout ombrage & toute défiance,

1174 2068 3990 2262 Qu’il choiſiſſe un lieu propre à cette conference,

1163 2214 3989 2408 Je m’y rendray, Seigneur, au jour qu’il nommera,

1173 2356 3551 2544 Et ne ſera y ſuivy qu’autant qu’il le ſera.

2029 2515 3081 2646 AURILCAR.

1164 2642 3982 2840 Il prétend dans ce Camp venir bien-tôt luy-même.

2148 2813 3040 2930 SCIPION.

1163 2930 3981 3128 Quoy! luy-même en mon Camp, ma ſurpriſe eſt

1385 3084 1929 3197 extrême?

1162 3218 3613 3405 Mais quel ôtage encor exige-t-il de moy?

1158 3360 3016 3539 Que demande-t-il qui puiſſe...

1942 3519 3044 3648 AURILCAR.

3065 3684 3667 3842 Vôtre foy.

2109 3818 2953 3938 SCIPION.

1158 3940 3970 4140 Hé quoy? donc Annibal ne veut point d’autre

1356 4092 1760 4246 ôtage?

2024 4239 3012 4373 AURILCAR.

1147 4372 3487 4567 Il veut de Scipion la parole pour gage,

1149 4518 3531 4704 Hé quel ôtage peut remplacer Annibal?

2101 4682 2976 4805 SCIPION.

1146 4798 3866 4996 Je ſçay qu’il n’en eſt point pour un tel General.

1143 4944 3486 5137 Et puiſqu'il ſe confie en ma ſeule parole,

1145 5092 3609 5278 Je jure par les Dieux appuis du Capitole,

1148 5230 3335 5423 Qu’il peut en ſeureté ſe fier à ma foy,

1142 5380 3830 5581 Il n’aura dans mon Camp pour ôtage que moy.
