4080 6924
516 1210 2681 1524 PREFACE.

912 1618 3101 1932 l le ſuccés d'un Ouvrage

913 1886 3106 2209 doit le défendre contre la

926 2158 3107 2460 critique, & ſi la premiere

227 2410 3124 2742 & la plus infaillible regle du Thea¬

221 2686 3129 3010 tre eſt celle de plaire, j'oſe dire que

218 2942 3122 3274 Scipion l'Africain ayant eu ce bon¬

219 3210 3140 3542 heur, je pourois me diſpenſer de ré¬

196 3486 3133 3811 pondre aux critiques qu’on en a fai¬

229 3750 3154 4070 tes. Cependant ſans me prévaloir

230 4010 3147 4342 des aplaudiſſemens que le public luy

236 4278 3156 4610 a donnez, je vais tâcher en peu de

237 4546 3153 4854 mots d'en juſtifier la conduite. On

242 4814 3159 5138 me reproche d’avoir fait Scipion

247 5086 3160 5402 amoureux; mais je ſoûtiens que le

252 5346 3169 5658 mettant ſur la Scene, j'ay dû luy

245 5610 3162 5942 donner ce caractere, qui releve ſon

2330 5901 2604 6083 ã ij
