4080 7051
895 443 2348 619 PREFACE

188 657 3161 947 Il me ſemble même que Scipion au¬

185 933 3165 1201 roit bien douté de ſa vertu, & du

165 1193 3166 1497 pouvoir qu’il avoit ſur luy de n’oſer

190 1469 3171 1749 voir une tres-belle perſonne, de peur

183 1741 3152 1981 d’en être tenté. Comme l'Hiſtoire

188 2013 3148 2289 ne nomme point cette belle captive,

164 2281 3153 2565 je la fais Niéce d’Annibal, pour

169 2565 3138 2837 donner un plus grand contraſte à l’a¬

166 2825 3135 3101 mour de Scipion qu'il combat, &

163 3069 3136 3373 dont enfin il triomphe, & je puis di¬

168 3365 3140 3649 re que cette action a plû trop gene¬

164 3633 3129 3913 ralement dans le cinquiéme Acte

117 3901 3126 4186 pour me repentir de l'avoir fait. Il

98 4173 3119 4458 y a des gens qui s'étonnent qu'An¬

143 4437 3111 4645 nibal vienne demander la Paix

147 4713 3100 4993 avecque une aſſez groſſe Armée;

140 4985 3105 5269 mais il n'eſt pas permis d’ignorer un

105 5257 3102 5542 fait hiſtorique auſſi connu que celuy-

134 5513 3103 5809 là. Il eſt conſtant qu'Annibal fut

179 5801 3127 6085 rapellé par le Senat de Cartage pour
