4080 6844
992 413 3733 710 14 SCIPION L’AFRICAIN,

987 630 3598 857 Apprenons cependant ce qu’Aurilcar a fait,

985 782 3464 1008 Peut-eſtre qu’Iſperie aura ſçû quel projet

983 917 3798 1156 Annibal peut former, & qu’elle eſt ſa conduite,

989 1066 3892 1276 De ſes deſſeins ſans doute elle doit eſtre inſtruite;

982 1218 3889 1454 Je veux ſonder ſon coeur, je veux eſtre éclaircy

998 1385 3311 1605 Des ſecretes raiſons qui l'amenent icy.

1826 1843 3080 2028 Fin du premier Acte.
