4080 6933
3033 519 3166 624 11

780 448 2521 631 TRAGEDIE.

1112 735 2023 850 SCIPION.

1362 950 3146 1110 Ecoûte, une de mes captives,

194 1097 2940 1284 je tremble ſeulement d’en prononcer le nom,

208 1247 2592 1410 A ſoûmis, a vaincu le cœur de Scipion;

207 1391 2814 1560 Pourois-je t’en tracer une aſſez vive image?

197 1543 2810 1708 Un charme ébloüiſſant brille ſur ſon viſage,

202 1693 2745 1861 Un air plein de grandeur, une noble fierté,

202 1845 2641 2014 L’éclat & la douceur jointe à la majeſté,

198 1992 2700 2163 Mille & mille vertus, une grace infinie...

197 2146 2582 2312 Enfin ne dois-tu pas reconnoître Iſperie.

1216 2311 2014 2421 LEPIDE.

207 2441 2851 2612 Hé? qui pouroit la voir ſans en eſtre ſurpris,

213 2596 2688 2760 Seigneur, avec raiſon vous en eſtes épris,

217 2756 934 2895 Ses yeux...

1192 2902 2047 3020 SCIPION.

512 3045 3165 3214 Ne flates point mon panchant, ma foibleſſe,

212 3192 2860 3356 Et loin de me laiſſer languir dans la moleſſe,

207 3338 2900 3508 Contre un feu ſi fatal prête-moy du ſecours,

211 3492 3088 3677 Sauve moy, s’il ſe peut, de l’abîme où je cours:

209 3641 2855 3815 D’iſperie, il eſt vray, je redoutois la veuë,

209 3787 2822 3963 Je ſentois à ſes yeux mon ame trop émeuë,

213 3942 2477 4107 J'ay voulu l’éviter, vaine précaution!

222 4089 2697 4259 Par l’abſence j’ay cru vaincre ma paſſion,

218 4244 3175 4416 J’ay tenu quelque temps contre de ſi doux char¬

424 4430 720 4521 mes;

223 4542 2866 4719 Mais enfin je la vis, elle verſoit des larmes,

223 4694 2830 4881 C’eſtoit pour ſon Amant, & j'en fus offenſé,

228 4844 2875 5033 D’un mouvement jaloux je me ſentis preſſé,

228 4989 3175 5193 Et ſes pleurs, ſes ſoûpirs, ſa langueur, ſa triſ¬

381 5138 2236 5290 teſſe,

238 5293 2701 5469 Me firent vivement reſſentir ma foibleſſe,

234 5442 3173 5641 Je n'en ſuis plus le maître, & malgré mes efforts

228 5592 2979 5791 Je ſuccombe, Lepide, à de ſi doux transports.
