4080 6534
1104 409 3696 669 4 SCIPION L’AFRICAIN,

1104 612 3388 809 La Niéce d’Annibal, l’adorable Iſperie,

1103 752 3473 919 Fit briller tant d’éclat & tant de modeſtie

1099 892 3474 1095 Qu'il en fut ébloüy: mais enfin ſa beauté

1098 1038 3662 1220 Porte un charme ſecret dont on eſt enchanté.

1094 1176 3303 1373 Au Prince Lucejus elle ſe vit promiſe,

1097 1320 3668 1526 Il devoit l’épouſer quand Zama fut ſurpriſe;

1086 1454 3279 1653 Ce jour infortuné ſi funeſte pour eux

1095 1604 3767 1806 Sépara ces Amans ſur le point d’eſtre heureux:

1085 1740 3804 1951 Elle ignore où ce Prince a ſçû porter ſes armes,

1080 1880 3873 2101 Et ſouvent ſes beaux yeux pour luy verſent des

1286 2037 1734 2149 larmes:

1079 2172 3776 2375 Mais, Seigneur, Erixene en ce lieu doit venir,

1086 2310 3329 2502 Scipion luy permet de vous entretenir,

1067 2444 3862 2667 Je vois qu’elle s’avance, & vous laiſſe avecque elle.

1662 3149 3339 3396 SCENE II.

1070 3527 3833 3759 ERIXENE, BARSE', AURILCAR.

2047 3875 2873 4002 ERIXENE.

1073 4130 3852 4453 ON nous vient d’annoncer une grande nouvelle,

1351 4279 3583 4471 Annibal en Affrique eſt enfin de retour.

1958 4437 2930 4569 AURILCAR.

1060 4554 3701 4769 Vous le verrez, Madame, avant la fin du jour.

1996 4714 2929 4853 ERIXENE.

1049 4834 3724 5046 Je ſçay que dans l'état où l’Affrique eſt reduite,

1052 4978 3479 5184 Elle n’eſpere plus qu’en ſa ſeule conduite;

1051 5124 3659 5335 Ne me deguiſez rien ſur ſes nouveaux projets,

1047 5262 3730 5482 Je prévois, Aurilcar, qu’ils tendent à la paix.
