4080 6648
1158 329 3726 586 6 SCIPION L’AFRICAIN,

1147 540 3782 750 Et quand il s'aperçoit du trouble de ſon ame,

1146 684 3531 888 Il ſemble s’indigner de ſa naiſſante flâme,

1142 824 3847 1044 Il fremit de ſentir l’amour qu’il veut dompter,

1137 974 3694 1180 Et que tout ſon courage a peine à ſurmonter.

1136 1116 3777 1322 Voila le plan d’un cœur difficile à connoître;

1140 1254 3861 1472 Mais pour aprofondir qui peut en eſtre maître,

1129 1404 3862 1614 Je ſçay trop qu’Iſperie a des charmes puiſſans,

1132 1546 3824 1760 Que ſa beauté d’abord peut enchanter les ſens,

1124 1688 3787 1897 Mais à ſon cher Amant elle eſt trop attachée,

1123 1834 3848 2046 Et par nul autre objet n’en peut eſtre arrachée,

1124 1978 2261 2145 Scipion le connoît.

2029 2145 2997 2282 AURILCAR.

1893 2286 3651 2472 Madame, & plût aux Dieux!

1113 2412 3938 2630 Que ce Vainqueur ſentit le pouvoir de vos yeux?

2122 2586 2959 2715 ERIXENE.

1096 2696 3925 2916 Je ne m'en flatte point, mais ſans eſtre trop vaine,

1099 2844 3810 3048 Scipion ſans rougir pouroit porter ma chaîne,

1098 2988 3924 3196 Que dis-je? ce Heros, le plus grand des mortels,

1096 3130 3299 3324 A qui Rome déja conſacre des Autels,

1079 3271 3910 3480 D'un cœur tel que le mien peut devenir le maître,

1084 3416 3718 3620 Et s'il n’eſt mon Amant il eſt digne de l'eſtre.

1088 3562 3549 3762 Peut-eſtre j'en dis trop, & j’avouë à regret

1083 3698 3796 3895 Un foible, dont mon cœur me faiſoit un ſecret;

1079 3838 3896 4062 Mais quoy? Si l’on faiſoit la paix avec Cartage,

1078 3990 3891 4206 Plût au Ciel! que l’amour en ébauchât l’ouvrage,

1067 4131 3771 4339 Et du moins je voudrois pour flater ma fierté,

1069 4273 3578 4476 Que l'heureuſe Erixene eût part à ce traité.

1072 4420 3751 4631 Adieu, Scipion vient, & vous allez l’entendre.
