4080 6707
1777 384 3213 555 PREFACE.

1013 582 3834 860 défendre ſa patrie, qu'il quitta l'I¬

1010 858 3830 1116 talie, qu’il revint en Afrique, &

1002 1114 3847 1372 qu’il y trouva les affaires en un ſi

999 1374 3832 1640 mauvais état, qu'il n’eût point d’au¬

996 1630 3836 1892 tre party à prendre pour ſauver

1000 1890 3825 2156 Cartage, que celuy de demander la

989 2146 3821 2340 Paix; mais il la demande d’une ma¬

985 2406 3822 2668 niere aſſez noble, cette Scene a

986 2662 3814 2932 toujours paru tres-belle, & tres-

974 2918 3831 3188 bien conduites; Je ne doute point qu'il

975 3182 3827 3444 n’y ait bien des choſes qui auroient

943 3450 3816 3712 pû être mieux dans cette Piece, mais

952 3698 3816 3964 je ne ſuis pas infaillible, & je ne don¬

956 3954 3817 4232 ne point cecy pour un ouvrage ache¬

969 4214 3805 4488 vé. Il ſuffit qu’il ait réuſſi, pour en

961 4478 3846 4748 devoir être content, & pour m’en¬

962 4738 3822 5008 courager à travailler à l'avenir

966 5002 3811 5268 avec encor plus de ſoin & plus d'e¬

921 5263 1739 5456 xactitude.
