4080 6673
1021 365 3633 600 22 SCIPION L’AFRICAIN,

1525 1130 3340 1328 SCENE III.

1236 1557 3624 1726 ISPERIE, ERMILIE.

2045 1862 2873 1976 ISPERIE.

1015 2144 3707 2405 A Preſent je reſpire! il a rempli mes vœux,

1283 2292 3738 2445 Cet Amant que je vois fidelle & genereux,

1008 2437 3844 2583 De tant de mouvemens dont j’avois l'ame atteinte,

1008 2563 3588 2736 Il ne me reſte plus que l’amour & la crainte;

1004 2716 3841 2875 Mais helas! quelle eſt vive & ſenſible à mon cœur?

998 2863 3646 3021 Je ſens mille tranſports de joye & de douleur,

1008 3003 3728 3170 Il eſt digne de moy, je dois trop le connoître;

1004 3161 3430 3314 Mais il va s'expoſer, & perira peut-eſtre;

1008 3301 3431 3453 Que dis-je, ſon amour va tenter un effort

1008 3445 3441 3599 Qui luy fera trouver Scipion & la mort;

1002 3591 3640 3750 Juſtes Dieux! détournez ce funeſte présage!

1004 3733 3541 3892 Inſpirez Annibal pour la paix de Cartage!

1009 3883 3475 4038 C'eſt ma ſeule eſperance en cette occaſion,

1009 4029 3391 4191 Et ſur tout portez-y le cœur de Scipion:

1008 4175 2508 4339 Il vient, que me veut-il?
