4080 6960
906 450 3288 693 TRAGEDIE. 27

1378 699 2239 820 ISPERIE.

1502 826 3073 1004 Il faut bien que je pleure,

322 982 3281 1180 Puiſque par cet Arreſt vous voulez que je meure?

326 1141 2766 1319 Vous ſerez ſatisfait, cet ordre rigoureux

322 1279 3166 1476 Dans peu fera perir deux Amans malheureux,

326 1431 3289 1621 Nous avions dans la paix encor quelque eſperance,

319 1583 3271 1773 Mais vous voulez de Rome achever la vangeance.

319 1732 3287 1932 Achevez-là, Seigneur, mais du moins le trépas,

320 1891 2882 2082 Au defaut de la paix ne nous manquera pas.

941 2630 2692 2900 SCENE V.

1098 3025 2460 3234 SCIPION ſeul.

337 3211 3299 3531 ELle fort, juſte Ciel! & ſes yeux pleins de larmes

555 3359 3297 3532 Attendriſſent mon cœur, & m’arrachent les

536 3593 973 3692 armes,

335 3672 3087 3873 Je ſuis prêt d’oublier ma gloire, mes projets,

335 3825 3093 4021 Et preſqu’en ce moment je conſens à la paix;

341 3976 3193 4167 Ouy, puiſqu'elle le veut, il faut finir la guerre,

339 4125 3307 4323 En rendre un plein repos, un plein calme à la terre;

341 4270 3243 4469 Mais quel triſte penſer me frape en ce moment?

345 4417 3123 4621 Elle ne veut la paix que pour voir ſon Amant,

341 4571 3303 4767 Que pour combler ſes vœux d’un heureux hyme¬

501 4759 773 4897 née,

335 4884 2603 5071 Et j'en avancerois la fatale journée?

345 5028 3193 5225 C’eſt donc pour Lucejus qu'elle aſpire à la paix:

347 5179 3309 5381 Qu’elle l’aime grands Dieux! grands Dieux que

515 5343 1129 5511 je le hais?

335 5477 3302 5677 Mais pourquoy ſon nom ſeul me fait-il de la peine?

341 5628 3189 5837 D'où vient que Lucejus eſt l’objet de ma haine?

2573 5807 2792 5952 C ij
