4080 7154
785 468 3287 691 TRAGEDIE. 29

737 1435 2815 1765 ACTE III.

264 1899 3195 2182 SCENE PREMIERE

686 2335 2920 2548 ERIXENE, BARCE'.

1401 2691 2170 2833 BARCE'.

1034 2824 3309 3031 ANDis que Scipîon fait ranger fon ar-

1172 3023 1531 3160 mée,

1026 3133 3312 3330 Que pour en ſoûtenir l'éclat, la re¬

1200 3335 1723 3448 nommée

1050 3453 3307 3637 lien veut étaler la pompe à ſon rival,

279 3610 3174 3803 (Spectacle digne enfin des regards d’Annibal)

270 3765 3122 3959 En attendant qu’icy nous le voyons paroître,

274 3923 3101 4115 De grace, aprenez-moy ſi ce ſuperbe maître,

275 4073 3057 4267 Ce fameux Scipion qui marchoit ſur vos pas

281 4236 2804 4421 A rendu les reſpects qu’il doit à vos apas;

286 4384 3009 4560 Ouy, ſon front deſarmé de la fierté Romaine

291 4540 3019 4730 Sembloit le préparer à porter votre chaîne;

297 4698 3028 4886 Loin de vous par reſpect je n'ay pas entendu

300 4850 2768 5036 Aſſez diſtinctement cet homage rendu:

296 5001 3333 5194 Mais helas! je vous vois les yeux pleins de triſteſſe,

295 5155 3332 5348 A cacher vos chagrins vous mettez vôtre adreſſe,

296 5315 3336 5500 Vous ne répondez rien, vous devorez vos pleurs,

300 5474 1833 5632 Madame, & ce ſilence...

1327 5648 2280 5773 ERIXENE.

1699 5781 3306 5962 Aprens tous mes malheur,

2576 5953 2876 6110 C iij
