4080 6996
3133 563 3265 710 13

882 471 2612 692 TRAGEDIE.

282 677 2695 876 La Niéce d'Annibal tenteroit ma vertu?

278 823 3143 1067 Le plus grand ennemy que jamais Rome ait eu?

274 971 3249 1205 Non, Lepide, aujourd’huy je dois briſer ma chaîne.

1323 1160 2146 1293 LEPIDE.

261 1275 3044 1519 Seigneur portez vos vœux du côté d’Erixene.

272 1431 2807 1641 Elle eſt fille d’Hannon ennemy d’Annibal,

264 1579 3093 1814 Dans Cartage ce Chef fut toujours ſon rival.

274 1741 3119 1965 Toujours dans le Senat à ce Heros contraire,

261 1889 3254 2116 Dans Rome il n’eut jamais de plus grand adver¬

448 2054 781 2193 ſaire,

260 2187 2953 2413 Et s’oppoſant ſans ceſſe à ſes juſtes deſſeins,

262 2347 2687 2556 Il paroiſſoit plûtôt l’allié des Romains;

256 2497 2747 2712 Aux charmes d'Iſperie oppoſez Erixene,

257 2647 3034 2867 Et prenez un amour conforme à vôtre haine,

249 2795 2706 3007 Elle peut balancer vos deſirs à ſon tour,

250 2949 3109 3175 Et même elle pouroit répondre à vôtre amour.

1249 3135 2163 3266 SCIPION.

242 3253 764 3379 Erixene

1220 3421 2068 3571 LEPIDE.

779 3576 3210 3783 Oüy, Seigneur, & j’ay cru le connoître,

244 3705 3135 3937 Toute ſa fierté tombe en nous voyant paroître:

240 3861 2827 4074 Quand on parle de vous, il le faut avoüer,

231 4009 3050 4239 Elle prend du plaiſir, Seigneur, à vous loüer,

227 4163 2994 4394 Et lorſque vos regards tournent vers Iſperie,

229 4313 2531 4529 Dans ſon dépit ſecret on lit ſa jalouſie;

226 4461 2879 4688 Elle voudroit bien voir ſes charmes effacez,

228 4609 2526 4827 Elle la hait enfin, en eſt-ce pas aſſez?

1259 4805 2128 4940 SCIPION.

217 4915 2862 5151 Elle hait Iſperie, ah Ciel! quelle injuſtice?

221 5073 2863 5309 Par qu’elle jalouſie, ou plûtôt quel caprice,

216 5225 2823 5436 Malgré tant de beautez cette Erixene hait

214 5379 3165 5625 Ce que la main des Dieux forma de plus parfait.

205 5521 2954 5760 Je m’égare, Lepide, & tu vois ma foibleſſe,

201 5675 3084 5919 C'eſt en vain que je veux déguiſer ma tendreſſe;

2551 5918 2640 6026 B
