4080 6924
845 440 3171 665 TRAGEDIE. 15

665 1396 2732 1733 ACTE II.

240 1837 3119 2137 SCENE PREMIERE.

592 2267 2878 2480 ISPERIE, ERMILIE.

1280 2628 2117 2757 ISPERIE

963 2867 3213 3093 ANGUIRAIS-JE toujours en des crain¬

1158 3075 2046 3214 tes mortelles

966 3183 3209 3406 Du Prince Lucejus on n'a point de

1171 3392 1823 3526 nouvelles,

973 3488 3209 3701 Aurilcar m'a parlé ſans m'avoir rien

1172 3689 1550 3846 appris

258 3799 2904 3988 Qui puiſſe redonner le calme à mes eſprits;

261 3946 3209 4148 Il m’apprend qu’Annibal, ce Heros que j'honore,

259 4097 3188 4296 Viendra; mais Lucejus ne paroit point encore;

264 4255 2692 4444 Devoit-il pas aller au devant de ſes pas?

262 4399 3214 4596 Le joindre dans ſon Camp, y mener ſes ſoldats?

268 4547 3018 4748 Que fait-il? en quels lieux avec indifference,

268 4700 3212 4872 Depuis deux mois entiers ſouffre-t-il mon abſence?

268 4847 2833 5035 Il n’oſe rien tenter, il n’a rien entrepris,

277 4999 3218 5196 Sans doute que mon cœur eſt d’un trop foible prix;

283 5153 2604 5344 Et ne devoit-il pas au peril de ſa teſte,

278 5309 2551 5498 Ravir à Scipion une telle conqueſte;

278 5444 2953 5645 Il n’a rien fait encor pour me prouver ſa foy,

272 5604 2754 5805 Je ne merite pas qu’il s'expoſe pour moy.

2446 5782 2703 5924 B ij
