4080 6784
977 419 3626 654 16 SCIPION L’AFRICAIN,

1991 716 2900 840 ERMILIE.

970 916 3883 1097 Eh? pouvez-vous douter que ce Prince vous aime,

977 1068 3518 1244 Madame, rapellez ſon deſeſpoir extrême,

979 1210 3689 1392 Quand Zama pris d'aſſaut le ſépara de vous:

970 1360 3767 1534 Ce malheureux Amant dans ſon juſte couroux,

971 1508 3274 1670 Guidé par ſa fureur s’alloit ôter la vie,

962 1652 3675 1833 Je deſarmay ſon bras au ſeul nom d’Iſperie,

970 1808 1918 1958 Et peut-eſtre...

1993 2049 2794 2168 ISPERIE.

1850 2254 3738 2424 Dequoy viens-tu m’entretenir?

969 2396 3410 2565 Pourquoy me rapeller ce triſte ſouvenir?

966 2536 3269 2710 O nuit! qui preceda la fatale journée

965 2686 3566 2861 Qui devoir éclairer un heureux hymenée!

971 2834 3577 3009 Au lieu de me livrer au malheur qui me ſuit,

960 2984 3399 3141 Que n’es-tu devenuë une éternelle nuit?

957 3130 3846 3299 Lors qu’on vint nous donner de ſi vives allarmes,

962 3272 3861 3433 Que tout retentiſſoit de l’affreux bruit des armes,

960 3418 3488 3592 Que le fer à la main je vis tant de ſoldats

953 3564 3536 3742 En foule en mon Palais précipiter leurs pas;

952 3716 3483 3868 Il t’en doit ſouvenir, dans tes bras Ermilie

952 3862 3734 4066 Je demeuray long-temps immobile & ſans vie,

951 4008 3181 4177 Scipion m’aperçût, ſon zele officieux

948 4158 3553 4329 Me prêta du ſecours, me fit ouvrir les yeux,

937 4302 3840 4483 A ſon air, à ſon port je connus ce grand homme,

942 4454 3465 4626 La terreur de Cartage & la gloire de Rome,

936 4600 3837 4781 Et ſans qu’il eût beſoin qu’on prononçât ſon nom,

937 4742 3376 4919 Son front majeſtueux découvrit Scipion,

936 4898 3533 5072 Depuis de mille ſoins je luy ſuis redevable;

936 5048 3836 5225 Cependant aujourd'huy c’eſt luy ſeul qui m’acca¬

1135 5198 1434 5328 ble,

932 5340 3709 5524 Il fait couler mes pleurs malgré tant de vertus,

936 5492 3072 5672 Et ſans luy je ſerois unie à Lucejus.
