4080 6810
1079 471 3714 720 20 SCIPION L’AFRICAIN,

2061 710 2955 832 ISPERIE.

1368 838 3954 1031 Non, Seigneur, gardez-vous d’entreprendre,

1073 981 3687 1169 Si je l'ay ſouhaité, je dois vous le défendre;

1061 1127 3741 1322 L’oin de vous j’accuſois vôtre trop de lenteur,

1051 1273 3753 1468 J’allois juſqu’à douter même de vôtre cœur:

1058 1423 3812 1619 Pardonnez-moy, j’étois injuſte, criminelle,

1052 1571 3644 1760 De ſoupçonner ce cœur genereux & fidelle:

1042 1721 3932 1917 Mais enfin, grace au Ciel, je vous vois de retour,

1035 1869 3931 2065 Et je retrouve en vous un Heros plein d’amour,

1034 2011 1695 2139 C'eſt aſſez.

2029 2175 2981 2334 LUEEJUS.

1488 2314 3918 2500 Non, Madame, il faut tantôt me ſuivre,

1022 2465 3834 2651 Ou choiſir de me voir dans peu ceſſer de vivre,

1015 2611 3846 2809 Diſſipez vos chagrins, & n’ayez point d’effroy,

1017 2761 3761 2956 Cette entrepriſe eſt digne & de vous & de moy.

1003 2911 3909 3108 Hé quoy donc Scipion vous peut voir à toute heu¬

1223 3110 1402 3197 re,

1000 3203 3896 3404 Vous le ſouffrez helas! quand il faut que je meure,

1006 3359 3654 3548 Il joüit des momens qui m’eſtoient deſtinez,

993 3497 3540 3693 Je traîne loin de vous des jours infortunez,

997 3653 3897 3850 Vous le voyez ſouvent, pardonnez-moy, Madame,

995 3801 3887 4002 L’éclat de ſa grandeur pouroit toucher une ame,

994 3951 3776 4148 Il a trop de vertus, & mon tranſport jaloux...

1985 4116 2832 4240 ISPERIE.

982 4242 3578 4437 Il a tout le reſpect que j’attendrois de vous,

992 4393 3675 4575 Sa bonté, ſa clemence, enlevent mon eſtime,

985 4541 3889 4748 Je ne m’en défens point puiſqu'elle eſt legitime?

989 4691 3515 4882 Mais enfin Scipion n'eſt point vôtre rival,

982 4839 3686 5027 Il n’aime que la gloire, & ne hait qu'Annibal.

1978 5002 2876 5160 LUCEJUS.

972 5134 3870 5336 Moy, je hay ce Romain dont vous portez la chaîne,

973 5282 3613 5478 Et pour luy mon eſtime eſt égale à ma haine;

967 5428 3873 5636 Mais, Madame, ſongez qu’il fait tous nos malheurs,

976 5581 3529 5785 Vous devez le haïr, il vous coûte des pleurs,
