4080 6715
1111 475 3725 708 10 SCIPION L’AFRICAIN,

2159 789 2881 906 LEPIDE.

1110 968 3824 1163 S’il demande la paix, n’eſtes-vous pas le maître

1101 1114 2638 1284 D’accepter, d'imposer...

2027 1286 2919 1405 SCIPION.

2362 1424 3805 1599 Apprens à me connoître.

1102 1548 3510 1737 Si dans cette entreveuë il propoſe la paix,

1091 1690 3520 1880 Ma gloire me défend d’y conſentir jamais.

1101 1842 3671 2028 Quelques conditions que j'impoſe à Cartage,

1091 1986 3685 2171 Quand Rome la verroit reduite à l'eſclavage,

1088 2122 3666 2314 Je ne fais rien pour moy, ſi dans un jour fatal

1092 2266 3626 2456 Scipion n'eſt vainqueur de l'illuſtre Annibal:

1091 2412 3637 2602 Voila donc l'intereſt le premier de ma gloire;

1079 2556 3841 2749 J'en ay d’autres ſecrets que tu ne pouras croire,

1078 2698 3548 2884 Je ne ſçay ſi mon cœur ſe ſeroit démenty,

1078 2838 3384 3031 Je ſens ce que jamais je n’avois reſſenty.

2028 3008 2807 3130 LEPIDE.

1081 3132 2093 3299 Vous, Seigneur?

1951 3293 2842 3418 SCIPION.

1842 3437 3816 3605 Je te veux ouvrir toute mon ame,

1073 3562 3573 3755 Je ne ſçay ſi je dois donner le nom de flâme

1069 3712 3355 3891 A ce trouble mortel dont je ſuis agité;

1072 3852 3500 4040 Qu’on l’ignore à jamais dans la poſterité?

1068 3994 3882 4184 Que toy ſeul ſois témoin de ma foibleſſe extrême?

1061 4134 3694 4331 Lepide, quelquefois j’ay pitié de moy-même,

1057 4286 3689 4477 Je combats, mais en vain un rapide penchant,

1067 4428 3879 4618 Qui de tous mes efforts eſt toujours triomphant;

1064 4572 3520 4764 Je rougis d’en ſentir les mortelles atteintes,

1054 4716 3864 4908 J’ay voulu te cacher mon deſordre, mes craintes;

1058 4856 3651 5012 Mais il faut t’avoüer mon foible avec douleur.

1059 5004 3447 5189 La priſe de Zama coûte cher à mon cœur.

2051 5171 2816 5286 LEPIDE.

1050 5286 3796 5483 Je vous entends, Seigneur, des atteintes ſi vives

1072 5434 2168 5565 Sont de l’amour...
