4080 6707
1058 443 3727 653 26 SCIPION L’AFRICAIN,

1051 646 3704 822 Pour rendre ſa puiſſance & ſa gloire affermie,

1042 797 3533 966 Rome ne peut ſouffrir d’alliance ennemie,

1047 941 3592 1116 Syphax, ce Roy ſuperbe a payé cherement

1042 1093 3399 1256 La fatale douceur d’un tel engagement:

1037 1221 3863 1404 Il eſtoit nôtre amy; mais de dangereux charmes

1037 1374 3922 1548 Luy firent contre nous ſoudain prendre les armes,

1038 1526 3505 1694 Sophoniſbe luy plût, il devint ſon epoux,

1051 1664 3902 1832 (Madame, elle eſtoit belle, & moins belle que vous)

1036 1784 3499 1990 La fille d’Aſdrubal a donc ſçû le détruire,

1037 1957 3621 2134 Et vient de luy coûter la vie avec l’Empire;

1043 2103 3640 2280 D'un Chef Cartaginois, du fameux Hyerbal

1038 2251 3321 2424 Iſperie eſt la fille, & niéce d’Annibal,

1047 2394 3916 2562 Plus charmante cent fois, plus redoutable encore,

1046 2539 3640 2714 Et Rome fouffriroit quand Lucejus l’adore,

1058 2691 3301 2862 Qu’il unit à Cartage avec de tels liens

1057 2833 3554 3002 Tout le peuple nombreux des Celtiberiens;

1056 2979 3553 3148 Si Sophoniſbe ſeule a coûté trois batailles,

1051 3118 3916 3290 Combien coûteriez-vous de ſang, de funerailles?

1056 3269 3818 3438 Vous pouriez ſoûlever vingt Rois nos ennemis,

1052 3405 3097 3586 Unir Mandonius avecque Indibilis,

1057 3566 3520 3726 Et ſuſcitant à Rome une éternelle guerre,

1062 3704 3931 3882 Vos yeux pouroient contr’elle armer toute la terre.

2050 3940 2949 4056 ISPERIE.

1070 4136 3931 4318 Mais ſi la paix, Seigneur, par de plus doux projets

1071 4308 2540 4456 Pouvoit unir nu jour...

2089 4515 2920 4634 SCIPION.

2447 4716 3920 4875 Madame, point de paix,

1062 4858 3931 5038 Point d'accord, c'eſt en vain en former l’eſperance,

1067 5002 3926 5178 Il faut de Rome, il faut pourſuivre la vangeance,

1068 5152 3669 5324 On me l’a confiée, & j’en dois prendre ſoin,

1061 5304 3669 5476 Et ſi j’en crois mon cœur je la porteray loin,

1081 5464 2474 5622 Madame, vous pleurez.
