4080 6707
1176 409 3869 634 24 SCIPION L'AFRICAIN,

2128 712 3020 819 ISPERIE.

1168 912 3876 1065 Seroit-il des malheurs comparables aux ſiens?

1168 1060 3872 1219 Tout prêts à nous unir par les plus beaux liens,

1159 1204 3736 1364 Ce jeune Prince helas! attendoit la journée

1159 1350 3823 1504 Qui devoit couronner un pompeux hymenée,

1154 1494 3893 1649 Pardonnez-moy, Seigneur, ce triſte ſouvenir,

1150 1640 3654 1792 De ma memoire encor je ne puis le bannir,

1149 1784 3916 1939 C’eſt vous qui luy cauſez les malheurs de ſa vie,

1139 1926 3237 2081 Errant, infortune, ſeparé d'Iſperie,

1144 2078 3537 2230 Il nourit loin de moy d’inutiles regrets,

1140 2218 3630 2372 Peut-eſtre ſes tourmens ne finiront jamais;

1140 2368 3950 2521 Si vous aimiez, Seigneur, vous ſçauriez par vous-

1281 2523 1626 2628 même

1129 2656 3949 2819 Dans quel afreux tourment eſt un cœur quand il

1284 2819 1655 2940 aime,

1130 2944 3484 3107 Et qu’il eſt ſeparé de l’objet de ſes vœux?

1129 3098 3950 3253 Helas! qu’il eſt à plaindre? & qu’il eſt malheureux?

1133 3242 2511 3394 Que ſon triſte deſtin...

2089 3399 2927 3508 SCIPION.

2302 3540 3682 3694 Qu'il eſt digne d’envie!

1126 3680 3674 3832 Peut-on rien ajouter au bonheur de ſa vie?

1121 3826 3592 3984 Lucejus eſt choiſi pour eſtre vôtre epoux,

1115 3976 3721 4122 Il vous aime, & de plus il eſt aimé de vous.

1114 4112 3931 4279 Mais ç’en eſt trop, il faut combattre dans vôtre

1304 4305 1620 4394 ame,

1109 4412 3496 4567 Et bannir pour jamais cette inutile flâme.

2089 4569 2943 4676 ISPERIE.

1110 4708 2077 4859 Moy! Seigneur?

2036 4865 2908 4972 SCIPION.

1446 5007 3910 5157 Ouy, pour vous Rome a d’autres deſſeins,

1105 5144 3622 5302 Et puiſqu'il eſt enfin ennemy des Romains

1105 5294 3911 5469 Cet Amant, qu’il combat contre la Republique,

1092 5436 3781 5606 Tout s'opoſe à ſes vœux, raiſon, & politique,

3426 5613 3906 5721 Pouroit-
