4080 6741
1665 354 3066 532 PREFACE.

954 558 3873 848 action principale, qui eſt de vaincre

899 786 3858 1108 ſa paſſion, & de rendre ſa Maî¬

957 1082 3859 1360 treſſe à ſon Rival. Ariſtote nous

946 1342 3844 1636 aprend qu’on peut ajoûter quelque

943 1594 3842 1896 choſe de vray-ſemblable au vray;

949 1854 3867 2160 & il eſt vray-ſemblable que Scipion

934 2114 3833 2408 à l'âge de vingt-quatre ans, ayant

899 2374 3822 2671 pris la plus belle perſonne de l’Uni¬

925 2638 3819 2927 vers, ait éſté ſenſible à ſa beauté,

930 2882 3813 3195 & qu'il ait rendu quelques combats?

919 3158 3814 3447 avant que de la rendre à Lucejus

885 3418 3811 3711 Prince des Celtiberiens, à qui elle

914 3670 3833 3972 eſtoit promiſe. D'ailleurs ſi Scipion

908 3930 3818 4224 avoit remis ſa captive ſans la voir,

881 4190 3795 4491 ſon action n'auroit pas été ſi belle, que

886 4454 3789 4743 de la rendre aprés l'avoir veuë, &

884 4714 3826 5004 aprés en avoir eſté vivement touché;

881 4974 3636 5266 car comme dit le grand Corneille,

1082 5305 3643 5511 Ce n'eſt qu'en ces aſſauts qu’éclate la vertu,

1076 5479 3765 5660 Et l’on doute d'un cœur qui n'a point combatu.
