4080 6924
793 412 3200 640 TRAGEDIE, 19

273 627 3205 835 je le ſçais à preſent, & j'en rends grâce aux

473 829 911 959 Dieux,

259 929 2785 1128 Il faudra profiter & du temps & des lieux,

283 1093 2619 1275 Et ſi le Ciel répond à ce que je projete,

289 1221 3209 1417 Tout le Camp d'Annibal nous offre une retraite,

289 1367 3095 1573 Il n'eſt pas loin d’icy; mais fay voulu ſans luy

291 1522 3135 1725 Tenter ce grand effort que je fais aujourd’huy;

269 1672 2989 1872 Je craignois qu’Annibal par ſa lente prudence

275 1830 2845 2008 Ne ſervit mal ma flâme & mon impatience:

285 1968 3235 2145 Ainſi, ſans differer... Madame, vous tremblez,

285 2115 3236 2307 Vos ſens ſont interdits, vos eſprits ſont troublez,

291 2267 3219 2467 Vous ne répondez rien, & vous verſez des larmes.

1287 2441 2170 2566 ISPERIE.

295 2567 3238 2765 Que je reſſens pour vous de mortelles allarmes?

295 2715 3224 2913 Qu'allez-vous entreprendre? & qui peut m'aſſurer

289 2900 1148 3031 Du ſuccés....

1314 3033 2186 3200 LUCEJUS.

1086 3167 3228 3359 Ouy, Madame, il faut tout eſperer,

304 3318 3132 3523 A quiconque aime bien il n’eſt rien d'impoſſible,

299 3473 3236 3639 L'ardeur de vous ſervir doit me rendre invincible,

300 3623 3038 3807 Si le ſort me trahit, ou ſi je meurs au moins,

290 3771 3232 3957 Madame, vos beaux yeux en ſeront les témoins,

290 3923 3052 4109 J'auray fait mon devoir s’il m’en coûte la vie,

308 4075 2894 4261 Du moins je la perdray pour ſauver Iſperie.

1330 4241 2142 4364 ISPERIE.

304 4371 3242 4563 Et c'eſt ce que je crains, que pourez-vous, ah

504 4557 950 4671 Dieux?

306 4681 2738 4863 Vous allez attaquer un Camp victorieux,

316 4817 3238 5015 Vous perirez, Seigneur, & tout me le fait croire,

314 4978 2824 5139 Vous allez contre vous irriter la victoire,

308 5118 3178 5315 Je vous verray ſanglant, & tout percé de coups,

326 5293 1574 5457 Tomber peut-être...

1296 5435 2152 5596 LUCEJUS.

1190 5581 3058 5756 Helas! que mon ſort ſera doux

334 5740 1050 5907 Si je puis...
