4080 7015
866 478 3290 658 TRAGEDIE. 5

1246 702 2318 822 AURILCAR.

295 845 2957 1007 Vous avez penetré ce que veut ſa prudence,

289 1001 2883 1169 Une paix de Cartage eſt l'unique eſperance;

295 1153 3159 1309 Mais, Madame, que dit, & que fait Scipion?

315 1303 2933 1461 Son jeune cœur n'a-t-il que de l'ambition?

305 1455 3069 1603 Les charmes d'Erixene, ou les yeux d’Iſperie

299 1607 3271 1763 N'ont-ils pû rendre encor ſa grande ame attendrie?

305 1767 1107 1879 Pardonnez...

1277 1919 2227 2037 ERIXENE.

1413 2065 3285 2217 Apprenez un ſecret important,

315 2217 2771 2369 Sans doute Scipion n’eſt plus indifferent.

309 2369 3211 2521 Depuis peu dans ſon Camp ſa flâme eſt allumée.

309 2505 2989 2671 Bien que ſa paſſion dans ſon cœur renfermée

309 2671 3053 2817 Prenne ſoin à nos yeux toujours de ſe cacher,

315 2817 3089 2969 Qu’il faſſe des efforts en vain pour l’arracher,

309 2973 3291 3121 J’ay connu cependant, même par ſa contrainte,

315 3125 2989 3261 Que d’un feu violent ſon ame étoit atteinte.

1277 3275 2367 3393 AURILCAR.

325 3427 3095 3579 Il faut d'un tel ſecret qu'Annibal ſoit inſtruit,

319 3583 2993 3731 Sa prudence pouroit en tirer quelque fruit;

315 3729 2685 3883 Car ſi de Scipion on fléchit le courage,

319 3875 2923 4043 Il pouroit s’adoucir en faveur de Cartage.

319 4033 3165 4195 Hé quoy? ſi de l’amour il reſſentoit les coups?

319 4183 2933 4335 Et s’il étoit charmé d’Iſperie, ou de vous,

329 4335 2933 4487 Sans doute que la paix en ſeroit plus facile.

1307 4491 2221 4603 ERIXENE.

329 4637 3003 4789 À connoître les cœurs je ne ſuis pas habile;

325 4789 3195 4941 Mais j’ay crû dêmeſler dans ſon trouble ſecret,

335 4945 3255 5107 Qu'il aime une des deux, & qu'il l’aime à regret;

339 5091 3321 5243 Plus j'obſerve pour nous ſes yeux & ſa conduite,

335 5237 3331 5405 Plus je vois qu’il nous cherche alors qu’il nous

515 5395 865 5511 évite;

345 5545 3327 5703 Quand il nous voit enſemble il demeure interdit,

339 5687 2873 5859 Il rougit quelquefois de honte & de dépit

2573 5859 2873 6005 A iij
