<?xml version="1.0" encoding="UTF-8"?>
<PcGts xmlns="http://schema.primaresearch.org/PAGE/gts/pagecontent/2013-07-15" xmlns:xsi="http://www.w3.org/2001/XMLSchema-instance" xmlns:xs="http://www.w3.org/2001/XMLSchema" xmlns:pr="http://schema.primaresearch.org/PAGE/gts/pagecontent/2013-07-15" xsi:schemaLocation="http://schema.primaresearch.org/PAGE/gts/pagecontent/2013-07-15 http://schema.primaresearch.org/PAGE/gts/pagecontent/2013-07-15/pagecontent.xsd">
  <Metadata>
        <Creator/>
        <Created>2019-01-26T18:27:45.102+01:00</Created>
        <LastChange>2019-02-13T18:05:07.418+01:00</LastChange>
        <Comments>
                Measurement unit: pixel
                PrimaryLanguage: English
                Language: FrenchStandard
                Producer: ABBYY FineReader Engine 11</Comments>
        <TranskribusMetadata docId="148986" pageId="5537849" pageNr="19" tsid="9263060" status="DONE" userId="10612" imgUrl="https://files.transkribus.eu/Get?id=OMMZLENXWHSNLMMILLYSXWMW&amp;fileType=view" xmlUrl="https://files.transkribus.eu/Get?id=ARVUWHXOAQRBIYFBWXUKRNTI" imageId="2612091"/>
    </Metadata>
  <Page imageFilename="Pradon1697_Oeuvres_bpt6k857200c_cropped_corrected_0019.png" imageWidth="4080" imageHeight="6996">
    <PrintSpace>
            <Coords points="236,0 3946,0 3946,6445 236,6445"/>
        </PrintSpace>
    <ReadingOrder>
            <OrderedGroup id="ro_1604218644559" caption="Regions reading order">
                <RegionRefIndexed index="0" regionRef="r_2_1"/>
                <RegionRefIndexed index="1" regionRef="r_2_2"/>
                <RegionRefIndexed index="2" regionRef="r_2_3"/>
                <RegionRefIndexed index="3" regionRef="r_2_4"/>
                <RegionRefIndexed index="4" regionRef="r_2_5"/>
                <RegionRefIndexed index="5" regionRef="r_2_6"/>
                <RegionRefIndexed index="6" regionRef="r_2_7"/>
                <RegionRefIndexed index="7" regionRef="r_2_8"/>
                <RegionRefIndexed index="8" regionRef="r_2_9"/>
                <RegionRefIndexed index="9" regionRef="r_2_10"/>
                <RegionRefIndexed index="10" regionRef="r_2_11"/>
                <RegionRefIndexed index="11" regionRef="r_2_12"/>
                <RegionRefIndexed index="12" regionRef="r_2_13"/>
                <RegionRefIndexed index="13" regionRef="r_2_14"/>
                <RegionRefIndexed index="14" regionRef="r_2_15"/>
                <RegionRefIndexed index="15" regionRef="r_2_16"/>
                <RegionRefIndexed index="16" regionRef="r_2_17"/>
                <RegionRefIndexed index="17" regionRef="r_2_18"/>
                <RegionRefIndexed index="18" regionRef="r_2_19"/>
            </OrderedGroup>
        </ReadingOrder>
    <TextRegion type="paragraph" id="r_2_1" custom="readingOrder {index:0;}">
      <Coords points="900,501 3242,501 3242,698 900,698"/>
      <TextLine id="tl_2" primaryLanguage="English" custom="structure {type:default;} readingOrder {index:0;}">
        <Coords points="901,502 3241,502 3241,697 901,697"/>
        <Baseline points="901,678 2509,668 3241,697"/>
        <Word id="w_w2aab1b3b2b1b1ab1">
          <Coords points="901,502 3241,502 3241,697 901,697"/>
          <TextEquiv>
            <Unicode>TRAGEDIE. 3</Unicode>
          </TextEquiv>
          <TextStyle fontFamily="Times New Roman" fontSize="19.0"/>
        </Word>
      </TextLine>
    </TextRegion>
    <TextRegion type="paragraph" id="r_2_2" custom="readingOrder {index:1;}">
      <Coords points="283,707 2931,707 2931,863 283,863"/>
      <TextLine id="tl_3" primaryLanguage="English" custom="structure {type:default;} readingOrder {index:0;}">
        <Coords points="284,708 2930,708 2930,862 284,862"/>
        <Baseline points="284,858 410,848 998,843 1164,843 1578,844 1754,838 2106,833 2272,833 2494,829 2834,823 2930,840"/>
        <Word id="w_w2aab1b3b2b3b1ab1">
          <Coords points="284,708 2930,708 2930,862 284,862"/>
          <TextEquiv>
            <Unicode>Et contraint ce Heros de voler en ces lieux,</Unicode>
          </TextEquiv>
          <TextStyle fontFamily="Times New Roman" fontSize="11.0"/>
        </Word>
      </TextLine>
    </TextRegion>
    <TextRegion type="paragraph" id="r_2_3" custom="readingOrder {index:2;}">
      <Coords points="283,863 3089,863 3089,1027 283,1027"/>
      <TextLine id="tl_4" primaryLanguage="English" custom="structure {type:default;} readingOrder {index:0;}">
        <Coords points="284,864 3088,864 3088,1026 284,1026"/>
        <Baseline points="284,1004 566,1005 1104,995 1200,995 1422,994 1724,990 1896,988 2196,985 2398,985 2628,975 3088,968"/>
        <Word id="w_w2aab1b3b2b5b1ab1">
          <Coords points="284,864 3088,864 3088,1026 284,1026"/>
          <TextEquiv>
            <Unicode>Pour défendre à ſon tour ſa patrie &amp; ſes Dieux.</Unicode>
          </TextEquiv>
        </Word>
      </TextLine>
    </TextRegion>
    <TextRegion type="paragraph" id="r_2_4" custom="readingOrder {index:3;}">
      <Coords points="1280,1097 2093,1097 2093,1212 1280,1212"/>
      <TextLine id="tl_5" primaryLanguage="English" custom="structure {type:default;} readingOrder {index:0;}">
        <Coords points="1281,1098 2092,1098 2092,1211 1281,1211"/>
        <Baseline points="1281,1206 2091,1201"/>
        <Word id="w_w2aab1b3b2b7b1ab1">
          <Coords points="1281,1098 2092,1098 2092,1211 1281,1211"/>
          <TextEquiv>
            <Unicode>LEPIDE.</Unicode>
          </TextEquiv>
          <TextStyle fontFamily="Times New Roman" fontSize="11.0"/>
        </Word>
      </TextLine>
    </TextRegion>
    <TextRegion type="paragraph" id="r_2_5" custom="readingOrder {index:4;}">
      <Coords points="267,1301 3244,1301 3244,2829 267,2829"/>
      <TextLine id="tl_6" primaryLanguage="English" custom="structure {type:default;} readingOrder {index:0;}">
        <Coords points="283,1302 3243,1302 3243,1470 283,1470"/>
        <Baseline points="283,1432 471,1431 917,1427 999,1447 1557,1422 1637,1446 1985,1420 2553,1415 3243,1422"/>
        <Word id="w_w2aab1b3b2b9b1ab1">
          <Coords points="283,1302 3243,1302 3243,1470 283,1470"/>
          <TextEquiv>
            <Unicode>S’il acheve, Seigneur, cette heureuſe campagne,</Unicode>
          </TextEquiv>
          <TextStyle fontFamily="Times New Roman" fontSize="11.0"/>
        </Word>
      </TextLine>
      <TextLine id="tl_7" primaryLanguage="English" custom="structure {type:default;} readingOrder {index:1;}">
        <Coords points="277,1448 3137,1448 3137,1622 277,1622"/>
        <Baseline points="277,1578 575,1577 1195,1573 1321,1574 1607,1572 1799,1572 2121,1573 2301,1567 2503,1567 3047,1558 3137,1552"/>
        <Word id="w_w2aab1b3b2b9b3ab1">
          <Coords points="277,1448 3137,1448 3137,1622 277,1622"/>
          <TextEquiv>
            <Unicode>Dans l'Affrique il fera ce qu'il fit en Eſpagne:</Unicode>
          </TextEquiv>
          <TextStyle fontFamily="Times New Roman" fontSize="11.0"/>
        </Word>
      </TextLine>
      <TextLine id="tl_8" primaryLanguage="English" custom="structure {type:default;} readingOrder {index:2;}">
        <Coords points="277,1598 3243,1598 3243,1772 277,1772"/>
        <Baseline points="277,1724 451,1729 671,1723 953,1729 1471,1728 1809,1724 2071,1725 2277,1719 2579,1719 3169,1708 3243,1728"/>
        <Word id="w_w2aab1b3b2b9b5ab1">
          <Coords points="277,1598 3243,1598 3243,1772 277,1772"/>
          <TextEquiv>
            <Unicode>Un des plus puiſſans Rois qui fut dans l’Univers,</Unicode>
          </TextEquiv>
          <TextStyle fontFamily="Times New Roman" fontSize="11.0"/>
        </Word>
      </TextLine>
      <TextLine id="tl_9" primaryLanguage="English" custom="structure {type:default;} readingOrder {index:3;}">
        <Coords points="268,1750 2729,1750 2729,1921 268,1921"/>
        <Baseline points="269,1874 873,1875 1407,1880 1829,1918 2147,1875 2373,1875 2633,1869 2729,1895"/>
        <Word id="w_w2aab1b3b2b9b7ab1">
          <Coords points="268,1750 2729,1750 2729,1921 268,1921"/>
          <TextEquiv>
            <Unicode>L’infidelle Syphax a pery dans ſes fers,</Unicode>
          </TextEquiv>
          <TextStyle fontFamily="Times New Roman" fontSize="11.0"/>
        </Word>
      </TextLine>
      <TextLine id="tl_10" primaryLanguage="English" custom="structure {type:default;} readingOrder {index:4;}">
        <Coords points="272,1904 3042,1904 3042,2068 272,2068"/>
        <Baseline points="272,2026 798,2025 978,2031 1446,2030 1678,2030 2076,2031 2428,2025 3042,2036"/>
        <Word id="w_w2aab1b3b2b9b9ab1">
          <Coords points="272,1904 3042,1904 3042,2068 272,2068"/>
          <TextEquiv>
            <Unicode>Aſdrubal &amp; Xantus ont perdu trois batailles,</Unicode>
          </TextEquiv>
          <TextStyle fontFamily="Times New Roman" fontSize="11.0"/>
        </Word>
      </TextLine>
      <TextLine id="tl_11" primaryLanguage="English" custom="structure {type:default;} readingOrder {index:5;}">
        <Coords points="272,2056 3122,2056 3122,2222 272,2222"/>
        <Baseline points="272,2180 742,2177 924,2181 1230,2181 1546,2182 1728,2182 2014,2180 2196,2177 2408,2177 3032,2162 3122,2186"/>
        <Word id="w_w2aab1b3b2b9c11ab1">
          <Coords points="272,2056 3122,2056 3122,2222 272,2222"/>
          <TextEquiv>
            <Unicode>Cartage va nous voir au pied de ſes murailles,</Unicode>
          </TextEquiv>
          <TextStyle fontFamily="Times New Roman" fontSize="11.0"/>
        </Word>
      </TextLine>
      <TextLine id="tl_12" primaryLanguage="English" custom="structure {type:default;} readingOrder {index:6;}">
        <Coords points="272,2212 3042,2212 3042,2370 272,2370"/>
        <Baseline points="272,2328 590,2327 1074,2327 1360,2332 1556,2332 2226,2327 3042,2354"/>
        <Word id="w_w2aab1b3b2b9c13ab1">
          <Coords points="272,2212 3042,2212 3042,2370 272,2370"/>
          <TextEquiv>
            <Unicode>Cette ſuperbe ville eſt contrainte aujourd'hui</Unicode>
          </TextEquiv>
          <TextStyle fontFamily="Times New Roman" fontSize="11.0"/>
        </Word>
      </TextLine>
      <TextLine id="tl_13" primaryLanguage="English" custom="structure {type:default;} readingOrder {index:7;}">
        <Coords points="272,2370 2966,2370 2966,2526 272,2526"/>
        <Baseline points="272,2478 898,2479 1402,2488 1734,2484 1960,2518 2342,2479 2876,2514 2966,2498"/>
        <Word id="w_w2aab1b3b2b9c15ab1">
          <Coords points="272,2370 2966,2370 2966,2526 272,2526"/>
          <TextEquiv>
            <Unicode>D’appeller Annibal pour luy ſervir d’appuy,</Unicode>
          </TextEquiv>
          <TextStyle fontFamily="Times New Roman" fontSize="11.0"/>
        </Word>
      </TextLine>
      <TextLine id="tl_14" primaryLanguage="English" custom="structure {type:default;} readingOrder {index:8;}">
        <Coords points="278,2518 3152,2518 3152,2676 278,2676"/>
        <Baseline points="278,2630 344,2630 718,2629 858,2629 1336,2630 1412,2656 1526,2640 1840,2630 2120,2629 2276,2629 2654,2629 3152,2614"/>
        <Word id="w_w2aab1b3b2b9c17ab1">
          <Coords points="278,2518 3152,2518 3152,2676 278,2676"/>
          <TextEquiv>
            <Unicode>Scipion la menace, &amp; l’on voit ce grand homme</Unicode>
          </TextEquiv>
        </Word>
      </TextLine>
      <TextLine id="tl_15" primaryLanguage="English" custom="structure {type:default;} readingOrder {index:9;}">
        <Coords points="271,2666 3102,2666 3102,2828 271,2828"/>
        <Baseline points="271,2780 499,2821 911,2781 1199,2781 1693,2820 2398,2781 2573,2781 2668,2785 3101,2776"/>
        <Word id="w_w2aab1b3b2b9c19ab1">
          <Coords points="271,2666 3102,2666 3102,2828 271,2828"/>
          <TextEquiv>
            <Unicode>Luy rendre tout l’effroy qu’Annibal fit à Rome.</Unicode>
          </TextEquiv>
          <TextStyle fontFamily="Times New Roman" fontSize="11.0"/>
        </Word>
      </TextLine>
    </TextRegion>
    <TextRegion type="paragraph" id="r_2_6" custom="readingOrder {index:5;}">
      <Coords points="1208,2828 2308,2828 2308,2948 1208,2948"/>
      <TextLine id="tl_16" primaryLanguage="English" custom="structure {type:default;} readingOrder {index:0;}">
        <Coords points="1209,2829 2307,2829 2307,2947 1209,2947"/>
        <Baseline points="1209,2932 1291,2932 1465,2942 1617,2946 1717,2932 1995,2940 2121,2937 2307,2931"/>
        <Word id="w_w2aab1b3b2c11b1ab1">
          <Coords points="1209,2829 2307,2829 2307,2947 1209,2947"/>
          <TextEquiv>
            <Unicode>AURILCAR.</Unicode>
          </TextEquiv>
          <TextStyle fontFamily="Times New Roman" fontSize="11.0"/>
        </Word>
      </TextLine>
    </TextRegion>
    <TextRegion type="paragraph" id="r_2_7" custom="readingOrder {index:6;}">
      <Coords points="266,2971 2936,2971 2936,3125 266,3125"/>
      <TextLine id="tl_17" primaryLanguage="English" custom="structure {type:default;} readingOrder {index:0;}">
        <Coords points="267,2972 2935,2972 2935,3124 267,3124"/>
        <Baseline points="267,3082 365,3082 721,3087 1527,3092 2327,3083 2467,3083 2935,3108"/>
        <Word id="w_w2aab1b3b2c13b1ab1">
          <Coords points="267,2972 2935,2972 2935,3124 267,3124"/>
          <TextEquiv>
            <Unicode>Il vient de ſes ſuccés interrompre le cours,</Unicode>
          </TextEquiv>
          <TextStyle fontFamily="Times New Roman" fontSize="11.0"/>
        </Word>
      </TextLine>
    </TextRegion>
    <TextRegion type="paragraph" id="r_2_8" custom="readingOrder {index:7;}">
      <Coords points="266,3119 2786,3119 2786,3280 266,3280"/>
      <TextLine id="tl_18" primaryLanguage="English" custom="structure {type:default;} readingOrder {index:0;}">
        <Coords points="267,3120 2785,3120 2785,3279 267,3279"/>
        <Baseline points="267,3234 399,3228 917,3239 1023,3233 1663,3234 1869,3234 2251,3233 2785,3237"/>
        <Word id="w_w2aab1b3b2c15b1ab1">
          <Coords points="267,3120 2785,3120 2785,3279 267,3279"/>
          <TextEquiv>
            <Unicode>Et promet à l’Affrique un fidele ſecours.</Unicode>
          </TextEquiv>
          <TextStyle fontFamily="Times New Roman" fontSize="11.0"/>
        </Word>
      </TextLine>
    </TextRegion>
    <TextRegion type="paragraph" id="r_2_9" custom="readingOrder {index:8;}">
      <Coords points="267,3271 3244,3271 3244,3844 267,3844"/>
      <TextLine id="tl_19" primaryLanguage="English" custom="structure {type:default;} readingOrder {index:0;}">
        <Coords points="277,3272 3243,3272 3243,3414 277,3414"/>
        <Baseline points="277,3388 495,3385 813,3385 1089,3389 1663,3384 1909,3384 2559,3389 3243,3414"/>
        <Word id="w_w2aab1b3b2c17b1ab1">
          <Coords points="277,3272 3243,3272 3243,3414 277,3414"/>
          <TextEquiv>
            <Unicode>Son nom ſeul raffermit nos Provinces craintives;</Unicode>
          </TextEquiv>
          <TextStyle fontFamily="Times New Roman" fontSize="11.0"/>
        </Word>
      </TextLine>
      <TextLine id="tl_20" primaryLanguage="English" custom="structure {type:default;} readingOrder {index:1;}">
        <Coords points="268,3422 3127,3422 3127,3582 268,3582"/>
        <Baseline points="268,3530 555,3535 1049,3535 1793,3536 2051,3537 2569,3541 3127,3546"/>
        <Word id="w_w2aab1b3b2c17b3ab1">
          <Coords points="268,3422 3127,3422 3127,3582 268,3582"/>
          <TextEquiv>
            <Unicode>Mais puis-je m’informer des illuſtres captives</Unicode>
          </TextEquiv>
          <TextStyle fontFamily="Times New Roman" fontSize="11.0"/>
        </Word>
      </TextLine>
      <TextLine id="tl_21" primaryLanguage="English" custom="structure {type:default;} readingOrder {index:2;}">
        <Coords points="268,3568 3242,3568 3242,3730 268,3730"/>
        <Baseline points="268,3714 526,3681 938,3685 1194,3685 1732,3686 1934,3686 2412,3685 2710,3691 2946,3696 3242,3712"/>
        <Word id="w_w2aab1b3b2c17b5ab1">
          <Coords points="268,3568 3242,3568 3242,3730 268,3730"/>
          <TextEquiv>
            <Unicode>Que Zama pris d’aſſaut vit tomber dans vos fers;</Unicode>
          </TextEquiv>
          <TextStyle fontFamily="Times New Roman" fontSize="11.0"/>
        </Word>
      </TextLine>
      <TextLine id="tl_22" primaryLanguage="English" custom="structure {type:default;} readingOrder {index:3;}">
        <Coords points="268,3722 2764,3722 2764,3843 268,3843"/>
        <Baseline points="268,3832 414,3830 792,3837 1426,3832 1632,3836 2160,3837 2658,3841 2764,3841"/>
        <Word id="w_w2aab1b3b2c17b7ab1">
          <Coords points="268,3722 2764,3722 2764,3843 268,3843"/>
          <TextEquiv>
            <Unicode>La Niéce d’Annibal les a-t-elle ſouffers?</Unicode>
          </TextEquiv>
          <TextStyle fontFamily="Times New Roman" fontSize="11.0"/>
        </Word>
      </TextLine>
    </TextRegion>
    <TextRegion type="paragraph" id="r_2_10" custom="readingOrder {index:9;}">
      <Coords points="271,3875 2927,3875 2927,4031 271,4031"/>
      <TextLine id="tl_23" primaryLanguage="English" custom="structure {type:default;} readingOrder {index:0;}">
        <Coords points="272,3876 2926,3876 2926,4030 272,4030"/>
        <Baseline points="272,3978 404,3978 556,3983 892,3987 1536,3988 1648,4014 1830,3992 2322,3987 2840,3998 2926,4018"/>
        <Word id="w_w2aab1b3b2c19b1ab1">
          <Coords points="272,3876 2926,3876 2926,4030 272,4030"/>
          <TextEquiv>
            <Unicode>Et la Fille d’Hannon, la ſuperbe Erixene,</Unicode>
          </TextEquiv>
          <TextStyle fontFamily="Times New Roman" fontSize="11.0"/>
        </Word>
      </TextLine>
    </TextRegion>
    <TextRegion type="paragraph" id="r_2_11" custom="readingOrder {index:10;}">
      <Coords points="267,4025 2937,4025 2937,4300 267,4300"/>
      <TextLine id="tl_24" primaryLanguage="English" custom="structure {type:default;} readingOrder {index:0;}">
        <Coords points="268,4026 2936,4026 2936,4186 268,4186"/>
        <Baseline points="268,4134 808,4133 1574,4138 1688,4138 2122,4135 2388,4139 2936,4150"/>
        <Word id="w_w2aab1b3b2c21b1ab1">
          <Coords points="268,4026 2936,4026 2936,4186 268,4186"/>
          <TextEquiv>
            <Unicode>S'eſt-elle accoûtumée à porter une chaîne?</Unicode>
          </TextEquiv>
          <TextStyle fontFamily="Times New Roman" fontSize="11.0"/>
        </Word>
      </TextLine>
      <TextLine id="tl_25" primaryLanguage="English" custom="structure {type:default;} readingOrder {index:1;}">
        <Coords points="1329,4188 2110,4188 2110,4299 1329,4299"/>
        <Baseline points="1330,4290 2110,4285"/>
        <Word id="w_w2aab1b3b2c21b3ab1">
          <Coords points="1329,4188 2110,4188 2110,4299 1329,4299"/>
          <TextEquiv>
            <Unicode>LEPIDE.</Unicode>
          </TextEquiv>
          <TextStyle fontFamily="Times New Roman" fontSize="11.0"/>
        </Word>
      </TextLine>
    </TextRegion>
    <TextRegion type="paragraph" id="r_2_12" custom="readingOrder {index:11;}">
      <Coords points="256,4321 3234,4321 3234,4635 256,4635"/>
      <TextLine id="tl_26" primaryLanguage="English" custom="structure {type:default;} readingOrder {index:0;}">
        <Coords points="267,4322 3233,4322 3233,4488 267,4488"/>
        <Baseline points="267,4460 525,4431 801,4435 1249,4442 1351,4462 1949,4446 2029,4460 2257,4441 2633,4441 2729,4445 3233,4450"/>
        <Word id="w_w2aab1b3b2c23b1ab1">
          <Coords points="267,4322 3233,4322 3233,4488 267,4488"/>
          <TextEquiv>
            <Unicode>Que leur chaîne, Seigneur, eſt facile à porter?</Unicode>
          </TextEquiv>
          <TextStyle fontFamily="Times New Roman" fontSize="11.0"/>
        </Word>
      </TextLine>
      <TextLine id="tl_27" primaryLanguage="English" custom="structure {type:default;} readingOrder {index:1;}">
        <Coords points="257,4474 2855,4474 2855,4634 257,4634"/>
        <Baseline points="257,4592 539,4587 783,4587 1003,4587 1437,4588 1677,4592 1903,4602 2207,4597 2855,4618"/>
        <Word id="w_w2aab1b3b2c23b3ab1">
          <Coords points="257,4474 2855,4474 2855,4634 257,4634"/>
          <TextEquiv>
            <Unicode>Elles ont des vertus qui les font reſpecter,</Unicode>
          </TextEquiv>
          <TextStyle fontFamily="Times New Roman" fontSize="11.0"/>
        </Word>
      </TextLine>
    </TextRegion>
    <TextRegion type="paragraph" id="r_2_13" custom="readingOrder {index:12;}">
      <Coords points="256,4629 2966,4629 2966,4791 256,4791"/>
      <TextLine id="tl_28" primaryLanguage="English" custom="structure {type:default;} readingOrder {index:0;}">
        <Coords points="257,4630 2965,4630 2965,4790 257,4790"/>
        <Baseline points="257,4732 429,4736 833,4777 1023,4737 1507,4738 1809,4748 2111,4749 2875,4748 2965,4768"/>
        <Word id="w_w2aab1b3b2c25b1ab1">
          <Coords points="257,4630 2965,4630 2965,4790 257,4790"/>
          <TextEquiv>
            <Unicode>Au Camp de Scipion elles ſont ſouveraines,</Unicode>
          </TextEquiv>
          <TextStyle fontFamily="Times New Roman" fontSize="11.0"/>
        </Word>
      </TextLine>
    </TextRegion>
    <TextRegion type="paragraph" id="r_2_14" custom="readingOrder {index:13;}">
      <Coords points="258,4775 3184,4775 3184,5097 258,5097"/>
      <TextLine id="tl_29" primaryLanguage="English" custom="structure {type:default;} readingOrder {index:0;}">
        <Coords points="263,4776 3183,4776 3183,4940 263,4940"/>
        <Baseline points="263,4882 355,4878 551,4885 919,4889 1205,4893 1603,4888 1789,4894 2297,4899 2675,4899 3111,4900 3183,4924"/>
        <Word id="w_w2aab1b3b2c27b1ab1">
          <Coords points="263,4776 3183,4776 3183,4940 263,4940"/>
          <TextEquiv>
            <Unicode>Il les traite bien moins en eſclaves qu’en Reines,</Unicode>
          </TextEquiv>
          <TextStyle fontFamily="Times New Roman" fontSize="11.0"/>
        </Word>
      </TextLine>
      <TextLine id="tl_30" primaryLanguage="English" custom="structure {type:default;} readingOrder {index:1;}">
        <Coords points="259,4932 3041,4932 3041,5096 259,5096"/>
        <Baseline points="259,5034 355,5034 561,5035 843,5039 1009,5039 1397,5050 1805,5050 2111,5049 2301,5049 3041,5074"/>
        <Word id="w_w2aab1b3b2c27b3ab1">
          <Coords points="259,4932 3041,4932 3041,5096 259,5096"/>
          <TextEquiv>
            <Unicode>Il n’a plus de fierté ſi-tôt qu’il eſt vainqueur,</Unicode>
          </TextEquiv>
          <TextStyle fontFamily="Times New Roman" fontSize="11.0"/>
        </Word>
      </TextLine>
    </TextRegion>
    <TextRegion type="paragraph" id="r_2_15" custom="readingOrder {index:14;}">
      <Coords points="265,5069 2772,5069 2772,5248 265,5248"/>
      <TextLine id="tl_31" primaryLanguage="English" custom="structure {type:default;} readingOrder {index:0;}">
        <Coords points="266,5070 2771,5070 2771,5247 266,5247"/>
        <Baseline points="266,5186 404,5184 773,5191 848,5211 1008,5191 1612,5200 2080,5201 2276,5201 2770,5209"/>
        <Word id="w_w2aab1b3b2c29b1ab1">
          <Coords points="266,5070 2771,5070 2771,5247 266,5247"/>
          <TextEquiv>
            <Unicode>Sa bonté, ſa clemence égalent ſa valeur;</Unicode>
          </TextEquiv>
          <TextStyle fontFamily="Times New Roman" fontSize="11.0"/>
        </Word>
      </TextLine>
    </TextRegion>
    <TextRegion type="paragraph" id="r_2_16" custom="readingOrder {index:15;}">
      <Coords points="261,5227 3209,5227 3209,5546 261,5546"/>
      <TextLine id="tl_32" primaryLanguage="English" custom="structure {type:default;} readingOrder {index:0;}">
        <Coords points="262,5228 3208,5228 3208,5398 262,5398"/>
        <Baseline points="262,5336 586,5357 812,5341 1104,5347 1356,5352 1838,5356 2020,5352 2232,5351 2694,5355 3208,5376"/>
        <Word id="w_w2aab1b3b2c31b1ab1">
          <Coords points="262,5228 3208,5228 3208,5398 262,5398"/>
          <TextEquiv>
            <Unicode>Oüy, ſon bras aux vaincus ne fut jamais funeſte,</Unicode>
          </TextEquiv>
          <TextStyle fontFamily="Times New Roman" fontSize="11.0"/>
        </Word>
      </TextLine>
      <TextLine id="tl_33" primaryLanguage="English" custom="structure {type:default;} readingOrder {index:1;}">
        <Coords points="262,5380 2810,5380 2810,5545 262,5545"/>
        <Baseline points="262,5482 434,5496 902,5497 1058,5497 1310,5502 1618,5508 1788,5502 2206,5503 2730,5507 2810,5527"/>
        <Word id="w_w2aab1b3b2c31b3ab1">
          <Coords points="262,5380 2810,5380 2810,5545 262,5545"/>
          <TextEquiv>
            <Unicode>La victoire ne ſert qu'à le rendre modeſte,</Unicode>
          </TextEquiv>
          <TextStyle fontFamily="Times New Roman" fontSize="11.0"/>
        </Word>
      </TextLine>
    </TextRegion>
    <TextRegion type="paragraph" id="r_2_17" custom="readingOrder {index:16;}">
      <Coords points="261,5529 2665,5529 2665,5680 261,5680"/>
      <TextLine id="tl_34" primaryLanguage="English" custom="structure {type:default;} readingOrder {index:0;}">
        <Coords points="262,5530 2664,5530 2664,5679 262,5679"/>
        <Baseline points="262,5628 526,5639 828,5643 978,5649 1486,5654 1628,5658 1924,5658 2594,5659 2664,5679"/>
        <Word id="w_w2aab1b3b2c33b1ab1">
          <Coords points="262,5530 2664,5530 2664,5679 262,5679"/>
          <TextEquiv>
            <Unicode>Egal dans la fortune &amp; dans l’adverſité,</Unicode>
          </TextEquiv>
          <TextStyle fontFamily="Times New Roman" fontSize="11.0"/>
        </Word>
      </TextLine>
    </TextRegion>
    <TextRegion type="paragraph" id="r_2_18" custom="readingOrder {index:17;}">
      <Coords points="267,5675 2711,5675 2711,5852 267,5852"/>
      <TextLine id="tl_35" primaryLanguage="English" custom="structure {type:default;} readingOrder {index:0;}">
        <Coords points="268,5676 2710,5676 2710,5851 268,5851"/>
        <Baseline points="268,5774 316,5774 752,5835 1658,5810 1764,5810 1930,5814 2710,5815"/>
        <Word id="w_w2aab1b3b2c35b1ab1">
          <Coords points="268,5676 2710,5676 2710,5851 268,5851"/>
          <TextEquiv>
            <Unicode>Il n’eſt jamais ſuperbe en la proſperité.</Unicode>
          </TextEquiv>
        </Word>
      </TextLine>
    </TextRegion>
    <TextRegion type="paragraph" id="r_2_19" custom="readingOrder {index:18;}">
      <Coords points="2480,5862 2711,5862 2711,6012 2480,6012"/>
      <TextLine id="tl_36" primaryLanguage="English" custom="structure {type:default;} readingOrder {index:0;}">
        <Coords points="2481,5863 2710,5863 2710,6011 2481,6011"/>
        <Baseline points="2481,5971 2710,6011"/>
        <Word id="w_w2aab1b3b2c37b1ab1">
          <Coords points="2481,5863 2710,5863 2710,6011 2481,6011"/>
          <TextEquiv>
            <Unicode>A ij</Unicode>
          </TextEquiv>
          <TextStyle fontFamily="Times New Roman" fontSize="11.0"/>
        </Word>
      </TextLine>
    </TextRegion>
    <SeparatorRegion id="r_4" custom="readingOrder {index:19;}">
            <Coords points="3868,0 3931,0 3931,1068 3868,1068"/>
        </SeparatorRegion>
    <SeparatorRegion id="r_5" custom="readingOrder {index:20;}">
            <Coords points="3880,5912 3896,5912 3896,6296 3880,6296"/>
        </SeparatorRegion>
    <SeparatorRegion id="r_6" custom="readingOrder {index:21;}">
            <Coords points="3918,1068 3946,1068 3946,2180 3918,2180"/>
        </SeparatorRegion>
  </Page>
</PcGts>
