4080 7033
809 435 2558 626 TRAGEDIE.

3085 472 3186 632 7

801 1247 2589 1470 SCENE III.

234 1676 3183 1877 SCIPION, LEPIDE, AURILCAR.

1176 2037 2045 2161 SCIPION.

253 2312 3207 2621 ESt-il donc vray, Seigneur, ce qu’on vient de

573 2495 1408 2650 m'apprendre,

250 2631 3082 2808 Que le grand Annibal cherche à m’entretenir?

1148 2795 2197 2918 AURILCAR.

243 2930 3006 3110 Seigneur, ſur ce ſujet je viens vous prévenir,

244 3095 2672 3256 Occupé tout entier du ſoin de ſa patrie,

244 3229 3193 3410 Annibal, par ma bouche aujourd'hui vous en prie;

249 3396 2440 3562 Une telle entreveuë utile à ſon païs,

244 3550 2890 3710 Et même neceſſaire à tous les deux partis,

248 3701 3127 3870 Pouroit en ce grand jour décidant de la guerre,

249 3855 2810 4022 Donner un plein repos au reſte de la terre.

1240 4020 2129 4135 SCIPION.

248 4148 2939 4322 Annibal me ſurprend par ce nouveau deſſein,

239 4299 2784 4474 Je ne le croyois voir que le fer à la main,

250 4454 2592 4600 Et ſeur de ſa valeur & de ſa renommée,

238 4602 2891 4766 Je l'attendois toujours en tête d’une Armée.

1139 4772 2192 4894 AURILCAR.

244 4902 2996 5076 Elle approche de vous, & marche ſur ſes pas;

244 5071 2819 5224 Avant que de tenter le deſtin des combats,

249 5208 2906 5384 Il a cru pour le bien de chaque Republique,

250 5367 2752 5542 Qu'il devoit avec vous en ſage politique,

250 5518 2547 5654 Examiner à fonds les divers intereſts

249 5669 3112 5846 Qui troublent nos Etats par des reſſors ſecrets,
