4080 7051
3022 576 3127 737 9

802 532 2503 709 TRAGEDIE.

1047 750 2140 880 AURILCAR.

199 906 1640 1076 Seigneur, c’en eſt aſſez.

1188 1065 2066 1180 SCIPION.

1638 1199 3129 1366 Allez, je vais l’attendre,

193 1352 2934 1530 Je me fais un plaiſir de le voir, de l'entendre,

194 1509 2901 1684 Mais preſſez l'entreveuë où j’ay dû conſentir,

189 1667 2422 1842 Et voyez Iſperie avant que de partir.

688 2407 2561 2642 SCENE IV.

621 2814 2716 3013 SCIPION, LEPIDE.

1266 3176 2187 3294 SCIPION

208 3311 2832 3622 LEpide, que crois-tu de cette conference

447 3453 3166 3638 Qu’Annibal me demande avecque tant d'inſ¬

392 3675 783 3763 tance;

209 3779 2862 3930 Son invincible bras, la terreur des Romains,

210 3899 3177 4102 Son grand coeur, ſa conduite, & ſes vaſtes deſſeins

209 4085 2888 4254 Avoient mis l’Italie aux bords du précipice,

204 4233 2862 4402 Long-temps de la fortune il fixa le caprice;

204 4384 2967 4540 De Trebie, & ſur tout de Cannes le malheur,

203 4547 2542 4690 Monumens éternels de ſa rare valeur,

210 4695 2795 4866 Sur les deux Scipions ſa derniere victoire,

215 4848 2704 5020 Tout enfin a ſervy de trophée à ſa gloire:

210 4994 2993 5170 Cependant ce vainqueur aprés tant de combats

215 5155 2802 5322 Envoye à Scipion, & fait les premiers pas,

214 5306 2602 5438 Il dément la fierté de ſon a me hautaine.

214 5456 3055 5630 Que me vient propoſer ce fameux Capitaine?

209 5611 2802 5778 Dieux! ſeroit-ce la paix? mon eſprit agité

220 5763 2795 5914 Fremit en ce moment du ſeul mot de traité.
