4080 6942
336 804 3247 1039 EXTRAIT DV PRIVILEGE

1447 1030 2072 1258 du Roy.

338 1293 3253 1645 PAR Grace & Privilege du Roy, donné à Paris

557 1448 3250 1665 le vingt-uniéme Mars 1697. Signé, Par le

337 1592 3254 1819 Roy en ſon Conſeil, LE FEVRE. Il eſt permis à

345 1744 3260 1956 THOMAS GUILLAIN, Marchand Libraire à Paris,

343 1891 3265 2110 de faire imprimer, vendre & debiter le Recueil des

344 2042 3261 2265 Tragedies du Sieur PRADON, pendant le temps de

352 2192 3255 2406 ſix années, à compter du jour qu’elles ſeront

354 2341 3255 2559 achevées d’imprimer pour la premiere fois, en

354 2490 3259 2708 vertu des preſentes, pendant lequel temps tres-

343 2631 3270 2857 expreſſes inhibitions & défenſes ſont faites à toutes

352 2787 3266 3011 perſonnes de quelque qualité & condition qu’elles

347 2937 3254 3153 ſoient, de faire imprimer, vendre ny debiter deſ¬

349 3088 3266 3309 dites Tragedies conjointement, ou ſeparé¬

357 3237 3274 3470 ment, d'autre Edition que celles de l’Expo¬

349 3382 3270 3620 ſant, ou de ceux qui auront droit de luy, à pei¬

344 3534 3285 3753 ne de quinze cens livres d’amende, payable ſans

348 3682 3275 3897 déport par chacun des Contrevenans, de confiſ¬

348 3828 3281 4051 cation des Exemplaires contrefaits, & de tous

358 3981 3285 4216 dépens, dommages & intereſts, & autres peines por¬

364 4134 3279 4372 tées plus au long par leſdites Lettres de Privilege.

497 4435 3278 4649 Regiſtré ſur le Livre de la Communauté des Im¬

353 4570 3280 4803 primeurs & Libraires de la Ville de Paris, le 26.

370 4797 1126 4948 Mars .1695.

1404 4896 3290 5092 Signé P. AUBOUIN, Syndic.

507 5117 3290 5343 Achevé d’imprimer pour la premiere fois le

370 5310 1561 5482 premier Avril 1697.

492 5596 2032 5830 Le prix eſt vingt ſols.
