4080 7033
815 486 3201 724 TRAGEDIE. 25

215 697 3088 869 Pouroit-elle ſouffrir qu’il devint vôtre époux?

198 853 2884 1026 Et d’ailleurs cet hymen eſt indigne de vous.

1214 1013 2056 1129 ISPERIE.

198 1167 1514 1317 Lucejus eſt ne Prince.

1192 1317 2052 1434 SCIPION.

1280 1459 2896 1622 Et fuſt-il Roy, Madame,

204 1617 2511 1772 Il ne merite point une ſi belle flâme?

204 1761 3112 1925 Que vous connoiſſez peu le prix de vôtre cœur?

198 1916 3172 2078 Vous ignorez encor juſqu’à quel point d’hõneur...

192 2070 2972 2240 Non, à vôtre merite il n'eſt rien qui réponde,

198 2214 3052 2389 Il eſt trop au deſſus de tous les Rois du monde,

188 2370 3162 2542 Et pour mieux ſoûtenir l’honneur de vôtre choix,

187 2520 3168 2692 Il faut un des vainqueurs, un des maiſtres des Rois,

204 2681 1733 2813 En un mot, un Romain.

1231 2831 2096 2951 ISPERIE.

1446 2987 2909 3134 La grandeur, la fortune

197 3119 2951 3278 Peut faire impreſſion ſur une ame commune;

193 3275 3152 3464 Mais quoy! tout ſon éclat mis dans ſon plus beau

380 3444 625 3579 jour

193 3580 2834 3755 N’éblouït point un cœur éclairé par l’amour.

1174 3747 2120 3869 SCIPION.

198 3889 2485 4045 Quoy? vous pouriez, Madame?...

1269 4049 2066 4166 ISPERIE.

1245 4194 3153 4387 Eh! Seigneur, que m’importe

193 4345 3158 4547 Que ces vainqueurs des Rois... Mais helas! je

377 4502 1095 4653 m’emporte,

189 4642 2951 4818 Je dois les reſpecter, & je ſuis dans leurs fers;

197 4798 3152 4982 Qu'à leur gré les Romains gouvernent l’Univers,

209 4946 3163 5153 Tout doit fléchir ſous eux? Mais encor à quels

335 5108 644 5213 titres

187 5250 2941 5421 Veulent-ils de nos cœurs devenir les arbitres?

1179 5424 2161 5556 SCIPION.

196 5548 2764 5754 Il faut juſtifier, Madame, leurs desseins,

193 5698 2899 5905 Et vous aprendre icy l’intereſt des Romains;

2473 5913 2567 6016 C
