4267 7116
1298 635 2613 293 l’on explique celles-cy par

1293 891 2589 289 le mouvement du ſang, par

1291 1155 2590 273 celuy des fibres & des arteres,

1294 1419 2633 273 quittent; un Auteur de tout,

1285 1683 705 184 le reſte.

1548 1941 2377 203 Il s’en trouve d’un troi¬

1278 2191 2654 285 ſiéme ordre, qui perſua¬

1273 2463 2597 269 dez que toute doctrine des

1276 2719 2585 217 mœurs doit tendre à les re¬

1255 2967 2609 253 former, à diſcerner les bon¬

1257 3235 2670 261 nes d’avec les mauvaiſes,

1264 3491 2593 221 & à démêler dans les hom¬

1251 3759 2597 277 mes ce qu’il y a de vain,

1250 4011 2593 229 de foible & de ridicule, d’a¬

1236 4279 2622 277 vec ce qu’ils peuvent avoir

1243 4535 2669 245 de bon, de ſain & de loüable,

1234 4795 2677 277 ſe plaiſent infiniment dans

1232 5059 2602 273 la lecture des livres, qui

1223 5319 2605 277 ſuppoſant les principes phy¬

1222 5579 2605 281 ſiques & moraux rebatus par

2225 343 742 285 Diſcours
