4267 7170
2202 426 708 260 Diſcours

1270 678 2596 192 naïve dont tous les cara¬

1274 934 2596 268 cteres y ſont exprimez, &

1266 1202 2604 252 la comparant d’ailleurs avec

1266 1458 2608 188 celle du Poëte Menandre

1262 1718 2612 264 diſciple de Theophraſte, &

1258 1954 2616 284 qui ſervit enſuite de mo¬

1258 2238 2616 264 dele à Terence, qu’on a

1262 2498 2620 244 dans nos jours ſi heureuſe¬

1262 2758 2616 264 ment imité, ne peuvent

1266 3022 2612 268 s'empêcher de reconnoiſtre

1270 3278 2612 272 dans ce petit ouvrage la pre¬

1270 3538 2612 192 miere ſource de tout le co¬

1286 3810 2592 256 mique, je dis de celuy qui eſt

1274 4058 2616 268 épuré des pointes, des obſce¬

1274 4322 2604 272 nitez, des équivoques, qui eſt

1266 4586 2616 264 pris dans la nature, qui fait

1270 4842 2608 276 rire les ſages & les vertueux.

1474 5118 2404 252 Mais peut-eſtre que pour

1266 5366 2608 192 relever le merite de ce traité

1270 5622 2596 272 des Caracteres, & en inſpi¬
