4267 7202
366 670 2620 279 mes par un ſeul ouvrage de

370 934 2612 203 morale? Les uns cherchent

370 1194 2609 243 des definitions, des diviſions,

367 1458 2620 235 des tables, & de la metho¬

367 1722 2620 267 de; ils veulent qu’on leur

367 1982 2625 271 explique ce que c’eſt que la

368 2246 2624 267 vertu en general, & cette

368 2510 2624 271 vertu en particulier; quelle

376 2766 2613 199 difference ſe trouve entre la

377 3026 2608 275 valeur, la force & la magna¬

377 3294 2612 215 nimité, les vices extrêmes

385 3554 2605 271 par le defaut ou par l’excés

390 3814 2608 275 entre leſquels chaque vertu

390 4070 2608 279 ſe trouve placée, & duquel

394 4342 2605 191 de ces deux extrêmes elle

395 4606 2604 271 emprunte davantage: tou¬

403 4866 2600 191 te autre doctrine ne leur

400 5126 2608 271 plaiſt pas. Les autres con¬

404 5390 2600 263 tents que l'on réduiſe les

408 5654 2601 271 mœurs aux paſſions, & que

2097 5935 380 180 A v

941 391 1337 286 ſur Theophraſte.
