4267 7123
1292 781 2591 231 le commerce va le mieux du

1294 988 2584 282 monde, quoy qu’en effet il ne

1288 1208 2589 267 vende rien. Souvent aprés avoir

1287 1421 2588 270 écouté ce que l’on luy a dit, il

1274 1629 2596 279 veut faire croire qu’il n’y a pas

1281 1841 2592 234 eu la moindre attention; il feint

1287 2065 2588 267 de n’avoir pas apperçû les cho¬

1278 2273 2588 265 ſes où il vient de jetter les yeux,

1285 2485 2584 268 ou s’il eſt convenu d’un fait, de

1271 2706 2601 260 ne s’en plus ſouvenir: il n’a

1278 2917 2588 279 pour ceux qui luy parlent d’af¬

1273 3125 2584 275 faires, que cette ſeule réponſe,

1267 3342 2600 278 j’y penſeray: il ſçait de certai¬

1274 3554 2592 282 nes choſes, il en ignore d’au¬

1273 3770 2587 236 tres; il eſt ſaiſi d'admiration;

1259 3970 2601 290 d’autres fois il aura penſé com¬

1262 4199 2600 258 me vous ſur cet évenement, &

1257 4409 2584 232 cela ſelon ſes differens intereſts;

1251 4625 2601 274 ſon langage le plus ordinaire eſt

1249 4841 2605 273 celuy-cy; je n'en crois rien, je

1252 5055 2597 277 ne comprends pas que cela puiſ¬

1251 5269 2596 275 ſe eſtre, je ne ſçay où j’en

1252 5476 2594 269 ſuis, ou bien, il me ſemble que

1244 5698 2597 274 je ne ſuis pas moy-meſme; &

1239 5901 2612 287 enſuite, ce n’eſt pas ainſi qu’il

1877 492 1278 261 Les Caracteres

1301 552 250 184 60
