4267 7123
1030 363 1363 280 ſur Theophraſte.

700 626 2342 275 Ainſi cet ouvrage n’eſt

450 878 2610 297 peut-eſtre meſme qu’un ſim¬

444 1138 2614 289 ple fragment, mais cepen¬

446 1398 2614 289 dant un reſte précieux de

440 1659 2582 288 l'antiquité, & un monu¬

426 1910 2617 225 ment de la vivacité de l’eſ¬

428 2172 2632 297 prit & du jugement ferme &

430 2430 2622 293 ſolide de Philoſophe dans

436 2687 2586 296 un âge ſi avancé: En ef¬

434 2950 2610 265 fet il a toûjours eſté lû com¬

440 3210 2613 225 me un chef-d'œuvre dans

434 3474 2622 285 ſon genre: il ne ſe voit

444 3722 2602 297 rien où le goût Attique ſe

430 3982 2646 289 faſſe mieux remarquer, &

448 4242 2602 293 où l’élegance Grecque écla¬

442 4498 2650 293 te davantage: on l’a appellé

448 4770 2594 261 un livre d’or: les Sçavans

446 4999 2589 244 faiſant attention à la diver¬

444 5270 2654 297 ſité des mœurs qui y ſont

446 5538 2602 265 traitées, & à la maniere
