4267 7032
1119 536 1237 249 de Theophraſte.

532 806 2465 202 me l’a fait entendre, voilà une

532 1018 2469 226 choſe merveilleuſe, & qui paſſe

535 1238 2461 190 toute creance, contez cela à

526 1448 2469 208 d'autres, dois-je vous croire? ou

517 1658 2475 214 me perſuaderay-je qu’il ne m’ait

514 1854 2477 228 pas dit la verité? paroles dou¬

513 2076 2493 201 bles & artificieuſes, dont il faut

512 2278 2499 229 ſe défier comme de ce qu’il y a

517 2496 2471 216 au monde de plus pernicieux:

514 2704 2477 220 ces manieres d’agir ne partent

509 2918 2483 218 point d’un ame ſimple & droi¬

513 3128 2469 208 te, mais d’une mauvaiſe volon¬

512 3334 2469 214 té, ou d’un homme qui veut

507 3542 2479 216 nuire: le venin des Aſpics eſt

508 3752 1367 167 moins à craindre.

774 4263 1915 176 DE LA FLATTERIE.

890 4564 2087 247 A flatterie eſt un commer¬

893 4810 2095 214 ce honteux qui n’eſt utile

508 5006 2475 212 qu’au flatteur. Si un flatteur ſe

508 5232 2462 210 promene avec quelqu’un dans

507 5430 2471 226 la place, remarquez-vous, luy

512 5632 2469 202 dit-il, cõme tout le monde a les

517 5844 2471 229 yeux ſur vous? cela n’arrive qu’à

2795 586 243 193 61

492 4530 369 515 L
