4267 7123
927 456 1372 291 ſur Theophraſte.

370 701 2612 288 il ſe declara de cette manie¬

376 981 2596 319 re: Il feignit peu de temps

380 1236 2602 328 aprés que ſes diſciples luy

382 1493 2601 320 eurent fait cette priere &

392 1756 2596 317 en leur preſence, que le vin.

383 2000 2610 344 dont faiſoit un uſage or¬

388 2277 2602 299 dinaire luy eſtoit nuiſible,

396 2536 2598 323 il ſe fit apporter des vins de

397 2785 2591 345 Rhodes & de Leſbos, il goû¬

405 3034 2591 346 ta de tous les deux, dit qu'ils

416 3321 2600 305 ne dementoient point leur

429 3571 2588 312 terroir, & que chacun dans

431 3836 2600 317 ſon genre eſtoit excellent,

451 4097 2578 311 que le premier avoit de la

449 4353 2588 309 force, mais que celuy de

463 4615 2576 306 Leſbos avoit plus de dou¬

467 4874 2582 308 ceur, & qu’il luy donnoit

473 5124 2580 320 la préference: Quoy qu'il

495 5382 2576 314 en ſoit de ce fait qu’on lit

480 5650 2593 316 dans Aulugelle, il eſt cer¬
