4267 7202
2307 510 721 271 Diſcours

1178 749 2793 338 „ beaucoup de choſes inutiles,

1188 1027 2786 329 „ & qu’il y en a peu qui me¬

1190 1273 2792 267 „ nent à une fin ſolide: ce

1193 1536 2789 339 „ n’eſt point à moy à délibe¬

1190 1791 2801 339 „ rer ſur le parti que je dois

1213 2065 2773 338 „ prendre, il n’eſt plus temps.

1223 2326 2781 327 „ Pour vous qui avez à me

1225 2591 2785 316 „ ſurvivre, vous ne ſçauriez

1235 2867 2782 320 „ peſer trop meurement ce que

1246 3113 2775 262 „ vous devez faire: & ce fu¬

1244 3377 2781 330 „ rent là ſes dernieres paroles.

1634 3638 2400 256 Ciceron dans le troiſiéme

1437 3907 2600 264 Livre des Tuſculanes dit

1466 4169 2581 319 que Theophraſte mourant

1453 4430 2597 328 ſe plaignit de la nature, de

1479 4690 2574 324 ce qu’elle avoit accordé aux

1497 4954 2564 259 Cerfs & aux Corneilles une

1500 5218 2557 322 vie ſi longue, & qui leur

1514 5476 2557 323 eſt ſi inutile, lorſqu’elle n’a¬

1500 5739 2576 264 voit donné aux hommes
