4267 7131
492 627 2595 289 ſure luy-meſme dans cet

496 895 2595 289 endroit qu’il commence un

515 1147 2583 305 ſi grand deſſein à l’âge de

510 1403 2595 305 quatre-vingt dix-neuf ans,

509 1679 2603 289 il y a apparence qu’une

505 1919 2615 305 prompte mort l’empêcha de

512 2179 2599 301 le conduire à ſa perfection.

515 2447 2595 297 J’avoüe que l’opinion com¬

522 2695 2595 293 mune a toûjours eſté qu’il

522 2955 2603 309 avoit pouſſé ſa vie au delà de

529 3219 2602 249 cent ans; & ſaint Jerôme

528 3475 2607 301 dans une Lettre qu’il écrit

539 3735 2608 305 à Nepotien aſſure qu’il eſt

551 3995 2591 305 mort à cent ſept ans ac¬

550 4263 2607 297 complis: de ſorte que je ne

557 4523 2592 300 doute point qu’il n’y ait eû

561 4783 2590 220 une ancienne erreur ou dans

556 5035 2595 305 les chiffres Grecs qui ont ſer¬

571 5303 2583 304 vi de regle à Diogene Laër¬

571 5567 2595 292 ce qui ne le fait vivre que

1093 376 1335 280 ſur Theophraſte.
