4267 7123
375 671 2596 264 rer la lecture, il ne ſera

372 928 2600 325 pas inutile de dire quelque

385 1195 2571 281 choſe de celuy de leur Au¬

381 1453 2592 262 teur. Il eſtoit d’Ereſe, ville

386 1707 2580 272 de Leſbos, fils d’un Foulon;

379 1978 2624 299 il eut pour premier Maiſtre

388 2236 2612 296 dans ſon païs un certain Leu¬

397 2483 2597 313 cipe * qui eſtoit de meſme

390 2745 2628 282 ville que luy; de-là il paſſa

401 3019 2619 251 à l’Ecole de Platon, & s'ar¬

403 3273 2613 225 reſta enſuite à celle d’Ari¬

402 3524 2599 290 ſtote, où il ſe diſtingua en¬

413 3788 2627 286 tre tous ſes diſciples: Ce

408 4048 2634 230 nouveau Maître charmé de la

419 4312 2603 297 facilité de ſon eſprit & de

422 4572 2586 217 la douceur de ſon élocu¬

437 4828 2570 297 tion, luy changea ſon nom,

444 5092 2574 289 qui eſtoit Tyrtame en celuy

442 5352 2583 297 d’Euphraſte, qui ſignifie ce¬

453 5604 2607 305 luy qui parle bien; & ce

3037 2502 666 136 * Un autre

3033 2661 589 155 que Leu¬

3040 2808 674 159 cipe Philo¬

3022 2949 689 168 ſophe cele¬

3042 3111 665 147 bre, & diſ¬

3043 3263 675 162 ciple de Ze¬

3049 3459 280 85 non.

925 413 1345 289 ſur Theophraſte.
