4267 7162
425 710 2608 271 bler; que juſques dans la

421 970 2608 208 Chaire l’on ſe croit obli¬

414 1226 2620 288 gé ſouvent de ſuſpendre l’E¬

406 1502 2620 268 vangile pour les prendre par

402 1766 2633 232 leur foible, & les ramener

403 2018 2628 272 à leurs devoirs par des cho¬

395 2282 2616 272 ſes qui ſoient de leur gouſt

399 2551 1545 271 & de leur portée.

636 2810 2372 191 La Cour ou ne connoiſt

392 3066 2605 280 pas la ville, ou par le mé¬

401 3334 2604 268 pris qu’elle a pour elle ne¬

389 3590 2616 276 glige d’en relever le ridicu¬

381 3842 2625 276 le, & n’eſt point frapée des

394 4090 2608 296 images qu'il peut fournir;

394 4378 2609 268 & ſi au contraire l’on peint

387 4638 2604 236 la Cour, comme c’eſt toû¬

379 4906 2624 268 jours avec les ménagemens

383 5162 2609 260 qui luy ſont dûs; la ville

388 5422 2604 276 ne tire pas de cet ébauche

384 5682 2612 284 de quoy remplir ſa curioſi¬

992 439 1349 278 ſur Theophraſte.

1837 5975 508 232 A iiij
