4267 7147
2227 550 706 273 Diſcours

1253 812 2601 297 tint toûjours un commerce

1248 1038 2607 343 étroit avec ce Philoſophe. Il

1263 1299 2590 276 mourut enfin accablé d’an¬

1264 1554 2578 341 nées & de fatigues & il

1260 1814 2593 277 ceſſa tout à la fois de tra¬

1260 2083 2589 272 vailler & de vivre: toute

1260 2334 2594 334 la Grece le pleura, & tout

1263 2595 2592 347 le peuple Athenien aſſiſta à

1260 2894 1374 241 ſes funerailles.

1496 3121 2366 326 L’on raconte de luy que

1267 3376 2594 279 dans ſon extrême vieilleſſe

1264 3638 2599 345 ne pouvant plus marcher à

1267 3880 2596 363 pied, il ſe faiſoit porter en

1271 4157 2592 337 littiere par la ville, où il

1276 4418 2587 338 eſtoit vu du peuple à qui il

1276 4672 2584 272 eſtoit ſi cher. L’on dit auſſi

1272 4932 2623 352 que ſes diſciples qui en¬

1279 5192 2579 342 touroient ſon lit lors qu’il

1288 5453 2574 328 mourut, luy ayant deman¬

1271 5717 2590 279 dé s'il n'avoit rien à leur
