4267 7218
2271.0 414.0 730.0 279.0 Diſcours

1316.0 696.0 2637.0 269.0 les principes de ce grand

1359.0 948.0 2597.0 277.0 Philoſophe, & le fond des

1351.0 1208.0 2612.0 273.0 caracteres qui y ſont décrits,

1350.0 1476.0 2621.0 273.0 ſont pris de la meſme ſour¬

1350.0 1732.0 2620.0 273.0 ce; il eſt vray qu’il ſe les rend

1353.0 2000.0 2617.0 281.0 propres par l’étenduë qu’il

1349.0 2268.0 2620.0 269.0 leur donne, & par la ſatyre

1348.0 2532.0 2621.0 277.0 ingenieuſe qu’il en tire con¬

1352.0 2796.0 2612.0 237.0 tre les vices des Grecs, &

1347.0 3052.0 2237.0 201.0 ſur tout des Atheniens.

1571.0 3340.0 2404.0 249.0 Ce Livre ne peut gueres

1346.0 3584.0 2625.0 269.0 paſſer que pour le commen¬

1349.0 3848.0 2629.0 277.0 cement d’un plus long ou¬

1349.0 4108.0 2636.0 277.0 vrage que Theophraſte avoit

1376.0 4384.0 2609.0 261.0 entrepris. Le projet de ce

1372.0 4632.0 2612.0 277.0 Philoſophe, comme vous

1359.0 4896.0 2625.0 273.0 le remarquerez dans ſa Pre¬

1371.0 5156.0 2608.0 241.0 face, eſtoit de traiter de

1374.0 5428.0 2609.0 241.0 toutes les vertus, & de tous

1366.0 5676.0 2612.0 241.0 les vices; Et comme il aſ¬
