4267 7108
942 524 1317 314 ſur Theophraſte.

342 754 2555 331 recommander, il leur tint

335 987 2750 337 ce diſcours : La vie nous „

327 1282 2748 347 ſeduit, elle nous promet „

302 1573 2781 278 de grands plaiſirs dans la „

311 1806 2761 318 poſſeſſion de la gloire; mais „

313 2053 2757 284 à peine commence-t’on à „

296 2335 2774 283 vivre, qu’il faut mourir: „

290 2556 2766 375 il n’y a ſouvent rien de plus „

291 2838 2760 297 ſterile que l’amour de la re¬ „

279 3143 2767 263 putation. Cependant, mes „

275 3335 2762 309 diſciples, contentez-vous: „

268 3590 2763 345 ſi vous negligez l’eſtime „

261 3862 2765 303 des hommes, vous vous „

251 4114 2768 303 épargnez à vous-meſmes de „

249 4397 2760 281 grands travaux; s'ils ne re¬ „

250 4637 2748 305 butent point voſtre coura¬ „

244 4918 2757 281 ge, il peut arriver que la „

236 5151 2762 317 gloire ſera voſtre récom¬ „

232 5417 2754 293 penſe. Souvenez-vous ſeu¬ „

225 5665 2761 347 lement qu’il y a dans la vie „

1840 6011 403 242 B ij
