4267 7116
2167 460 721 251 Diſcours

1274 716 2597 208 mœurs. Les femmes au con¬

1284 980 2593 280 traire, les gens de la Cour,

1299 1260 2593 260 & tous ceux qui n'ont que

1302 1488 2593 284 beaucoup d’eſprit ſans éru¬

1297 1756 2613 280 dition, indifferens pour tou¬

1307 2016 2614 276 tes les choſes qui les ont

1306 2276 2609 280 précedé ſont avides de cel¬

1325 2536 2605 280 les qui ſe paſſent à leurs

1328 2796 2601 280 yeux, & qui ſont comme

1335 3056 2597 232 ſous leur main; ils les exa¬

1341 3316 2598 252 minent, ils les diſcernent,

1336 3580 2609 280 ils ne perdent pas de veuë

1347 3840 2601 280 les perſonnes qui les entou¬

1350 4100 2609 240 rent, ſi charmez des deſcri¬

1349 4364 2609 272 ptions & des peintures que

1352 4616 2613 212 l'on fait de leurs contem¬

1358 4884 2601 268 porains, de leurs conci¬

1365 5148 2625 273 toyens, de ceux enfin qui

1364 5396 2605 280 leur reſſemblent, & à qui

1359 5656 2613 289 ils ne croyent pas reſſem¬
