4267 7032
1061 491 1222 293 de Theophraſte.

467 743 2553 272 flatteuſes pour adoucir ceux qui

469 959 2572 272 ſe plaignent de luy, & qui ſont

465 1178 2557 265 aigris par les injures qu’ils en ont

463 1388 2555 259 receuës. S’il arrive que quel¬

467 1597 2556 267 qu’un l’aborde avec empreſſe¬

464 1796 2564 259 ment, il feint des affaires, &

461 2014 2556 278 luy dit de revenir une autrefois;

462 2232 2577 271 il cache ſoigneuſement tout ce

463 2441 2568 268 qu’il fait, à l’entendre par¬

468 2659 2567 253 ler, on croiroit toûjours qu’il

469 2861 2564 268 delibere; il ne parle point indif¬

469 3073 2568 263 feremment, il a ſes raiſons pour

478 3278 2557 272 dire tantoſt qu’il ne fait que re¬

475 3500 2564 262 venir de la campagne, tantoſt

480 3702 2557 279 qu’il eſt arrivé à la ville fort

481 3907 2560 272 tard, & quelquefois qu’il eſt

478 4161 2560 243 languiſſant, ou qu il a une mau¬

483 4340 2560 225 vaiſe ſanté. Il dit à celuy qui luy

488 4551 2548 271 emprunte de l’argent à intereſt,

484 4748 2566 284 ou qui le prie de contribuer * de

489 4963 2565 253 ſa part à une ſomme que ſes

488 5206 2563 226 amis conſentent de luy preſter;

488 5392 2566 277 qu’il ne vend rien, qu’il ne s’eſt

479 5607 2580 269 jamais veu ſi dénué d’argent;

489 5843 2574 248 pendant qu’il dit aux autres que

2038 6052 380 204 C vj

2784 536 240 208 59
