4267 7032
431 679 2543 244 qu’ils peuvent ſuivre; il leur

430 883 2547 256 apprend à faire le diſcernement

433 1099 2543 248 de ceux avec qui ils doivent

429 1311 2555 249 lier quelque commerce, & dont

428 1515 2555 253 l’émulation les portera à imiter

427 1735 2559 253 leurs vertus & leur ſageſſe: Ain¬

439 1952 2527 243 ſi je vais entrer en matiere,

434 2155 2551 249 c’eſt à vous de penetrer dans

437 2368 2547 236 mon ſens, & d’examiner avec

441 2575 2550 205 attention ſi la verité ſe trouve

444 2783 2551 256 dans mes paroles: & ſans faire

443 2991 2559 261 une plus longue Preface, je parle¬

443 3207 2551 261 ray d’abord de la diſſimulation,

442 3419 2567 257 je définiray ce vice, je diray

457 3627 2567 252 ce que c’eſt qu’un homme diſ¬

461 3839 2546 248 ſimulé, je décriray ſes mœurs,

476 4047 2543 264 & je traiteray enſuite des autres

479 4267 2547 244 paſſions, ſuivant le projet que

470 4498 860 229 j’en ay fait.

2048 5959 483 200 C iiij

1055 380 1260 282 de Theophraſte.

2772 478 210 178 55
