4267 7155
1005 550 1352 294 ſur Teophraſte.

437 802 2611 319 la domination de leur païs

433 1065 2616 318 il ſe joignit à * Phydias

409 1337 2639 298 ſon compatriote, contribua

412 1585 2636 318 avec luy de ſes biens pour

408 1849 2632 310 armer les bannis qui rentre¬

405 2109 2631 278 rent dans leur ville, en chaſ¬

389 2361 2639 281 ſerent les traîtres, & ren¬

389 2629 2635 237 dirent à toute l'Iſle de Leſ¬

389 2881 1447 223 bos ſa liberté.

520 3151 2504 307 Tant de rares qualitez ne

380 3405 2644 318 luy acquirent pas ſeulement

360 3665 2660 313 la bienveillance du peuple,

392 3933 2623 241 mais encore l’eſtime & la fa¬

380 4185 2631 249 miliarité des Rois: il fut ami

375 4445 2640 314 de Caſſandre qui avoit ſuc¬

368 4701 2647 246 cedé à Aridée frere d’Ale¬

375 4969 2636 294 xandre le Grand au Royau¬

376 5229 2631 253 me de Macedoine; & Pto¬

347 5481 2660 314 lomée, fils de Lagus & pre¬

371 5753 2620 305 mier Roy d’Egypte entre¬

375 6063 2185 275 *Un Autre que le fameux Sculpteur.

2661 6034 165 268 B
