4267 5758
1054 373 1162 441 iz
2040 330 2134 422 D
2180 358 2214 420 I
2258 356 2296 420 S
2346 356 2398 422 C
2450 359 2514 422 O
2564 355 2618 423 U
2668 359 2730 423 K
2792 359 2832 423 s

1038 505 1134 593 &
1180 491 1610 591 marcher
1650 518 1882 585 auec
1932 488 2400 586 aflurance
2450 523 2564 586 en
2618 517 2830 587 cete
2876 499 3050 589 vie.

1160 643 1644 765 Ileftvray
1678 666 1860 765 que
1884 634 2292 764 pendant
2324 674 2506 770 que
2540 647 2626 735 ie
2678 673 2792 735 ne
2844 635 3134 737 faifois
3188 676 3368 773 que
3420 652 3830 752 confide-

1032 821 1180 883 rer
1204 787 1334 887 les
1362 821 1662 885 meurs
1692 784 1854 880 des
1876 810 2180 878 autres
2208 784 2674 905 hommes,
2722 793 2810 879 ie
2836 791 2980 915 n'y
3024 796 3434 886 trouuois
3490 828 3818 922 gueres

1034 937 1417 1067 dequoy
1444 937 2411 1060 m’aflurerj&quei’y
2436 943 2999 1063 remarquois
3050 936 3301 1065 quali
3371 970 3685 1040 autant
3712 950 3831 1048 de

1037 1081 1673 1209 diuerfiteque
1721 1082 2031 1169 i’auois
2067 1070 2233 1170 fait
2297 1109 2853 1204 auparauant
2913 1109 3177 1175 entre
3219 1083 3347 1178 les
3405 1096 3827 1214 opinions

1035 1233 1199 1329 des
1233 1229 1885 1361 Philofophos.
1951 1238 2089 1324 En
2117 1226 2355 1326 forte
2383 1265 2563 1362 que
2613 1237 2691 1327 le
2717 1239 2909 1359 plus
2969 1237 3255 1365 grand
3305 1242 3583 1364 profit
3643 1278 3823 1374 que

1033 1382 1921 1499 i’enretirois,eftoit
1959 1412 2137 1506 que
2167 1405 2513 1506 voyant
2539 1383 2689 1503 plu
2705 1377 2967 1473 fleurs
3009 1379 3363 1496 choies,
3383 1394 3529 1510 qui
3563 1390 3823 1484 bien-

1037 1525 1425 1655 qu’elles
1471 1555 1699 1617 nous
1751 1520 2207 1618 semblent
2249 1514 2443 1614 fort
2467 1547 3173 1651 extrauagantes
3235 1544 3325 1627 &
3373 1528 3827 1648 ridicules,

1033 1709 1152 1769 ne
1183 1675 1538 1773 laifient
1565 1707 1718 1803 pas
1745 1672 2076 1769 d’eftre
2103 1701 2882 1769 communément
2907 1708 3282 1769 receucs
3317 1692 3406 1774 &
3431 1712 3822 1808 approu¬

1036 1829 1252 1917 ves
1278 1853 1436 1951 par
1460 1817 1856 1915 d'autres
1888 1848 2152 1946 grans
2178 1816 2552 1944 peuples
2634 1897 2660 1929 ,
2764 1819 3320 1943 i'appreuois
3376 1854 3424 1914 a
3480 1854 3592 1918 ne
3626 1830 3822 1918 rien

1036 1977 1340 2065 croire
1366 2001 1576 2095 trop
1600 1961 2168 2063 fermement
2196 1960 2318 2056 de
2346 1996 2454 2056 ce
2492 1967 2648 2092 qui
2690 1995 2802 2055 ne
2832 1967 3202 2059 m'auoit
3230 1970 3436 2064 efte'
3468 1970 3824 2098 persua¬

1036 2115 1156 2213 de
1180 2147 1360 2247 que
1388 2147 1544 2243 par
1568 2108 2062 2238 l’exemple
2100 2124 2186 2206 &
2214 2108 2480 2234 parla
2512 2111 2994 2203 couftume
3064 2153 3086 2203 :
3166 2117 3286 2207 Et
3314 2114 3526 2208 ainfi
3556 2122 3638 2210 ie
3672 2152 3822 2212 me

1038 2263 1470 2361 deliurois
1500 2293 1674 2389 peu
1714 2292 1764 2353 a
1784 2290 1962 2386 peu
1996 2254 2114 2350 de
2144 2256 2636 2383 beaucoup
2662 2253 3160 2373 d’erreurs,
3220 2262 3372 2387 qui
3408 2292 3814 2386 peuuent

1038 2409 1505 2539 offufqucr
1530 2407 1832 2501 noftre
1856 2400 2236 2496 lumière
2266 2395 2741 2513 naturelle,
2782 2413 2873 2497 &
2896 2431 3126 2493 nous
3154 2398 3489 2496 rendre
3518 2412 3821 2500 moins

1039 2551 1453 2681 capables
1483 2546 2029 2647 d’entendre
2063 2546 2387 2640 raifon.
2437 2549 2671 2639 Mais
2699 2551 2955 2669 après
2989 2577 3171 2673 que
3201 2551 3367 2639 i’eu
3397 2548 3823 2678 employé

1041 2709 1491 2843 quelques
1513 2711 1849 2801 années
1871 2734 1923 2794 a
1949 2694 2835 2794 eftudierainfidaus
2883 2693 2969 2787 le
2997 2695 3223 2789 hure
3271 2692 3397 2788 du
3425 2700 3801 2816 monde,

1043 2877 1139 2961 &
1165 2895 1215 2955 a
1241 2857 1597 2955 tafcher
1625 2854 2135 2980 d’acquérir
2159 2846 2573 2976 quelque
2603 2851 3155 2975 expérience
3251 2924 3277 2963 ,
3357 2852 3443 2938 ie
3479 2852 3659 2972 pris
3705 2880 3817 2940 vu

1039 3015 1239 3105 iour
1263 3005 1761 3101 résolution
1787 2994 2283 3094 d’eftudier
2303 2994 2551 3120 aufly
2575 3025 2687 3087 en
2717 2987 3341 3119 moymefme,
3413 3006 3501 3088 &
3529 2988 3819 3086 d’em¬

1037 3155 1363 3285 ployer
1381 3175 1687 3245 toutes
1713 3147 1841 3241 les
1867 3136 2173 3238 forces
2195 3138 2317 3234 de
2347 3170 2571 3232 mon
2597 3131 2750 3263 efp
2761 3143 2873 3229 rit
2921 3169 2971 3229 a
3023 3132 3379 3261 choyfir
3427 3138 3555 3230 les
3605 3134 3813 3230 che¬

1036 3293 1272 3385 mins
1302 3317 1482 3413 que
1504 3281 1934 3377 iedeuois
1982 3272 2306 3374 injure.
2380 3280 2524 3372 Ce
2590 3279 2744 3401 qui
2800 3307 2956 3369 me
3000 3271 3304 3369 reuifit
3338 3274 3818 3402 beaucoup

1038 3439 1380 3551 mieux,
1424 3463 1526 3525 ce
1562 3463 1714 3523 me
1738 3424 2118 3544 fomble,
2154 3458 2336 3554 que
2364 3426 2424 3520 fi
2466 3430 2552 3518 ie
2578 3453 2694 3515 ne
2728 3455 2878 3515 me
2938 3413 3166 3515 fufle
3194 3425 3502 3515 jamais
3540 3418 3806 3514 elioi-

1034 3585 1248 3707 gné)
1276 3607 1398 3701 ny
1420 3571 1538 3667 de
1562 3604 1786 3665 mon
1810 3576 2036 3700 pais,
2068 3600 2188 3698 ny
2218 3568 2334 3664 de
2390 3601 2590 3664 mes
2624 3565 2926 3661 liures.

1096 3727 1400 3819 I’étois
1428 3721 1652 3815 alors
1696 3750 1814 3813 en
1844 3716 2432 3844 Allemaigne
2478 3747 2606 3810 ou
2684 3709 3176 3807 l’occafion
3234 3708 3398 3805 des
3450 3742 3812 3840 guerres

1038 3909 1102 4005 q
1110 3909 1160 3967 U
1170 3881 1198 3967 j
1222 3903 1278 3967 n
1304 3905 1364 4001 y
1388 3869 1588 3965 font
1620 3900 1776 3997 pas
1802 3898 2148 3960 encore
2170 3868 2434 3964 finies
2466 3869 2842 3960 m’auoit
2872 3859 3200 3993 appelé
3224 3933 3248 3973 ,
3302 3876 3390 3958 &
3440 3892 3814 3956 comme

1041 4029 1131 4119 ie
1159 4023 1685 4117 retournois
1710 4012 1831 4109 du
1859 4035 2607 4106 couronnement
2632 4009 2751 4105 de
2768 4007 3355 4135 l’Empereur
3379 4038 3573 4102 vers
3620 4008 3817 4100 l’ar¬

1047 4167 1293 4281 mée,
1323 4167 1407 4259 le
1435 4180 2263 4255 commencement
2289 4154 2409 4252 de
2437 4157 2789 4285 l’hyuer
2821 4159 3235 4251 m’arefta
3263 4188 3375 4249 en
3409 4186 3527 4248 vn
3553 4186 3815 4282 quar¬

1041 4321 1217 4409 tier
1237 4343 1357 4407 ou
1385 4341 1499 4403 ne
1549 4330 1981 4403 trouuant
2013 4336 2365 4402 aucune
2415 4301 3065 4400 conuerfation
3113 4313 3271 4433 qui
3321 4338 3473 4400 me
3523 4302 3817 4398 diuer-

1039 4459 1227 4573 tift,
1307 4473 1397 4555 &
1423 4471 1777 4585 n’ayant
1843 4452 2289 4550 d’ailleurs
2337 4488 2497 4584 par
2551 4453 2985 4549 bonheur
3033 4484 3369 4547 aucuns
3415 4450 3649 4548 foins
3701 4484 3815 4576 ny

1039 4603 1425 4733 pallions
1451 4613 1615 4737 qui
1641 4637 1789 4703 me
1821 4600 2487 4718 troublassent,
2529 4611 2615 4697 ie
2641 4603 3169 4697 demeurais
3215 4624 3427 4693 tout
3473 4596 3559 4690 le
3625 4602 3819 4690 iour

1033 4739 1462 4847 enfermé
1489 4749 1678 4847 feul
1701 4748 1928 4850 dans
1962 4782 2088 4856 vn
2121 4750 2440 4880 poëfle
2500 4831 2528 4872 ,
2579 4783 2702 4843 ou
2743 4743 3070 4843 i’auois
3117 4772 3330 4843 tout
3375 4742 3640 4872 loyfir
3697 4738 3814 4832 de

677 3740 1004 3839 Secõde
641 3860 935 3969 partie.
3526 4902 3812 4966 m’en-
