4267 5738
1262 458 3295 644 DISCOURS 3
579 745 3227 968 DE LA METHODE
681 1036 3142 1249 Pour bien conduire ſa raiſon, & chercher
1137 1234 2653 1407 la verité dans les ſciences.
530 1548 613 1624 Si
636 1567 707 1620 ce
730 1538 1025 1650 di[cours
1044 1538 1285 1652 femble
1312 1565 1465 1657 trop
1488 1548 1647 1656 long
1664 1568 1843 1657 pour
1864 1551 2031 1663 ejtre
2058 1581 2211 1636 tout
2250 1561 2367 1638 leu
2390 1591 2473 1642 en
2518 1568 2955 1678 vnefoù^on
2974 1575 3276 1690 lepour-

639 1654 722 1732 ra
741 1649 1120 1765 diftinguer
1141 1683 1222 1734 en
1243 1657 1350 1749 ftx
1370 1666 1671 1773 parties.
1733 1667 1834 1740 Et
1857 1697 1937 1745 en
1963 1672 2031 1747 la
2074 1697 2409 1786 première
2463 1711 2547 1757 on
2595 1708 2925 1768 trouvera
2973 1691 3271 1788 diucrfes

634 1767 1140 1873 conjiderations
1166 1770 1500 1851 touchant
1523 1776 1604 1851 les
1627 1775 1932 1876 fciences.
1951 1790 2062 1861 En
2085 1789 2156 1864 la
2167 1787 2454 1897 fécondé
2461 1796 2548 1889 Je
2551 1823 2584 1872 s
2599 1803 2876 1913 princip
2903 1804 3026 1879 îles
3055 1811 3268 1919 réglés

630 1879 715 1956 de
736 1884 803 1957 la
824 1880 1179 1960 Méthode
1208 1914 1337 1991 que
1362 1888 1761 1968 ïsiutheur
1784 1927 1831 1976 a
1852 1895 2198 1987 cherchée.
2252 1905 2358 1984 En
2404 1907 2474 1984 la
2530 1937 2602 2007 y,
2629 1916 2948 2021 quelques
2982 1946 3146 1997 vues
3178 1921 3264 2002 de

629 1994 803 2073 celles
829 1993 911 2072 de
929 1999 995 2073 la
1023 2000 1317 2077 Morale
1336 2006 1523 2110 qu'il
1538 2038 1585 2085 a
1607 2004 1779 2087 tirée,
1798 2008 1883 2089 de
1910 2038 2055 2093 cete
2098 2017 2455 2098 Méthode
2452 2028 2475 2103 .
2540 2029 2649 2101 En
2668 2029 2739 2106 la
2768 2033 2851 2133 4,
2880 2034 2965 2109 les
2992 2061 3097 2110 rat
3088 2034 3259 2141 font

621 2133 766 2217 par
781 2111 1108 2216 lefquelles
1143 2114 1470 2227 ilprouue
1485 2116 1880 2216 l'exiflence
1901 2133 1984 2208 de
2011 2134 2214 2209 Dieu
2241 2189 2259 2220 ,
2289 2137 2376 2221 (ÿ*
2399 2137 2482 2214 de
2501 2139 2715 2217 l'atne
2737 2144 3071 2224 humaine
3081 2178 3097 2255 ,
3124 2156 3258 2255 qui

617 2217 766 2331 [ont
796 2225 878 2298 les
891 2228 1284 2331 fondement
1310 2231 1390 2308 de
1397 2233 2088 2357 faMetaphyfque.
2143 2252 2256 2325 En
2277 2252 2348 2327 la
2387 2279 2428 2358 q
2443 2250 2464 2344 ,
2485 2250 2736 2334 l'ordre
2749 2258 2868 2339 des
2909 2257 3258 2368 quefiions

622 2333 705 2412 de
756 2335 1093 2450 Phyfîque
1112 2343 1295 2447 qu'il
1312 2375 1361 2424 a
1394 2346 1794 2440 cherchées,
1840 2362 1931 2443 &
1976 2366 2607 2457 particulièrement
2646 2371 3126 2487 l'explication
3150 2375 3250 2458 du

615 2476 1047 2529 mouuement
1075 2454 1169 2531 du
1203 2483 1387 2536 cœur
1413 2465 1435 2550 ,
1499 2466 1586 2549 &
1611 2465 1695 2546 de
1718 2476 2047 2581 quelques
2067 2500 2307 2556 autres
2328 2478 2861 2602 difficulte^qui
2878 2499 3249 2605 appartie-

607 2586 770 2640 nent
785 2601 830 2643 a
853 2566 922 2640 la
947 2569 1328 2652 Médecine
1335 2600 1357 2686 ,
1383 2580 1548 2687 puis
1573 2611 1668 2659 au
1657 2584 1766 2693 JJy
1791 2588 1862 2667 la
1883 2588 2244 2703 différence
2263 2603 2390 2700 qui
2407 2592 2502 2699 efi
2525 2622 2716 2677 entre
2741 2601 3130 2710 noftreame
3155 2609 3248 2694 &

606 2679 764 2755 celle
782 2677 894 2756 des
920 2678 1144 2778 befles.
1206 2690 1310 2763 Et
1334 2718 1418 2773 en
1448 2693 1520 2770 la
1546 2696 1854 2778 derniere
1859 2733 1880 2811 ,
1907 2707 2162 2812 quelles
2184 2705 2410 2815 chofes
2438 2712 2497 2787 il
2536 2719 2712 2792 croit
2742 2715 2908 2823 ejlre
2951 2721 3242 2832 requijès

600 2814 777 2903 pour
796 2796 965 2871 aller
972 2800 1141 2910 plus
1168 2830 1389 2880 auant
1408 2835 1489 2886 en
1516 2810 1589 2887 la
1612 2809 1965 2900 recherche
1988 2816 2071 2901 de
2096 2822 2169 2900 la
2190 2825 2509 2907 Nature
2542 2831 2731 2938 qu'il
2762 2837 2885 2916 n'a
2906 2830 3086 2937 «Jlé,
3140 2839 3231 2922 &

597 2906 846 3013 quelles
867 2911 1126 3022 ratfons
1137 2915 1467 3030 l'ontfait
1483 2924 1749 3033 efcrire.

1223 3174 1303 3265 E
1371 3168 1560 3265 bon
1625 3168 1820 3270 fèns
1875 3180 2009 3274 eft
2073 3179 2156 3276 la
2219 3182 2500 3281 chofè
2563 3186 2686 3284 du
2739 3193 3090 3292 monde
3133 3195 3216 3296 la

1226 3326 1534 3412 mieux
1579 3337 2006 3453 partagée
2037 3371 2060 3423 :
2111 3364 2266 3426 car
2313 3333 2702 3432 chafcun
2745 3344 3018 3469 penfe
3095 3382 3220 3442 en

1218 3465 1450 3558 eftre
1480 3462 1535 3556 fi
1558 3467 1766 3559 bien
1791 3475 2382 3604 pouruû,que
2418 3508 2650 3573 ceux
2680 3481 3024 3577 mefme
3055 3496 3217 3615 qui

1212 3616 1564 3713 fontles
1591 3616 1780 3744 plus
1804 3620 2218 3719 diffi.îles
2248 3660 2298 3720 a
2326 3659 2814 3725 contenter
2836 3667 2952 3727 en
3000 3663 3214 3732 tou¬

1212 3792 1309 3860 te
1332 3795 1587 3861 autre
1608 3770 1791 3864 cho
1800 3768 1839 3832 f
1830 3804 1916 3889 e,
1936 3776 2191 3869 n’ont
2213 3787 2471 3904 point
2500 3783 2978 3879 couftume
3008 3787 3214 3883 d’en

456 3896 1275 4037 defirerplusqu’ib
1304 3935 1640 4002 enont.
1710 3921 1849 4006 E11
1879 3947 2131 4044 quoy
2158 3919 2215 4011 il
2252 3924 2473 4015 n’eft
2503 3957 2653 4049 pas
2710 3957 2925 4054 vray
2976 3929 3210 4027 fem-

460 4045 753 4144 blable
780 4083 957 4180 que
984 4083 1187 4152 tous
1214 4052 1299 4149 fe
1344 4063 1773 4183 trôpent:
1836 4070 2071 4157 Mais
2100 4071 2439 4196 plutoft
2468 4072 2669 4165 cela
2694 4082 3211 4206 tdmoigne

454 4220 631 4315 que
676 4189 753 4282 la
800 4226 909 4314 pu
924 4199 1245 4290 «fiance
1290 4193 1411 4289 de
1464 4200 1669 4290 bien
1700 4205 1963 4329 iuger
2014 4281 2038 4319 ,
2126 4224 2215 4303 &
2268 4206 2777 4344 distinguer
2850 4217 2935 4308 le
2990 4249 3207 4344 vray

446 4335 865 4432 d’auecle
898 4336 1131 4459 faux,
1162 4349 1328 4473 qui
1386 4349 1518 4440 eft
1546 4382 2141 4477 proprement
2192 4391 2299 4454 ce
2346 4365 2629 4492 qu'on
2674 4397 3059 4464 nomme
3112 4367 3201 4464 le

445 4485 627 4577 bon
657 4481 877 4602 sens,
903 4521 1019 4582 ou
1052 4496 1135 4585 la
1181 4488 1525 4610 railon,
1554 4499 1684 4590 eft
1722 4501 2427 4603 naturellement
2470 4509 2763 4640 efgale
2808 4546 2931 4608 en
2980 4541 3191 4612 tous

439 4630 561 4724 les
587 4626 1037 4758 hommes;
1113 4633 2375 4771 Etainfiqueladiuerfite'de
2424 4688 2589 4751 nos
2610 4666 3047 4786 opinions
3074 4694 3193 4758 ne

439 4789 690 4879 vient
704 4818 855 4913 pas
879 4786 997 4886 de
1023 4824 1317 4922 ceque
1341 4792 1471 4888 les
1499 4825 1661 4890 vns
1685 4792 1889 4897 font
1940 4800 2135 4932 plus
2177 4800 2791 4905 raifonnables
2836 4841 3019 4936 que
3067 4816 3191 4907 les

3242 3213 3571 3270 PREMIERE
3246 3270 3498 3330 PARTIE.
1985 4986 2041 5045 a
2115 4996 2165 5051 2
2853 4983 3187 5076 autres,
