4267 5758
1012 347 1080 445 <j
1982 349 2806 447 Discours.

1024 509 1190 607 des
1219 538 1744 644 préceptes,
1780 509 2286 608 fedoiuent
2312 516 2470 608 efti
2488 545 2686 607 mer
2707 511 2902 637 plus
2930 512 3302 635 habiles,
3335 551 3516 647 que
3548 551 3786 620 ceux

1011 651 1437 781 .aulquels
1471 652 1573 746 ils
1607 650 1769 747 des
1803 651 2389 762 donnent,&
2421 653 2599 745 s’ils
2647 681 3155 782 manquent
3205 690 3319 751 en
3371 659 3451 753 la
3483 668 3787 756 moin¬

1021 809 1191 905 dre
1219 803 1523 910 choie,
1561 800 1661 894 ils
1689 832 1803 894 en
1829 799 2029 893 fout
2055 796 2617 894 blafmables.
2703 801 2939 893 Mais
2965 834 3083 898 ne
3113 805 3603 933 proposant
3625 838 3781 910 cet

1020 955 1519 1080 efcrit,que
1546 979 1925 1042 comme
1952 979 2131 1039 vue
2156 944 2693 1061 histoire,ou
2722 943 2783 1037 fi
2810 980 3033 1040 vous
3056 950 3445 1074 l’aymez
3474 959 3781 1052 mieux

1020 1139 1206 1239 que
1230 1134 1608 1200 comme
1638 1132 1812 1193 vue
1838 1093 2238 1217 fable,en
2264 1096 2652 1228 laquelle
2676 1108 2960 1225 parmi
2990 1104 3438 1233 quelques
3460 1141 3780 1210 exem¬

1019 1253 1210 1381 ples
1243 1253 1524 1379 qu’on
1551 1270 1772 1376 peut
1792 1251 2158 1362 imiter,
2202 1276 2324 1338 on
2370 1278 2478 1340 en
2526 1273 2964 1339 trouuera
3008 1255 3472 1374 peuteftre
3540 1264 3790 1380 aufly

1013 1403 1443 1533 plufieurs
1467 1426 1767 1496 autres
1793 1403 2077 1529 qu’on
2101 1429 2309 1490 aura
2337 1392 2621 1489 raifon
2653 1395 2773 1489 de
2797 1427 2915 1490 ne
2941 1432 3095 1526 pas
3129 1396 3785 1540 fuiurep’e/pe-

1019 1585 1123 1645 re
1151 1553 1371 1681 qu’il
1395 1552 1583 1648 fera
1613 1550 1833 1647 vtile
1861 1585 1913 1645 a
1941 1549 2391 1677 quelques
2423 1549 2819 1667 vns,fàns
2847 1558 3075 1652 eftre
3099 1558 3473 1657 nnifible
3499 1599 3549 1661 a
3573 1601 3789 1697 per¬

1018 1695 1334 1817 sonne,
1368 1713 1459 1794 &
1490 1730 1673 1826 que
1692 1726 1901 1791 tous
1930 1727 2085 1787 me
2114 1691 2543 1822 fçauront
2574 1701 2739 1823 gré
2770 1695 2889 1789 de
2916 1732 3065 1792 ma
3116 1696 3588 1811 franchi/e.

1154 1840 1550 1973 l’ayefté
1572 1851 1880 1938 nourri
1906 1875 2076 1937 aux
2104 1845 2422 1935 lettres
2444 1836 2602 1933 de'>
2632 1873 2852 1933 mon
2880 1846 3320 1969 enfance,
3380 1867 3472 1951 &
3516 1889 3788 1981 pour-

1022 1997 1426 2123 cequ’on
1452 2024 1600 2084 me
1626 1985 2148 2118 perfuadoit
2184 2018 2364 2114 que
2400 2018 2554 2108 par
2606 1991 2802 2079 leur
2828 2021 3176 2118 moyen
3220 2025 3344 2089 on
3400 2012 3792 2123 pouuoit

1013 2143 1437 2269 acquérir
1463 2168 1637 2230 vue
1663 2137 2311 2231 connoiftance
2339 2134 2611 2228 claire
2641 2155 2723 2231 &
2753 2171 2803 2229 a
2809 2137 3099 2234 duree
3125 2136 3239 2232 de
3267 2169 3473 2237 tout
3495 2179 3607 2239 ce
3631 2168 3793 2278 qui

1027 2291 1159 2385 eft
1185 2291 1407 2385 vtile
1433 2322 1481 2380 a
1507 2288 1593 2380 la
1621 2292 1801 2403 vie,
1833 2285 2137 2381 i’auois
2163 2314 2735 2381 vnextreme
2781 2287 3015 2384 defir
3055 2290 3173 2384 de
3225 2290 3353 2386 les
3407 2329 3791 2423 appren¬

1028 2429 1219 2527 dre.
1296 2434 1531 2524 Mais
1560 2426 1807 2523 fitost
1836 2437 2215 2557 queieu
2242 2425 2589 2525 acheué
2632 2459 2843 2525 tout
2868 2464 2979 2526 ce
3004 2466 3273 2529 cours
3310 2433 3790 2560 d’eftudes,

1026 2613 1136 2675 au
1164 2579 1396 2673 bout
1422 2572 1764 2702 duquel
1788 2607 1914 2669 ou
1936 2607 1984 2667 a
2012 2573 2578 2668 couftumed
2612 2577 2844 2667 eftre
2872 2608 3146 2672 receu
3200 2610 3310 2672 au
3354 2611 3582 2711 rang
3626 2581 3790 2680 des

1028 2725 1418 2834 doétes,
1468 2728 1552 2816 ie
1598 2720 2018 2849 changay
2064 2724 2688 2812 entièrement
2724 2717 3222 2844 d’opinion,
3314 2753 3468 2815 car
3508 2727 3594 2819 ie
3640 2755 3798 2818 me

1025 2873 1443 2969 trouuois
1471 2865 1982 2960 embaralfé
2007 2863 2123 2955 de
2153 2892 2351 2958 tant
2381 2862 2501 2956 de
2529 2863 2861 2959 doutes
2895 2882 2985 2962 &
3029 2864 3531 2981 d’erreurs,
3581 2866 3802 2998 qu’il

1021 3049 1179 3113 me
1201 3011 1635 3108 fembloit
1661 3012 1997 3105 n’auoir
2023 3005 2183 3102 fait
2209 3036 2467 3106 autre
2497 3013 2769 3139 profit
2801 3045 2917 3106 en
2945 3008 3359 3112 tafehant
3385 3015 3501 3113 de
3533 3023 3795 3114 m'in¬

1022 3165 1367 3259 struire-
1407 3162 1659 3254 finon
1688 3194 1871 3288 que
1897 3167 2203 3255 i’auois
2229 3160 2747 3258 découuert
2777 3163 2895 3258 de
2940 3162 3143 3290 plus
3171 3196 3287 3258 en
3328 3163 3523 3293 plus
3568 3200 3799 3264 mon

1020 3321 1566 3445 ignorance.
1630 3314 2672 3409 Etneanmoinsieftois
2708 3311 3278 3408 enl’vnedes
3334 3319 3526 3441 plus
3552 3316 3802 3412 célé¬

1024 3457 1234 3553 brés
1260 3453 1674 3552 efcholes
1698 3456 1816 3551 de
1866 3457 2348 3588 l’Europe,
2414 3462 2652 3557 oùie
2706 3458 3056 3589 penfois
3100 3461 3322 3592 qu’il
3374 3461 3692 3560 deuoit
3736 3500 3798 3594 y

1023 3605 1283 3695 auoir
1309 3595 1425 3694 de
1447 3596 1815 3730 fçauans
1841 3599 2269 3698 hommes
2293 3608 2426 3700 s'il
2449 3640 2505 3732 y
2529 3639 2645 3699 en
2671 3611 2925 3702 auoit
2957 3640 3071 3702 en
3095 3642 3391 3707 aucun
3423 3613 3798 3710 endroit

1021 3741 1143 3839 de
1167 3751 1247 3839 la
1277 3769 1551 3840 terre:
1599 3748 1719 3872 l’y
1741 3753 1997 3841 auois
2043 3758 2343 3876 appris
2373 3780 2585 3862 tput
2629 3787 2739 3847 ce
2789 3789 2971 3883 que
3025 3762 3155 3856 les
3199 3789 3495 3855 autres
3547 3795 3607 3889 y
3647 3794 3799 3890 ap-

1020 3897 1545 4021 prenoient;
1569 3910 1653 3996 &
1687 3895 2029 3995 mefme
2063 3929 2177 3992 ne
2211 3904 2633 3997 m’estant
2656 3937 2811 4031 pas
2837 3922 3303 4007 contenté
3315 3911 3477 4005 des
3503 3907 3791 4003 scien¬

1020 4067 1174 4135 ces
1206 4047 1486 4173 qu’on
1514 4076 1740 4138 nous
1772 4045 2340 4177 enfeignoit,
2380 4052 2692 4143 i’auois
2742 4085 3192 4179 parcouru
3226 4084 3432 4151 tous
3462 4057 3588 4149 les
3624 4057 3792 4148 lili¬

1018 4213 1188 4301 res,
1222 4195 1592 4282 traitatis
1636 4188 1756 4285 de
1804 4193 2084 4285 celles
2140 4198 2418 4322 qu'on
2454 4203 2776 4293 estime
2818 4209 2946 4294 les
2988 4208 3180 4330 plus
3222 4199 3670 4297 curieuses
3702 4214 3794 4298 &

1013 4333 1142 4429 les
1169 4333 1368 4465 plus
1391 4372 1657 4454 rares,
1707 4351 1862 4471 qui
1909 4353 2290 4438 auoient
2337 4378 2458 4472 pu
2505 4351 2880 4441 tomber
2913 4380 3178 4446 entre
3225 4386 3420 4447 mes
3467 4359 3785 4447 mains:

1017 4487 1619 4585 Aueccelaie
1673 4478 2185 4619 fçauoisles
2243 4496 2727 4622 iugemens
2775 4529 2957 4623 que
3007 4498 3133 4592 les
3179 4529 3481 4597 autres
3531 4495 3789 4594 failo-

1011 4629 1347 4723 ientde
1379 4664 1597 4762 moy
1607 4696 1627 4754 ;
1665 4650 1755 4735 &
1787 4671 2009 4731 lene
2045 4648 2371 4766 voyois
2398 4649 2661 4768 point
2688 4645 2969 4769 qu’on
3003 4643 3787 4747 m'estimast'infe-

1010 4785 1252 4877 rieur
1270 4817 1322 4885 a
1346 4817 1542 4886 mes
1570 4789 2208 4923 condisciples,
2252 4797 2696 4929 bienqu’il
2738 4831 2800 4927 y
2844 4832 2958 4898 en
2992 4798 3188 4900 eust
3238 4798 3486 4897 défia
3530 4824 3790 4895 entre

3612 4968 3790 5034 eux
