4267 5767
1266 345 1443 440 De
1518 351 1693 444 La
1778 351 2434 456 Méthode,
3215 407 3269 492 y

499 536 594 598 te
621 502 894 597 duree
919 499 1038 595 de
1067 533 1214 598 ma
1239 513 1386 603 vie
1433 505 1588 638 luy
1629 542 2072 640 pourront
2119 549 2628 650 permettre
2673 526 3263 636 d’atteindre.

497 658 680 747 Car
749 654 778 740 i
809 678 924 742 en
969 680 1082 774 ay
1131 646 1370 748 délia
1449 657 1882 789 receuilly
1925 660 2048 758 de
2097 666 2268 763 tels
2311 664 2568 769 fruits
2646 746 2675 790 ,
2750 682 3266 807 qu’encore

490 800 813 923 qu’aux
840 802 1321 924 iugemens
1350 833 1529 929 que
1554 810 1639 897 ie
1664 797 1827 902 fais
1866 805 1987 903 de
2032 814 2609 943 moymefme
2682 898 2708 939 ,
2790 828 2877 918 ie
2940 825 3265 932 tafche

478 936 921 1035 toufiours
942 935 1061 1031 de
1081 942 1493 1067 pencher
1524 979 1719 1044 vers
1746 953 1831 1044 le
1858 955 2257 1053 cofte"de
2284 958 2369 1055 la
2406 960 2886 1082 défiance,
2909 971 3253 1099 plutoft

479 1124 656 1222 que
679 1123 876 1183 vers
905 1085 1310 1215 celuyde
1341 1094 1422 1185 la
1445 1093 2074 1227 prefomption
2083 1164 2110 1225 ;
2145 1117 2241 1203 &
2267 1140 2446 1236 que
2495 1116 2982 1242 regardant
3025 1120 3248 1221 d’vn

477 1225 1336 1360 ceildePhilofophe
1381 1237 1504 1327 les
1551 1234 1948 1335 diuerfes
1993 1248 2340 1347 avions
2395 1268 2488 1355 &
2537 1259 3086 1390 entreprifes
3117 1266 3244 1368 de

473 1403 676 1469 tous
703 1375 824 1467 les
847 1370 1270 1469 hommes
1326 1454 1351 1492 ,
1433 1384 1498 1477 il
1547 1386 1694 1512 n’y
1743 1418 1860 1481 en
1905 1400 2032 1486 ait
2074 1395 2320 1523 quafi
2374 1433 2731 1501 aucune
2758 1416 2916 1535 qui
2944 1443 3061 1505 ne
3086 1447 3245 1512 me

474 1513 815 1616 femhle
846 1534 1099 1618 vaine
1136 1543 1225 1626 &
1252 1537 1610 1645 inutile,
1638 1537 1739 1627 le
1762 1567 1881 1629 ne
1936 1542 2181 1638 laide
2227 1579 2385 1674 pas
2428 1548 2549 1644 de
2596 1563 3019 1651 receuoir
3062 1592 3243 1660 vne

478 1693 881 1758 extrême
904 1661 1449 1769 fatiffaâion
1476 1676 1599 1769 du
1627 1690 2003 1809 progrès
2033 1719 2215 1813 que
2244 1695 2333 1785 ie
2383 1693 2660 1821 pense
2689 1706 2946 1794 auoir
2987 1700 3240 1802 défia

467 1795 622 1895 fait
651 1832 764 1894 en
793 1803 874 1898 la
899 1805 1398 1907 recherche
1425 1815 1546 1909 de
1571 1816 1654 1911 la
1679 1827 2001 1941 vérité,
2033 1844 2124 1925 &
2149 1828 2794 1935 deconceuoir
2813 1841 2934 1937 de
2963 1850 3234 1944 telles

459 1946 976 2078 efperances
998 1988 1228 2085 pour
1251 1959 1860 2097 l’auenir,que
1887 1971 1948 2066 fi
1969 2003 2234 2073 entre
2263 1978 2394 2076 les
2413 1991 3024 2113 occupations
3065 1989 3234 2090 des

458 2099 911 2221 hommes,
942 2135 1435 2232 purement
1464 2108 1956 2240 hommes,
2008 2127 2072 2220 il
2104 2157 2161 2252 y
2208 2156 2331 2219 en
2372 2126 3023 2258 aquelqu'vne
3070 2139 3240 2262 qui

454 2245 623 2347 foit
652 2249 1199 2356 solidement
1224 2262 1537 2361 bonne
1568 2286 1657 2369 &
1682 2278 2249 2401 importante
2313 2346 2344 2391 »
2438 2279 2655 2378 i'ofe
2684 2316 3007 2414 croyre
3035 2319 3227 2418 que

453 2402 667 2497 c’eft
687 2401 922 2499 celle
947 2440 1128 2535 que
1159 2419 1306 2542 iay
1327 2413 1698 2514 choifie.

573 2543 1060 2645 Toutefois
1083 2552 1148 2647 il
1173 2553 1256 2649 fe
1282 2587 1510 2686 peut
1535 2555 1758 2659 faire
1784 2598 1966 2695 que
1991 2575 2078 2663 ie
2107 2599 2258 2663 me
2293 2596 2685 2701 trompe.
2749 2584 2840 2671 &
2867 2604 2978 2670 ce
3003 2577 3232 2678 n’eft

442 2698 895 2820 peuteftre
922 2703 1197 2826 qu’vn
1242 2704 1911 2835 peudecuiure
1952 2728 2044 2814 &
2094 2709 2215 2807 de
2264 2749 2529 2814 verre
2578 2753 2763 2850 que
2812 2727 2899 2814 ie
2942 2753 3219 2850 prens

435 2867 663 2966 pour
684 2837 803 2933 de
830 2840 997 2938 l’or
1022 2863 1115 2950 &
1136 2851 1299 2949 des
1328 2856 1766 2957 diamans.
1852 2863 1949 2957 le
1992 2863 2193 2994 fcay
2220 2875 2663 2969 combien
2692 2905 2921 2969 nous
2968 2878 3212 2977 som¬

436 3013 631 3079 mes
658 2983 918 3085 fuiets
941 3021 993 3084 a
1015 3025 1246 3093 nous
1273 3003 1822 3133 méprendre
1843 3038 1968 3104 en
1993 3041 2106 3106 ce
2151 3024 2311 3145 qui
2367 3051 2600 3119 nous
2653 3028 3066 3159 touche;
3119 3048 3220 3136 &

435 3143 866 3241 combien
891 3149 1140 3279 aufly
1163 3149 1290 3247 les
1319 3162 1806 3289 iugemens
1851 3157 1974 3257 de
2013 3196 2182 3262 nos
2235 3176 2462 3266 amis
2513 3206 2750 3272 nous
2811 3177 3218 3282 doiuent

434 3288 1117 3420 eftrefulpe&s,
1188 3298 1633 3436 lorsqu'ils
1684 3310 1883 3409 font
1908 3347 2025 3411 en
2074 3323 2381 3437 noftçe
2430 3319 2788 3429 faneur.
2854 3346 3211 3440 Maisie

430 3417 673 3561 (eray
696 3437 907 3536 bien
932 3443 1133 3571 ayfe
1156 3443 1273 3545 de
1298 3444 1523 3551 faire
1548 3468 1757 3559 voir
1778 3492 1899 3556 en
1918 3494 2031 3560 ce
2074 3467 2482 3571 discours
2523 3483 2790 3607 quels
2817 3487 3018 3584 font
3071 3495 3202 3590 les

430 3576 840 3682 chemins
871 3620 1052 3717 que
1073 3600 1220 3724 iay
1241 3595 1539 3726 fuiuis,
1571 3624 1664 3710 &
1691 3608 1846 3741 d’y
1891 3616 2472 3748 représenter
2529 3662 2680 3727 ma
2729 3643 2876 3732 vie
2933 3673 3205 3741 com¬

427 3759 582 3828 me
607 3767 720 3829 en
751 3773 868 3835 vn
897 3742 1289 3867 tableau,
1335 3750 1552 3849 alfin
1578 3790 1762 3887 que
1801 3759 2194 3864 chafcun
2225 3801 2340 3864 en
2384 3777 2669 3903 puifle
2716 3783 3029 3914 iuger,
3108 3802 3200 3892 &

424 3893 1071 4020 qu’apprenant
1118 3899 1247 3996 du
1298 3904 1551 4002 bruit
1604 3943 2059 4014 commun
2100 3921 2229 4019 les
2270 3932 2703 4056 opinions
2757 3943 3041 4065 qu’on
3084 3975 3203 4040 en

422 4065 629 4132 aura
660 4109 684 4147 »
714 4072 823 4136 ce
846 4038 1015 4141 foit
1040 4082 1161 4144 vn
1190 4084 1609 4155 nouueau
1638 4095 1988 4193 moyen
2019 4068 2140 4168 de
2165 4080 2734 4204 m'instruire,
2753 4118 2942 4217 que
2975 4092 3200 4191 i’ad-

423 4187 866 4320 ioufteray
887 4227 936 4288 a
967 4228 1196 4294 ceux
1219 4200 1456 4304 dont
1479 4215 1658 4344 i’ay
1677 4221 2166 4320 couftume
2191 4225 2312 4323 de
2345 4263 2496 4330 me
2517 4226 2823 4333 feruir.

535 4336 782 4433 Ainfi
809 4375 1032 4441 mon
1057 4348 1406 4449 deflein
1433 4363 1662 4460 n’est
1684 4394 1843 4495 pas
1872 4365 2461 4508 d’enseigner
2504 4386 2659 4513 icy
2696 4383 2783 4481 la
2808 4387 3197 4489 Métho¬

414 4471 531 4571 de
558 4512 735 4608 que
754 4484 1149 4586 chafcun
1174 4496 1375 4597 doit
1400 4499 1699 4602 fuiure
1721 4543 1963 4640 pour
1988 4517 2205 4614 bien
2258 4523 2713 4627 conduire
2758 4524 2845 4628 fa
2868 4532 3191 4632 raison:

418 4633 631 4720 mais
656 4629 1155 4739 feulement
1190 4646 1313 4743 de
1338 4646 1563 4750 faire
1592 4667 1801 4755 voir
1841 4697 1958 4760 en
2011 4667 2322 4799 quelle
2369 4672 2616 4774 forte
2663 4687 2830 4811 i’ay
2883 4682 3213 4786 tafchè

413 4767 528 4867 de
559 4780 998 4885 conduire
1021 4791 1108 4889 la
1135 4801 1481 4899 miene.
1575 4812 1848 4909 Ceux
1878 4826 2038 4947 qui
2083 4815 2174 4916 fe
2217 4824 2610 4926 méfient
2659 4833 2780 4930 de
2829 4833 3198 4934 donner

2074 5007 2133 5064 a
2204 5005 2253 5102 5
3024 4985 3189 5086 des
