4267 5758
970 436 1033 519 4
1940 386 2749 479 Discours

976 581 1313 672 autres,
1350 557 1576 645 mais
1599 541 2110 640 feulement
2167 536 2290 635 de
2334 568 2444 633 ce
2496 566 2680 663 que
2722 558 2954 627 nous
3004 524 3546 626 conduisons
3600 561 3768 627 nos

967 709 1342 841 penfc'es
1373 731 1534 831 par
1559 692 1960 791 duierfes
1987 700 2412 817 voyes,&
2437 715 2554 778 ne
2579 674 3166 774 confiderons
3199 708 3348 802 pas
3373 674 3508 771 les
3539 672 3774 769 met-

969 844 1553 953 meschofès.
1645 847 1827 940 Car
1875 872 1987 936 ce
2033 838 2255 932 n’eft
2295 868 2451 963 pas
2491 834 2733 927 aflez
2772 828 3127 923 d’auoir
3166 824 3499 953 l’efprit
3532 826 3754 938 bon,

970 1007 1201 1099 mais
1228 998 1315 1094 le
1344 989 1785 1127 principal
1806 991 1939 1082 eft
1964 986 2083 1083 de
2110 980 2661 1113 l’appliquer
2688 977 2925 1070 bien.
2946 982 3131 1071 Les
3158 967 3353 1098 plus
3382 971 3771 1102 grandes

972 1186 1223 1251 âmes
1248 1150 1453 1246 font
1480 1143 1902 1271 capables
1928 1134 2088 1231 des
2120 1134 2320 1263 plus
2344 1160 2616 1261 grans
2654 1131 2967 1243 vices,
3024 1119 3269 1252 auflÿ
3313 1124 3530 1219 bien
3590 1153 3776 1250 que

979 1304 1362 1435 desplus
1388 1294 1780 1431 grandes
1809 1320 2166 1388 vertus:
2225 1291 2330 1384 Et
2375 1316 2612 1380 ceux
2663 1286 2822 1409 qui
2873 1312 2990 1375 ne
3041 1274 3530 1374 marchent
3583 1308 3772 1406 que

985 1452 1176 1551 fort
1229 1458 1752 1548 lentement
1789 1462 2194 1566 peuuent
2235 1458 2629 1524 auancer
2681 1427 3164 1551 beaucoup
3195 1421 3770 1550 d’auantage,

987 1599 1167 1697 s’ils
1212 1596 1561 1690 fuiuent
1590 1588 2041 1687 touliours
2074 1581 2159 1675 le
2190 1580 2441 1674 droit
2468 1574 2877 1692 chemin,
2926 1605 3115 1705 que
3164 1605 3281 1668 ne
3308 1566 3513 1667 font
3546 1602 3781 1666 ceux

988 1773 1147 1877 qui
1172 1761 1595 1849 courent,
1654 1745 1745 1828 &
1774 1733 1941 1857 qui
1968 1758 2005 1819 s
2036 1755 2155 1818 en
2182 1721 2728 1850 efloignent.

1123 1899 1370 1987 Pour
1406 1918 1629 2015 moy
1661 1892 1750 1978 ie
1778 1882 1978 2005 n'ay
2011 1875 2324 1968 jamais
2349 1858 2766 1997 prefumé
2791 1896 2974 1992 que
3033 1889 3256 1957 mon
3287 1856 3558 1986 efprit
3601 1851 3782 1952 fuit

989 2074 1110 2135 en
1139 2045 1332 2132 rien
1363 2040 1556 2165 plus
1583 2022 1906 2157 parfait
1963 2053 2144 2153 que
2193 2049 2430 2114 ceux
2483 2013 2606 2109 du
2655 2045 3102 2109 commun
3133 2056 3152 2107 :
3223 2010 3568 2105 niefme
3613 2015 3786 2135 i’ay

994 2184 1387 2279 forment
1440 2168 1857 2274 fouhaite'
1890 2166 2241 2261 d’auoir
2290 2161 2369 2251 la
2412 2154 2735 2284 penfee
2778 2152 3031 2280 auffy
3074 2179 3511 2281 prompte
3555 2226 3581 2264 ,
3662 2178 3789 2239 ou

1002 2327 1677 2456 l’imagination
1704 2313 1955 2441 auffy
1980 2336 2241 2404 nette
2272 2325 2359 2406 &
2392 2304 2843 2420 diftinéte,
2866 2336 2989 2395 ou
3014 2298 3101 2394 la
3124 2299 3578 2395 mémoire
3608 2288 3792 2386 auf.

995 2470 1097 2602 fy
1122 2458 1882 2598 ample,ouaulfy
1903 2453 2320 2585 prefente
2356 2478 2588 2580 ,que
2617 2450 3064 2580 quelques
3115 2465 3448 2537 autres.
3561 2443 3800 2531 Etie

1003 2650 1120 2714 ne
1143 2612 1472 2747 fçache
1505 2616 1770 2739 point
1797 2606 1918 2698 de
1945 2601 2348 2731 qualité?
2373 2628 2554 2723 que
2583 2597 2864 2691 celles
2891 2596 3209 2723 cy,qui
3233 2583 3598 2681 feruent
3629 2617 3675 2678 a
3703 2589 3782 2679 la

1011 2760 1537 2893 perfection
1564 2754 1685 2851 de
1714 2748 2077 2878 l’efprit:
2104 2776 2261 2839 car
2284 2775 2515 2871 pour
2538 2741 2623 2834 la
2648 2738 2973 2855 raifon,
3010 2769 3129 2830 ou
3162 2740 3239 2830 le
3270 2727 3515 2847 fens,
3546 2726 3801 2821 d’au¬

1018 2932 1215 3001 tant
1250 2897 1585 3030 qu’elle
1612 2897 1741 2990 eft
1766 2893 1853 2986 la
1874 2886 2121 2985 feule
2146 2886 2427 2981 chofe
2454 2892 2613 3014 qui
2640 2917 2863 2980 nous
2906 2881 3137 2979 rend
3164 2878 3643 2990 hommes,
3696 2890 3791 2975 &

1010 3084 1244 3148 nous
1265 3047 1724 3177 diftingae
1755 3042 1918 3137 des
1951 3038 2250 3134 beftes
2315 3043 2402 3131 ie
2432 3068 2606 3129 veu
2626 3072 2664 3128 x
2697 3064 3026 3161 croyre
3053 3027 3390 3162 qu’elle
3417 3028 3548 3123 eft
3577 3054 3792 3122 tou¬

1009 3224 1106 3299 te
1149 3201 1504 3291 entière
1549 3222 1668 3285 en
1729 3218 1850 3281 vu
1897 3179 2290 3297 chafcun
2349 3239 2372 3297 ;
2461 3197 2556 3282 &
2599 3178 2894 3276 future
2953 3208 3328 3303 encecy
3355 3176 3798 3301 l’opinion

1013 3369 1527 3447 commune
1612 3334 1777 3430 des
1832 3329 2419 3460 Philolophes
2487 3411 2513 3451 ,
2593 3337 2747 3462 qui
2794 3329 3089 3427 difent
3129 3326 3353 3459 qu’il
3392 3329 3543 3453 n'y
3579 3358 3629 3418 a
3674 3323 3801 3419 du

1012 3504 1215 3631 plus
1254 3509 1345 3594 &
1392 3490 1517 3587 du
1568 3516 1873 3582 moins
1940 3487 2363 3615 qu’entre
2406 3482 2539 3578 les
2594 3480 2989 3576 accident
3033 3560 3055 3594 ,
3130 3492 3223 3575 &
3286 3505 3475 3568 non
3542 3479 3805 3600 point

1020 3671 1282 3739 entre
1331 3639 1460 3762 les
1485 3639 1818 3762 fermes
1858 3665 1984 3726 ou
2042 3654 2412 3725 natures
2467 3627 2628 3724 des
2679 3624 3124 3721 indiuidus
3143 3620 3408 3716 d’vne
3451 3619 3802 3711 mefme

969 3792 1406 3923 efpecz^.

1150 3943 1389 4031 Mais
1412 3940 1501 4028 ie
1527 3963 1643 4027 ne
1671 3927 2154 4058 craindray
2183 3959 2337 4057 pas
2362 3922 2481 4021 de
2508 3919 2709 4016 dire
2769 3951 2953 4048 que
2978 3924 3065 4010 ie
3091 3912 3359 4043 penfè
3403 3914 3661 4006 auoir
3685 3938 3801 4004 eu

1022 4084 1511 4210 beaucoup
1540 4078 1897 4194 d’heur,
1928 4075 2049 4171 de
2074 4075 2431 4172 m’eftre
2460 4077 2947 4167 rencontré
2996 4066 3161 4161 dés
3212 4095 3361 4157 ma
3404 4060 3807 4157 ieuneffe

1026 4277 1142 4340 en
1170 4246 1564 4337 certains
1600 4233 2049 4346 chemins,
2094 4234 2252 4357 qui
2282 4232 2576 4320 m’ont
2604 4218 2992 4316 conduit
3015 4219 3072 4308 à
3093 4211 3256 4310 des
3296 4208 3812 4306 confidera-

1023 4394 1272 4485 tions
1303 4399 1394 4482 &
1441 4376 1604 4474 des
1631 4380 2114 4490 maximes,
2139 4370 2374 4467 dont
2405 4368 2570 4497 i’ay
2593 4362 2901 4461 forme'
2917 4393 3090 4455 vue
3115 4351 3614 4472 Méthode,
3647 4384 3810 4483 par

1030 4528 1429 4659 laquelle
1453 4529 1513 4622 il
1543 4562 1695 4623 me
1746 4518 2093 4615 semble
2147 4550 2325 4647 que
2378 4516 2556 4639 i’ay
2583 4539 2929 4637 moyen
2970 4504 3609 4630 d'augmenter
3651 4529 3813 4627 par

1034 4666 2375 4809 degrezmaconnoifTance,&
2410 4661 3167 4784 del’efleiierpeu
3202 4688 3253 4748 a
3270 4683 3453 4781 peu
3480 4680 3587 4743 au
3614 4653 3813 4776 plus

1036 4824 1257 4922 haut
1280 4815 1918 4954 point,auquel
1935 4813 2024 4911 la
2044 4814 2608 4912 médiocrité
2631 4809 2752 4904 de
2776 4836 2998 4904 mon
3022 4803 3298 4931 efprit
3330 4816 3418 4901 &
3443 4799 3526 4893 la
3550 4830 3818 4892 cour¬

3505 4975 3606 5045 te
3645 4947 3820 5045 du-
