4267 5758
1072 366 1202 498 •i4
2056 376 2856 473 Discours.

1092 543 1588 659 contrains,
1628 537 2552 668 nefçauroienteftre
2588 541 3340 672 fibienpolicez,
3395 583 3580 678 que
3634 586 3864 653 ceux

1096 686 1251 808 qui
1284 679 1445 779 des
1466 679 1553 778 le
1580 712 2411 780 commencement
2440 687 2699 815 qu’ils
2730 680 2817 779 fe
2844 683 3622 810 font^aflemblez,
3702 724 3867 791 ont

1096 826 1495 927 obferue'
1544 838 1671 928 les
1716 836 2367 934 conftitutions
2416 836 2537 933 de
2586 840 2991 969 quelque
3038 841 3433 970 prudent
3474 843 3867 969 Legifla-

1097 1003 1335 1076 teur.
1417 983 1823 1080 Comme
1849 980 1916 1076 il
1937 985 2072 1080 eft
2099 986 2313 1081 bien
2339 994 2685 1083 certain
2712 1024 2893 1120 que
2947 988 3251 1086 l’Eftat
3301 986 3419 1082 de
3471 986 3555 1081 la
3599 1022 3865 1118 vraye

1095 1124 1531 1254 religion,
1561 1122 1798 1220 dont
1825 1131 2066 1222 Dieu
2097 1124 2286 1223 seul
2307 1163 2356 1223 a
2379 1124 2544 1225 fait
2565 1130 2694 1227 les
2719 1133 3606 1255 ordonnances,doit
3633 1145 3864 1239 eftre

1099 1268 2072 1395 incomparablement
2103 1278 2414 1366 mieux
2443 1270 2698 1402 réglé
2725 1308 2902 1404 que
2929 1304 3136 1373 tous
3191 1279 3320 1374 les
3347 1310 3682 1384 autres.
3749 1295 3868 1385 Et

1097 1445 1332 1540 pour
1355 1414 1648 1543 parler
1670 1416 1840 1513 des
1864 1416 2182 1512 cbofes
2210 1416 2722 1538 humaines,
2752 1428 3094 1544 iecroy
3117 1459 3298 1553 que
3334 1433 3389 1525 fi
3440 1442 3760 1561 Sparte
3816 1474 3866 1535 a

1102 1555 1767 1657 efte'autrefois
1828 1558 2879 1676 tresflorifîante,cen’a
2926 1595 3079 1691 pas
3108 1571 3393 1666 elle'à
3432 1576 3695 1673 caufe
3746 1577 3865 1675 de

1096 1693 1185 1790 la
1208 1694 1645 1792 bonté'de
1690 1692 2653 1794 chafcunedefesloix
2696 1733 2817 1794 en
2864 1711 3437 1832 particulier,
3504 1719 3627 1810 vû
3682 1751 3865 1849 que

1098 1842 1527 1972 plufieurs
1567 1849 1955 1946 eftoient
2009 1842 2193 1945 fort
2237 1851 2753 1982 eftranges,
2821 1873 2913 1958 ôc
2975 1858 3325 1961 mefme
3369 1879 3865 1969 contraires

1099 2024 1276 2089 aux
1305 1993 1660 2091 bonnes
1691 2030 2047 2114 meurs,
2107 2004 2332 2094 mais
2359 2034 2414 2094 a
2451 2003 2716 2098 caufe
2743 2040 2924 2137 que
2949 2013 3310 2141 n’ayant
3335 2017 3524 2113 efte
3547 2025 3865 2116 inuen-

1099 2142 1298 2231 tées
1325 2170 1508 2266 que
1533 2171 1694 2269 par
1721 2175 1838 2233 vn
1859 2140 2006 2236 feu
2021 2148 2042 2236 1
2051 2224 2075 2260 ,
2105 2141 2322 2237 elles
2345 2143 2838 2245 tendoient
2879 2177 3194 2249 toutes
3237 2190 3290 2248 a
3333 2157 3680 2255 mefme
3705 2163 3859 2263 fin.

1098 2281 1566 2376 Etainfiie
1593 2283 1924 2413 penlày
1947 2318 2130 2416 que
2158 2285 2286 2383 les
2312 2291 2708 2386 sciences
2726 2290 2888 2389 des
2920 2296 3336 2413 liures.au
3364 2313 3662 2401 moins
3688 2310 3868 2408 cel¬

1096 2423 1231 2523 les
1254 2425 1489 2526 dont
1508 2430 1637 2525 les
1660 2431 1991 2530 raisons
2018 2468 2137 2531 ne
2162 2433 2365 2534 font
2388 2474 2575 2571 que
2600 2446 3114 2573 probables,
3142 2467 3229 2554 &
3248 2459 3403 2580 qui
3426 2458 3681 2557 n’ont
3708 2499 3854 2560 au¬

1102 2605 1385 2670 cunes
1438 2575 2282 2701 demonftrations,
2358 2589 2719 2690 s’eftant
2768 2593 3307 2727 composées
3352 2621 3443 2704 &
3484 2613 3859 2737 grolfies

1096 2757 1281 2852 peu
1309 2762 1357 2820 a
1382 2760 1559 2855 peu
1583 2727 1743 2821 des
1771 2734 2135 2856 opiniôs
2181 2730 2301 2827 de
2332 2734 2757 2862 plufieurs
2783 2744 3181 2849 diuerfes
3216 2755 3861 2886 perfonnes,ne

1097 2869 1306 2969 font
1335 2881 1663 3003 point,
1711 2872 1772 2973 fi
1801 2879 2474 3007 approchantes
2503 2887 2624 2985 de
2653 2895 2732 2986 la
2751 2903 3099 3022 vérité',
3134 2936 3315 3033 que
3345 2915 3469 3008 les
3507 2913 3861 3045 fimples

1093 3017 1774 3116 raifonnemens
1803 3055 1986 3150 que
2009 3054 2228 3152 peut
2251 3024 2482 3127 faire
2523 3040 3238 3146 naturellement
3265 3087 3388 3147 vn
3423 3054 3712 3155 home
3739 3061 3858 3159 de

1096 3165 1290 3262 bon
1314 3166 1502 3266 fens
1528 3173 1978 3271 touchant
2004 3176 2134 3273 les
2167 3178 2488 3279 choies
2517 3193 2676 3318 qui
2717 3186 2808 3283 fe
2847 3193 3406 3320 prefentent.
3469 3214 3588 3304 Et
3649 3208 3858 3305 ainfi

1098 3341 1445 3405 encore
1472 3317 1960 3448 iepenfay,
1983 3357 2164 3454 que
2209 3364 2754 3467 pourceque
2804 3373 3032 3439 nous
3082 3382 3364 3447 auons
3420 3382 3628 3454 tous
3674 3363 3875 3459 efte’

1098 3453 1415 3553 enfans
1440 3490 1715 3558 auant
1742 3499 1925 3595 que
1954 3469 2281 3571 d’eftre
2324 3477 2822 3599 hommes,
2866 3501 2953 3586 Le
3000 3491 3217 3618 qu'il
3260 3526 3495 3593 nous
3550 3535 3601 3596 a
3642 3498 3857 3599 fallu

1097 3609 1585 3734 longtems
1621 3614 1847 3711 eftre
1876 3648 2407 3745 gouuernez
2432 3656 2591 3753 par
2614 3659 2781 3722 nos
2802 3642 3151 3761 appetis
3200 3649 3289 3732 &
3332 3669 3501 3735 nos
3538 3649 3861 3740 Préce¬

1096 3780 1406 3880 pteurs
1435 3839 1459 3875 ,
1516 3768 1680 3891 qui
1719 3767 2111 3865 eftoient
2153 3769 2545 3872 fouuent
2593 3788 3089 3878 contraires
3137 3787 3265 3882 les
3317 3821 3477 3885 vns
3505 3825 3673 3889 aux
3703 3830 3853 3890 au¬

1101 3921 1321 4014 tres,
1363 3909 1934 4035 &quinyles
1961 3917 2420 4045 vnsnyles
2455 3948 2756 4018 autres
2791 3955 2908 4018 11e
2953 3960 3180 4023 nous
3225 3926 3856 4029 confeilloient

1095 4043 1556 4164 peuteftre
1579 4075 1734 4171 pas
1760 4049 2206 4152 toufiours
2229 4058 2318 4153 le
2347 4062 2800 4185 meilleur,
2851 4068 2928 4160 Il
2951 4073 3082 4168 eft
3105 4072 3366 4205 prefq
3375 4139 3400 4198 ;
3459 4079 3858 4208 impoflï-

1094 4180 1245 4277 ble
1270 4217 1453 4312 que
1476 4218 1641 4281 nos
1668 4196 2152 4322 iugemens
2180 4204 2472 4303 soient
2506 4211 2563 4306 fi
2591 4244 2830 4341 purs,
2858 4247 2980 4345 ny
3004 4215 3063 4312 fi
3088 4216 3408 4320 solides
3431 4227 3684 4353 qu’ils
3708 4261 3856 4322 au¬

1092 4340 1399 4429 raient
1462 4338 1669 4434 efte'
1724 4420 1750 4457 ,
1846 4344 1907 4439 fi
1958 4379 2183 4446 nous
2240 4366 2557 4456 auions
2610 4395 2731 4456 eu
2774 4362 3107 4496 l’vfage
3162 4377 3469 4467 entier
3512 4371 3639 4468 de
3690 4407 3856 4470 no-

1093 4479 1269 4573 ftre
1315 4477 1605 4576 raifon
1648 4486 1809 4585 des
1854 4496 1939 4589 le
1982 4505 2245 4622 point
2278 4501 2399 4598 de
2428 4510 3264 4636 noftrenaiflance,
3302 4535 3393 4620 &
3422 4553 3603 4649 que
3624 4554 3849 4619 nous

1091 4626 1572 4725 n’euffions
1593 4639 1903 4734 jamais
1931 4644 2577 4748 efte'conduits
2608 4687 2791 4783 que
2816 4691 2973 4786 par
2993 4660 3197 4757 elle.

1213 4775 1290 4873 Il
1315 4780 1444 4877 eft
1467 4814 1684 4916 vray
1711 4820 1894 4917 que
1925 4823 2158 4891 nous
2207 4826 2324 4893 ne
2369 4833 2728 4928 voyons
2769 4810 3036 4933 point
3082 4816 3366 4943 qu’on
3415 4822 3648 4915 iette
3696 4849 3854 4944 par

3609 4972 3850 5043 terre
