4267 5796
1258 397 1434 491 De
1508 391 1684 492 La
1762 390 2428 530 Méthode.
3150 454 3209 526 7

425 604 601 675 eux
627 565 1065 700 quelques
1091 555 2039 685 vns,qu’ondeftinoit
2063 593 2113 653 a
2131 560 2507 688 remplir
2527 559 2657 655 les
2709 558 3015 688 places
3063 566 3185 664 de

422 756 590 825 nos
620 711 1052 812 maiftres:
1141 709 1264 796 Ec
1306 700 1554 795 enfin
1582 701 1886 793 noftre
1937 700 2212 797 fiecle
2254 736 2410 798 me
2457 704 2894 801 fembloir
2934 708 3190 838 auflTy

424 867 955 977 fleuriflant,
992 872 1085 954 &
1108 855 1353 979 aufly
1378 844 1682 944 fertile
1712 880 1830 941 en
1856 848 2089 947 bons
2112 847 2463 979 efprits,
2492 859 2781 981 qu’ait
2808 851 2995 951 efté
3036 889 3190 949 au¬

423 1050 605 1119 cun
631 1012 793 1110 des
815 997 1353 1135 precedens.
1451 999 1755 1119 Gequi
1785 1026 1939 1088 me
1967 987 2267 1091 faifoic
2287 999 2689 1124 prendre
2717 998 2797 1094 la
2821 999 3187 1122 liberté^

421 1165 544 1261 de
570 1170 830 1292 iuger
850 1188 1006 1285 par
1028 1185 1252 1277 moy
1275 1149 1394 1243 de
1420 1172 1628 1240 tons
1653 1147 1778 1237 les
1812 1166 2144 1253 autres,
2189 1152 2280 1237 &
2305 1138 2422 1232 de
2448 1140 2778 1268 penfer
2802 1143 3012 1272 qu’il
3038 1150 3190 1272 n’y

422 1310 673 1405 auoit
692 1328 1039 1394 aucune
1062 1294 1481 1391 doârine
1504 1288 1725 1384 dans
1744 1285 1829 1381 le
1854 1283 2209 1380 monde
2236 1292 2399 1416 qui
2422 1279 2601 1381 fuft
2622 1290 2873 1406 telle,
2896 1293 3185 1417 qu’on

419 1456 601 1553 m’a
619 1453 817 1544 uoit
839 1464 1381 1568 auparauant
1403 1430 1565 1528 fait
1589 1429 1979 1559 efperer.

546 1588 1302 1714 Ienelaiffoispas
1338 1573 1792 1677 toutefois
1837 1578 2304 1674 d’eftimer
2323 1576 2452 1672 les
2480 1578 3188 1699 exercices,aux¬

426 1744 679 1877 quels
700 1773 823 1834 on
846 1739 1275 1861 s’occupe
1302 1731 1521 1827 dans
1548 1732 1679 1828 les
1708 1726 2149 1827 efcholes.
2262 1736 2365 1822 le
2408 1725 2767 1860 fçauois
2810 1764 3001 1862 que
3048 1733 3187 1832 les

419 1897 791 2018 langues
839 1884 1117 2007 qu’on
1147 1913 1207 2010 y
1241 1905 1629 2009 apprent
1679 1877 1885 1972 font
1935 1877 2465 1972 neceflaires
2511 1907 2747 2003 pour
2789 1874 3189 1973 l’intelli¬

408 2064 704 2171 gence
733 2027 890 2123 des
925 2024 1194 2120 liures
1214 2028 1582 2146 anciens
1610 2085 1636 2145 ;
1691 2031 1910 2143 Que
1957 2020 2044 2116 /a
2098 2025 2618 2151 gentillesse
2659 2020 2824 2119 des
2883 2013 3178 2115 fables

408 2172 775 2281 reueille
800 2170 1161 2298 l’eiprik;
1192 2177 1407 2289 Que
1428 2168 1559 2264 les
1584 2171 1951 2264 aâions
1980 2165 2607 2264 mémorables
2652 2164 2817 2261 des
2866 2163 3186 2260 hiftoi-

405 2356 547 2427 res
575 2328 663 2424 le
687 2321 1171 2432 releuent,
1211 2331 1303 2413 LL
1345 2317 1795 2445 qu’eftant
1843 2316 2095 2410 leuës
2139 2346 2365 2410 auec
2409 2313 2909 2411 difcretion
2955 2313 3181 2409 elles

404 2472 748 2601 aydent
774 2505 824 2565 a
845 2465 1198 2565 former
1217 2459 1306 2555 le
1332 2471 1852 2592 jugement;
1898 2468 2120 2576 Que
2141 2457 2230 2553 la
2256 2462 2612 2556 leâure
2641 2456 2762 2553 de
2788 2484 3002 2557 tous
3043 2459 3174 2553 les

404 2621 637 2719 bons
708 2611 973 2709 liures
1016 2612 1149 2708 eft
1192 2640 1575 2703 comme
1626 2635 1805 2701 vue
1848 2598 2493 2696 conuerfation
2534 2630 2765 2695 auec
2808 2598 2937 2692 les
2980 2597 3181 2729 plus

401 2767 891 2869 honneftes
921 2792 1141 2893 gens
1171 2759 1333 2853 des
1359 2754 1673 2853 fiecles
1695 2756 2033 2885 paftez,
2067 2763 2227 2885 qui
2263 2786 2383 2850 en
2409 2781 2579 2851 ont
2623 2756 2817 2850 efté
2843 2754 2975 2850 les
3021 2788 3181 2849 au-

402 2910 746 3032 theurs;
778 2921 868 3005 &
900 2898 2598 3021 mefmevneconuerlàtioneftudiée,
2634 2934 2754 2995 en
2778 2900 3188 3030 laquelle

400 3059 511 3157 ils
536 3092 651 3156 ne
674 3089 901 3154 nous
924 3054 1507 3152 déëouurent
1532 3085 1715 3186 que
1744 3059 1873 3149 les
1924 3051 2449 3148 meilleures
2500 3051 2623 3147 de
2670 3050 2913 3145 leurs
2960 3080 3183 3177 pen-

399 3197 631 3326 fées;
685 3209 893 3324 Que
931 3198 1543 3331 l'Eloquence
1595 3233 1647 3295 a
1689 3201 1853 3294 des
1891 3192 2199 3294 forces
2247 3214 2339 3296 &
2393 3200 2547 3294 des
2599 3197 2999 3293 beautez
3043 3201 3185 3289 in¬

402 3347 1088 3480 comparables;
1158 3355 1378 3472 Que
1412 3348 1498 3442 la
1550 3343 1868 3444 Poëfie
1930 3380 1982 3440 a
2024 3343 2188 3440 des
2240 3342 2818 3440 délicatesses
2886 3357 2976 3442 &
3016 3341 3184 3439 des

398 3505 859 3603 douceurs
874 3531 1057 3601 très
1082 3497 1611 3623 rauiffantes
1661 3561 1687 3623 }
1780 3506 1999 3619 Que
2028 3495 2157 3589 les
2184 3492 2983 3622 Mathématiques
3010 3514 3185 3584 ont

399 3649 1717 3753 desinuentionstresfubtiles
1787 3731 1812 3769 ,
1905 3662 1993 3746 &
2047 3655 2205 3775 qui
2253 3669 2665 3776 peuuent
2691 3640 3186 3768 beaucoup

396 3795 700 3918 fèruir,
730 3825 922 3895 tant
948 3834 1000 3892 a
1022 3826 1522 3897 contenter
1544 3802 1676 3895 les
1710 3802 2124 3919 curieux,
2158 3794 2370 3925 qu’a
2400 3786 2790 3886 faciliter
2818 3814 3028 3884 tous
3054 3785 3184 3884 les

396 3978 617 4070 arts,
654 3963 745 4048 &
764 3947 1227 4044 diminuer
1242 3949 1331 4045 le
1358 3953 1679 4045 trauail
1712 3947 1877 4043 des
1938 3946 2411 4062 hommes;
2458 3941 2681 4036 Oue
2726 3934 2857 4028 les
2916 3931 3189 4031 efcris

399 4098 559 4221 qui
605 4097 991 4190 traitent
1033 4094 1193 4192 des
1237 4129 1545 4193 meurs
1619 4100 2173 4191 contienent
2233 4084 2661 4219 plufieurs
2711 4076 3181 4211 enfeigne-

396 4242 1256 4371 menSj&plufîeurs
1302 4246 1940 4342 exhortations
1988 4275 2038 4336 a
2086 4241 2172 4335 la
2220 4264 2486 4339 vertu
2534 4238 2696 4365 qui
2740 4226 2948 4324 font
2996 4219 3196 4321 fort

396 4392 693 4512 vtiles;
726 4395 943 4512 Que
970 4396 1051 4488 la
1074 4391 1613 4526 Théologie
1647 4390 2087 4526 enfeigne
2113 4427 2167 4489 a
2207 4402 2593 4527 gaigner
2624 4385 2705 4481 le
2734 4375 2945 4493 ciel;
2970 4383 3197 4503 Que

397 4529 479 4627 la
525 4532 1109 4665 Philofophie
1151 4533 1469 4636 donne
1519 4570 1869 4667 moyen
1921 4538 2041 4634 de
2077 4534 2379 4665 parler
2425 4525 3191 4661 vrayfemblable-

396 4718 656 4787 ment
708 4693 830 4790 de
860 4719 1170 4794 toutes
1214 4693 1586 4818 chofes,
1650 4713 1742 4795 &
1788 4696 1878 4792 fe
1934 4692 2156 4792 faire
2204 4692 2614 4792 admirer
2664 4686 2828 4785 des
2884 4689 3194 4780 moins

394 4837 789 4979 %auans;
821 4863 1043 4985 Que
1072 4850 1919 4988 lalurilprudence,
1942 4850 2025 4950 la
2049 4846 2599 4965 Médecine,
2615 4854 2707 4945 &
2730 4836 2863 4934 les
2891 4859 3197 4930 autres

2907 4983 3206 5089 feien-
