4267 5788
1265 369 1433 466 De
1517 372 1689 463 La
1757 371 2035 460 Met
2067 380 2131 456 rt
2157 395 2423 469 ode.
3135 413 3235 471 ir

464 532 799 632 noiftre
838 529 1195 626 aflesce
1230 532 1603 657 qu’elles
1642 525 2877 659 valoient,pourn’eftreplus
2926 530 3241 631 fuieta

462 688 692 780 cftre
718 684 1116 806 trompé,
1142 708 1260 803 ny
1290 707 1446 803 par
1472 672 1594 768 les
1622 672 2126 803 promefles
2180 669 2394 767 d’vn
2422 672 3064 796 Alchemifte,
3116 708 3238 803 ny

461 866 615 964 par
641 830 767 923 les
795 826 1359 957 prédirions
1385 821 1599 916 d’vn
1633 826 1705 915 A
1723 821 2223 948 Urologue,
2261 849 2381 947 ny
2409 854 2571 950 par
2621 828 2753 919 les
2791 830 3235 958 impoftu-

464 972 849 1070 resd’vn
900 973 1433 1098 Magicien,
1505 996 1629 1092 ny
1672 997 1831 1095 par
1878 969 2005 1060 les
2053 965 2451 1062 artifices
2504 1004 2627 1064 ou
2686 971 2773 1065 la
2826 983 3249 1073 veoterie

456 1132 840 1222 d’aucun
866 1119 982 1216 de
1008 1154 1242 1216 ceux
1266 1123 1424 1247 qui
1446 1112 1654 1213 font
1678 1109 2176 1247 profeffion
2202 1113 2318 1211 de
2346 1115 2706 1248 fçauoir
2736 1121 2932 1253 plus
2972 1125 3236 1256 qu’ils

459 1316 581 1378 ne
605 1276 999 1411 fçauent.

591 1429 1339 1552 C’eftpourquoy
1387 1421 1635 1520 fitoft
1664 1457 1847 1553 que
1879 1426 2161 1554 l’aage
2211 1457 2365 1519 me
2412 1429 2751 1552 permit
2801 1421 2921 1518 de
2967 1420 3235 1521 sortir

464 1576 584 1670 de
608 1574 688 1668 la
710 1571 1084 1665 fuietion
1110 1566 1226 1661 de
1256 1599 1448 1662 mes
1480 1578 2088 1697 Précepteurs
2162 1651 2186 1687 ,
2290 1577 2378 1663 ie
2422 1578 2786 1701 quittay
2830 1580 3236 1671 entière¬

469 1739 716 1812 ment
741 1708 1114 1806 l’eftude
1139 1710 1302 1807 des
1325 1711 1678 1810 lettres.
1775 1725 1894 1810 Et
1935 1707 2576 1810 merefoluant
2625 1714 2748 1809 de
2795 1743 2912 1810 ne
2963 1716 3232 1813 cher¬

467 1862 683 1958 cher
709 1855 903 1985 plus
927 1858 1277 1955 d’autre
1299 1855 1689 1975 science,
1713 1893 1893 1987 que
1921 1858 2157 1954 celle
2187 1865 2347 1987 qui
2379 1857 2465 1954 fc
2513 1867 2935 1988 pourroit
2977 1888 3243 1957 trou-

458 2042 622 2104 uer
644 2042 758 2105 en
782 2005 1390 2138 moymefme,
1422 2010 1772 2106 oubien
1822 2005 2048 2100 dans
2072 2004 2160 2097 le
2208 2002 2491 2135 grand
2522 2004 2753 2099 litire
2796 2001 2919 2098 du
2966 2038 3242 2101 mon¬

460 2156 610 2270 de,
650 2156 1210 2284 I'employay
1236 2155 1318 2249 le
1346 2160 1580 2254 refte
1606 2158 1724 2255 de
1756 2191 1906 2251 ma
1926 2155 2328 2253 jeunesse
2360 2161 2410 2252 à
2444 2192 2906 2291 voyager,
2952 2168 3006 2260 à
3042 2173 3238 2261 voir

459 2296 617 2394 des
645 2330 939 2416 cours,
975 2316 1065 2398 &
1089 2298 1247 2394 des
1277 2309 1735 2413 armées,à
1757 2297 2299 2430 fréquenter
2329 2301 2493 2400 des
2525 2338 2753 2434 gens
2779 2307 2897 2406 de
2925 2312 3237 2411 diuer-

454 2442 587 2540 fes
608 2442 1037 2540 humeurs
1070 2458 1161 2543 &
1184 2441 1772 2565 conditions,
1828 2447 2375 2543 àreceuillir
2420 2452 2825 2555 diuerfes
2874 2469 3235 2592 experi-

456 2589 828 2703 ences,à
850 2617 942 2680 m
980 2582 1460 2714 élprouuer
1488 2591 2068 2719 moymefme
2098 2596 2316 2691 dans
2336 2595 2460 2694 les
2488 2627 3024 2697 rencontres
3054 2634 3240 2725 que

453 2726 540 2820 la
561 2724 936 2823 fortune
963 2760 1114 2824 me
1137 2728 1641 2859 propofoit,
1683 2753 1776 2837 &
1797 2768 2174 2867 partout
2205 2751 2258 2843 à
2281 2739 2503 2846 faire
2531 2749 2751 2849 telle
2779 2752 3231 2850 reflexion

459 2874 597 2972 fur
639 2872 765 2971 les
809 2872 1127 2970 choses
1175 2883 1331 3005 qui
1391 2871 1481 2972 fe
1535 2879 2159 3008 prefentoient
2208 2923 2393 3021 que
2461 2898 2637 2992 i’en
2710 2891 2967 3023 pusse
3009 2900 3229 2991 tirer

458 3024 858 3156 quelque
880 3026 1176 3156 profit.
1258 3033 1440 3123 Car
1464 3034 1532 3126 il
1554 3062 1708 3127 me
1732 3031 2166 3133 ferabloit
2194 3071 2380 3169 que
2426 3046 2514 3136 ie
2550 3054 2970 3174 pourrois
3026 3079 3238 3145 ren¬

459 3202 820 3271 contrer
839 3179 1322 3309 beaucoup
1345 3180 1546 3310 plus
1585 3182 1706 3281 de
1757 3190 2068 3288 vérité
2095 3188 2314 3287 dans
2359 3197 2490 3290 les
2535 3195 3230 3295 raifonnemens

457 3354 639 3452 que
667 3319 1049 3418 chafcun
1073 3322 1273 3443 fait,
1291 3326 1745 3427 touchant
1767 3333 1897 3429 les
1925 3338 2285 3435 affaires
2317 3352 2477 3472 qui
2509 3342 2663 3473 luy
2687 3351 3235 3476 importent,

460 3488 551 3572 &
578 3468 811 3565 dont
836 3469 1456 3572 l’euenement
1480 3478 1568 3574 le
1596 3478 1798 3577 doit
1822 3490 2082 3611 punir
2108 3488 2515 3590 bientoft
2542 3526 2802 3625 apres
2832 3494 2957 3590 s’il
2978 3528 3026 3586 a
3056 3493 3241 3589 mal

454 3630 694 3754 iugej
725 3653 906 3749 que
930 3620 1144 3716 dans
1170 3657 1408 3720 ceux
1453 3660 1640 3756 que
1688 3625 1852 3725 fait
1902 3666 2022 3728 vn
2068 3632 2460 3734 homme
2526 3638 2648 3735 de
2676 3639 2992 3735 lettres
3016 3636 3240 3735 dans

453 3764 611 3860 fon
637 3767 1005 3859 cabinet
1029 3767 1483 3866 touchant
1507 3772 1671 3871 des
1693 3773 2301 3905 spéculations
2347 3790 2509 3914 qui
2533 3816 2649 3879 ne
2707 3778 3247 3913 produisent

450 3945 741 4010 aucun
772 3915 1082 4038 effeét,
1120 3930 1209 4015 &
1236 3923 1395 4043 qui
1420 3952 1539 4014 ne
1564 3922 1719 4053 luy
1740 3921 1947 4022 font
1978 3926 2331 4027 d’autre
2362 3930 3080 4065 conséquence,
3136 3933 3247 4031 si¬

452 4100 638 4164 non
684 4101 866 4197 que
930 4075 1392 4198 peuteflre
1442 4076 1506 4168 il
1550 4112 1670 4173 en
1720 4085 2004 4176 tirera
2054 4080 2464 4181 d’autant
2524 4084 2722 4216 plus
2760 4083 2880 4180 de
2932 4085 3248 4182 vanité

451 4214 809 4348 qu’elles
837 4215 1139 4316 feront
1163 4221 1355 4347 plus
1381 4224 1895 4357 efloignées
1925 4224 2049 4322 du
2087 4224 2283 4323 fens
2313 4261 2765 4328 commun
2799 4271 2819 4321 :
2873 4262 2925 4324 a
2975 4225 3243 4326 caufe

452 4364 671 4496 qu’il
697 4397 907 4462 aura
947 4366 1133 4462 deu
1155 4377 1639 4506 employer
1665 4375 2081 4471 d’autant
2108 4377 2309 4507 plus
2357 4374 2731 4506 d’efprit
2787 4389 2881 4474 &
2933 4374 3245 4469 d’arti¬

448 4512 618 4598 fice
644 4508 694 4599 à
724 4503 1080 4602 tafeher
1122 4506 1242 4605 de
1270 4509 1400 4606 les
1450 4514 1786 4613 rendre
1812 4516 2618 4648 vrayfemblables.
2764 4531 2884 4618 Et
2928 4526 3250 4621 i’auois

451 4652 898 4751 toufiours
949 4688 1070 4754 vn
1117 4687 1544 4760 extreme
1613 4664 1852 4765 défit
1933 4666 2550 4801 d’apprendre
2625 4709 2672 4771 a
2741 4671 3252 4806 diftinguer

453 4806 539 4900 le
593 4844 799 4941 vray
841 4811 1163 4911 d’auec
1213 4811 1297 4913 le
1341 4811 1549 4918 faux
1587 4904 1611 4946 ,
1685 4853 1925 4951 pour
1969 4828 2173 4922 voir
2221 4821 2445 4923 clair
2475 4856 2597 4922 en
2637 4830 3261 4939 mesaétions,

2092 4954 2139 5051 b
2232 4995 2280 5053 z
3182 4973 3279 5059 &
