4267 5796
1188 336 1356 428 De
1428 338 1600 427 La
1690 339 2352 456 Méthode.
3132 380 3182 456 9

422 496 752 598 Poëfie:
806 492 1532 624 Maisiepenfois
1578 497 2018 625 quel’vne
2074 508 2162 592 &
2202 492 2520 589 l’autre
2574 491 2978 588 eftoient
3020 496 3194 592 des

420 646 644 738 dons
670 641 786 735 de
816 641 1178 769 l’elprit,
1205 642 1540 770 plutoft
1569 675 1752 773 que
1778 641 1938 735 des
1970 638 2224 736 fruits
2254 642 2370 737 de
2398 641 2814 741 l’eftude.
2902 650 3174 740 Ceux

415 800 565 922 qni
597 819 759 885 ont
787 789 871 885 le
911 789 1689 886 raifonnementle
1723 789 1919 917 plus
1945 786 2131 886 fort
2183 872 2207 908 ,
2275 808 2363 889 &
2407 799 2565 921 qui
2595 789 3029 917 digèrent
3083 792 3177 888 le

413 944 715 1030 mieux
743 935 975 1027 leurs
1007 932 1601 1062 penfeesadin
1633 935 1747 1027 de
1775 935 1909 1027 les
1959 932 2287 1028 rendre
2335 931 2647 1027 claires
2689 951 2781 1031 &
2837 936 3179 1034 intelli¬

416 1086 739 1214 gibles,
778 1110 1183 1215 peuuent
1222 1082 1673 1178 toujours
1724 1085 1809 1177 le
1862 1092 2171 1178 mieux
2224 1081 2711 1212 persuader
2762 1117 2871 1178 ce
2918 1086 3181 1214 qu’ils

410 1239 930 1366 proposent,
962 1267 1296 1331 encore
1324 1233 1578 1362 qu’ils
1612 1267 1726 1327 ne
1756 1230 2236 1361 parlassent
2264 1262 2448 1360 que
2512 1231 2666 1325 bas
2692 1237 3062 1348 Breton,
3080 1244 3176 1330 &

414 1388 664 1516 qu’ils
692 1383 1122 1479 n’eussent
1150 1386 1456 1476 jamais
1484 1383 1714 1505 apris
1746 1377 1860 1469 de
1902 1374 2476 1503 Rhétorique
2506 1415 2526 1463 :
2596 1379 2718 1465 Et
2746 1405 2980 1466 ceux
3012 1390 3172 1500 qui

413 1558 578 1624 ont
607 1530 724 1621 les
755 1530 1268 1621 inuentions
1297 1520 1426 1614 les
1471 1519 1666 1649 plus
1701 1520 2172 1647 agréables
2223 1536 2308 1616 &
2379 1525 2534 1645 qui
2591 1517 2718 1611 les
2789 1516 3174 1650 fçauent

419 1687 859 1806 exprimer
881 1705 1097 1767 auec
1123 1670 1205 1764 le
1231 1670 1423 1798 plus
1451 1670 2039 1768 d’ornement
2091 1686 2181 1766 &
2217 1668 2335 1762 de
2381 1667 2797 1761 douceur
2819 1700 2935 1760 ne
2959 1666 3167 1760 lair-

415 1830 707 1914 roient
733 1851 885 1947 pas
911 1817 1235 1912 d'eftre
1265 1816 1389 1910 les
1423 1817 1883 1913 meilleurs
1913 1827 2303 1938 Poëtes,
2379 1849 2723 1915 encore
2753 1848 2935 1948 que
2963 1822 3165 1914 l’art

408 1965 853 2085 Poëtique
880 1955 1069 2051 leur
1092 1952 1261 2052 fuft
1284 1964 1726 2061 inconnu.

534 2114 636 2197 le
662 2137 808 2197 me
838 2099 1184 2231 plailbis
1212 2102 1352 2196 fur
1380 2134 1590 2203 tout
1622 2147 1792 2209 aux
1826 2116 2656 2243 Mathématiques,
2684 2143 2734 2205 a
2758 2104 3018 2202 caufe
3046 2100 3172 2198 de

406 2252 488 2348 la
514 2253 970 2350 certitude
1012 2271 1102 2354 &
1132 2256 1252 2352 de
1278 2256 1798 2361 l’euidence
1824 2267 1942 2363 de
1974 2268 2208 2364 leurs
2234 2265 2628 2381 raifons,
2684 2266 2906 2357 mais
2930 2264 3018 2352 ie
3042 2288 3166 2348 ne

405 2405 968 2527 remarquois
1029 2406 1298 2530 point
1347 2438 1694 2505 encore
1741 2411 1932 2508 leur
1979 2446 2202 2542 vray
2245 2408 2516 2541 vfage
2563 2489 2589 2525 ,
2653 2421 2744 2505 &
2783 2400 3168 2534 penfant

403 2551 773 2676 quelles
803 2583 915 2643 ne
941 2547 1397 2652 feruoient
1423 2567 1751 2688 qu’aux
1773 2591 1951 2659 arts
1991 2562 2735 2685 Mechaniques,
2785 2560 2873 2648 ie
2905 2546 3167 2646 m’ef-

399 2699 1033 2797 tonnoisdece
1063 2738 1241 2838 que
1269 2704 1505 2803 leurs
1529 2707 2405 2811 fondemenseftans
2449 2709 2509 2803 li
2561 2703 2899 2802 fermes
2949 2718 3041 2800 &
3095 2696 3161 2792 fi

394 2850 750 2971 lolides,
778 2887 901 2951 on
944 2865 1287 2956 n’auoit
1306 2870 1499 2958 rien
1528 2865 2072 2963 baftideflus
2104 2864 2224 2960 de
2254 2864 2451 2994 plus
2476 2849 2806 2957 relcué.
2866 2860 3164 2952 Com¬

400 3028 552 3092 me
596 3031 700 3093 au
762 3014 1218 3102 contraire
1290 3016 1376 3106 ie
1442 3021 1966 3145 comparois
2038 3016 2170 3114 les
2238 3010 2510 3110 eferis
2578 3009 2742 3105 des
2796 3008 3162 3102 anciens

394 3180 726 3278 payeus
754 3161 906 3281 qui
938 3162 1316 3252 traitent
1338 3158 1504 3257 des
1530 3197 1860 3283 meurs,
1898 3167 1952 3260 à
1976 3164 2136 3260 des
2160 3162 2434 3294 palais
2460 3153 2646 3255 fort
2688 3152 3154 3286 fuperbes,

399 3312 484 3396 &
517 3292 698 3391 fort
725 3301 1359 3432 magnifiques,
1393 3317 1554 3436 qui
1599 3313 2085 3410 n’eftoient
2129 3312 2395 3408 battis
2433 3339 2617 3439 que
2661 3305 2801 3398 fur
2853 3304 2977 3398 du
3031 3298 3161 3394 fa¬

395 3444 565 3556 ble,
595 3462 679 3543 &
707 3441 843 3537 fur
867 3445 983 3541 de
1019 3451 1101 3544 la
1123 3454 1365 3548 bovë
1375 3516 1401 3576 ;
1429 3456 1551 3553 Ils
1579 3459 1989 3558 efieuent
2013 3458 2205 3560 fort
2233 3460 2455 3556 haut
2481 3457 2607 3553 les
2633 3482 3003 3572 vertus,
3065 3464 3157 3548 &

395 3590 517 3684 les
545 3586 747 3687 font
771 3599 1207 3723 paroiftre
1239 3606 1761 3709 eftimables
1785 3645 1941 3739 par
1967 3608 2267 3708 dessus
2289 3635 2597 3707 toutes
2623 3607 2789 3705 des
2835 3598 3159 3702 chofes

392 3746 545 3864 qui
570 3740 764 3835 font
786 3775 892 3835 au
930 3748 1306 3868 monde,
1352 3759 1580 3849 mais
1608 3759 1710 3853 ils
1774 3754 2406 3890 n’enfeignent
2456 3789 2610 3885 pas
2648 3755 2892 3855 aflez
2930 3790 2982 3850 a
3022 3754 3152 3848 les

392 3887 962 4003 connoiftre,
1022 3903 1112 3990 &
1162 3890 1556 3993 fouuent
1600 3933 1708 3997 ce
1756 3905 2018 4031 qu'ils
2064 3908 2498 4034 appelent
2546 3901 2762 3997 d’vn
2814 3898 2876 3996 fi
2920 3900 3156 3996 beau

388 4062 604 4124 nom
630 4029 848 4125 n’cft
876 4037 1204 4159 qu'vne
1228 4044 1842 4163 iufenfibilite,
1876 4086 1998 4148 ou
2032 4084 2154 4148 vn
2180 4049 2572 4183 orgueil,
2604 4085 2724 4147 ou
2756 4084 2876 4148 vn
2904 4052 3160 4150 delè-

389 4178 929 4304 lpoir,ouvn
975 4188 1453 4309 parricide.

511 4324 609 4410 le
641 4333 1045 4423 reuerois
1097 4336 1401 4430 noftre
1437 4335 1973 4469 Théologie
2025 4416 2049 4456 ,
2111 4360 2201 4444 &:
2257 4345 2789 4476 pretendois
2835 4374 3155 4444 autant

393 4468 835 4592 qu’aucun
863 4501 1117 4570 autre
1141 4514 1191 4574 a
1211 4488 1595 4612 gaigner
1623 4483 1709 4577 le
1743 4491 1973 4612 ciel;
2013 4500 2233 4586 mais
2297 4523 2573 4623 ayant
2617 4502 2849 4623 apris
2891 4528 3159 4594 com¬

390 4646 534 4708 me
562 4616 828 4717 chofe
870 4651 1058 4724 très
1080 4630 1454 4752 assurée,
1492 4667 1672 4765 que
1700 4635 1784 4731 le
1816 4637 2196 4740 chemin
2222 4650 2422 4743 n’eu
2470 4651 2596 4747 ett
2646 4681 2798 4781 pas
2848 4652 3152 4742 moins

392 4800 710 4873 ouuert
734 4813 902 4877 aux
926 4783 1122 4913 plus
1144 4794 1572 4918 ignorans
1600 4797 1930 4919 qu’aux
1960 4798 2154 4926 plus
2206 4798 2604 4915 doâes,
2656 4817 2742 4901 &
2796 4830 2980 4928 que
3028 4800 3160 4892 les

1940 4926 1990 5024 /;
2804 4932 3166 5026 veritez
