4267 5758
1088 380 1128 464 L
2074 366 2910 462 Discours.

1080 520 1492 625 fciences
1520 558 2020 659 apportent
2044 530 2206 629 des
2230 533 2694 631 honneurs
2730 542 2818 628 &:
2846 528 3006 626 des
3056 533 3486 633 richesses
3536 575 3586 640 a
3630 580 3858 652 ceux

1081 683 1242 806 qui
1267 675 1398 773 les
1425 683 1911 802 cukiuent;
1943 688 2062 776 Et
2095 679 2343 777 enfin
2373 681 2590 811 qu'il
2619 678 2750 772 eft
2779 678 2964 774 bon
2991 676 3111 775 de
3179 683 3305 779 les
3347 695 3613 784 auoir
3655 718 3863 794 tou-

1083 856 1219 925 tes
1243 837 1795 952 examinées,
1825 832 2173 931 mefme
2201 833 2329 929 les
2361 833 2559 963 plus
2591 827 3299 960 fuperftitieufes
3341 855 3431 939 &
3483 841 3613 940 les
3665 848 3857 976 plus

1087 974 1433 1103 fâufles,
1473 983 1685 1081 affin
1709 984 1823 1082 de
1851 985 2373 1081 connoiftre
2397 985 2585 1077 leur
2609 984 2839 1078 iufte
2869 982 3241 1101 valeur,
3301 1003 3393 1087 &
3417 987 3505 1085 fe
3535 998 3863 1124 garder

1084 1126 1295 1223 d’en
1322 1131 1561 1225 cftre
1588 1134 1984 1258 trompé.

1218 1283 1456 1371 Mais
1484 1278 1960 1402 iecroyois
1990 1277 2252 1366 auoir
2272 1265 2510 1365 défia
2562 1267 2876 1368 donne
2932 1274 3174 1369 afiez
3222 1275 3344 1371 de
3388 1301 3628 1378 tems
3690 1320 3864 1386 aux

1082 1422 1498 1559 langues;
1526 1439 1614 1523 &
1638 1420 1990 1522 mefme
2016 1424 2260 1547 aufly
2286 1455 2334 1515 a
2360 1419 2444 1515 la
2470 1419 2822 1518 leâure
2848 1420 3010 1518 des
3038 1420 3314 1521 liures
3340 1435 3740 1548 anciens,
3772 1454 3864 1536 &

1090 1602 1140 1664 a
1166 1566 1400 1663 leurs
1434 1565 1880 1684 hiftoires,
1916 1582 2006 1666 &
2030 1600 2082 1660 a
2102 1562 2336 1661 leurs
2362 1559 2684 1662 fables.
2756 1571 3172 1665 Carc’eft
3223 1569 3468 1699 quafi
3510 1571 3598 1668 le
3638 1580 3864 1676 mef-

1085 1746 1241 1809 me
1291 1711 1409 1807 de
1467 1710 1951 1808 conuerfer
1993 1743 2483 1807 auecceux
2537 1709 2697 1806 des
2765 1738 3067 1806 autres
3111 1709 3457 1835 fiecles,
3511 1753 3697 1851 que
3741 1726 3865 1826 de

1087 1893 1527 1991 voyager.
1605 1868 1683 1960 Il
1709 1864 1839 1960 eft
1869 1862 2057 1960 bon
2083 1860 2201 1957 de
2227 1861 2581 1991 fçauoir
2605 1862 3015 1992 quelque
3055 1869 3331 1969 choie
3361 1875 3525 1973 des
3559 1913 3867 1982 meurs

1085 2012 1209 2111 de
1233 2017 1539 2117 diuers
1565 2018 1977 2151 peuples,
2009 2016 2225 2112 affin
2247 2011 2369 2107 de
2409 2017 2679 2143 iuger
2717 2010 2883 2108 des
2937 2018 3287 2115 noftres
3329 2025 3529 2151 plus
3577 2029 3865 2126 saine¬

1086 2195 1382 2285 ment,
1426 2183 1518 2267 &
1540 2202 1722 2299 que
1750 2200 1974 2260 nous
2024 2194 2140 2257 ne
2188 2155 2610 2289 penfions
2658 2192 2816 2286 pas
2858 2194 3044 2288 que
3100 2191 3314 2261 tout
3362 2199 3474 2263 ce
3520 2180 3678 2300 qui
3726 2176 3860 2270 eft

1086 2335 1416 2405 contre
1442 2341 1610 2405 nos
1638 2306 1968 2404 modes
1998 2304 2172 2402 soit
2196 2301 2622 2424 ridicule,
2670 2320 2764 2404 &
2792 2336 3122 2405 contre
3172 2313 3468 2439 railon
3524 2377 3550 2439 ;
3650 2318 3864 2418 ainfi

1088 2457 1418 2584 qu'ont
1444 2453 1924 2548 couftume
1956 2450 2076 2546 de
2104 2446 2326 2543 faire
2352 2479 2590 2543 ceux
2620 2452 2776 2578 qui
2802 2454 3060 2544 n’ont
3086 2460 3280 2549 rien
3308 2459 3432 2553 vû
3622 2472 3858 2564 Mais

1083 2588 1540 2721 lorsqu'on
1567 2602 2006 2728 employé
2047 2620 2262 2721 trop
2287 2589 2410 2689 de
2449 2617 2692 2690 tems
2737 2624 2792 2686 a
2833 2592 3280 2725 voyafger
3305 2631 3434 2695 on
3473 2599 3854 2704 dénient

1085 2738 3005 2878 enfineftrangerenfonpaïsj&lorfquon
3053 2747 3185 2843 eft
3229 2771 3443 2875 trop
3491 2758 3857 2850 curieux

1079 2884 1245 2984 des
1273 2889 1593 2989 choies
1623 2900 1781 3024 qui
1807 2888 1893 2986 fe
1927 2894 2563 3020 pratiquoient
2583 2920 2759 2982 aux
2789 2884 3105 2985 fiecles
3151 2893 3507 3021 passez,
3539 2928 3665 2990 on
3689 2896 3851 2992 de¬

1082 3066 1407 3131 meure
1430 3039 2159 3134 ordinairement
2188 3035 2373 3133 fort
2392 3043 2823 3169 ignorant
2850 3034 2969 3130 de
3016 3037 3297 3133 celles
3346 3047 3505 3167 qui
3556 3041 3635 3134 fe
3658 3072 3857 3168 pra¬

1078 3184 1452 3311 tiquent
1478 3217 1594 3279 en
1622 3214 2054 3314 cetuycy.
2144 3195 2450 3281 Outre
2478 3215 2660 3313 que
2684 3180 2814 3276 les
2832 3176 3122 3279 fables
3174 3179 3376 3279 font
3400 3191 3854 3316 imaginer

1082 3323 1512 3450 plufieurs
1578 3362 2142 3427 euenemens
2212 3363 2594 3425 comme
2634 3326 3068 3460 poffibles
3122 3337 3282 3461 qui
3352 3365 3468 3429 ne
3524 3337 3610 3431 le
3652 3338 3856 3430 font

1079 3483 1378 3602 point;
1416 3489 1538 3575 Et
1567 3515 1746 3611 que
1776 3480 2122 3580 mefme
2156 3487 2284 3577 les
2310 3481 2724 3577 hiftoires
2752 3480 2878 3576 les
2913 3484 3102 3606 plus
3130 3481 3498 3601 fideles,
3540 3481 3602 3580 fi
3640 3484 3856 3582 elles

1075 3652 1197 3715 ne
1227 3623 1697 3759 changent
1717 3636 2399 3760 nyn’augment
2423 3629 2509 3723 la
2537 3636 2847 3727 valeur
2871 3626 3033 3724 des
3069 3623 3393 3723 chofes
3443 3661 3675 3757 pour
3723 3636 3851 3728 les

1075 3767 1409 3861 rendre
1433 3769 1629 3897 plus
1657 3774 1983 3906 dignes
2009 3776 2335 3873 d’eftre
2359 3777 2669 3894 leuës,
2729 3812 2839 3872 au
2889 3780 3181 3870 moins
3213 3803 3331 3865 en
3381 3804 3853 3872 omettent

1077 3904 1299 4003 elles
1323 3911 1711 4045 presque
1735 3920 2183 4018 toufiours
2225 3923 2357 4019 les
2407 3923 2609 4053 plus
2645 3926 2935 4022 basses
2985 3940 3079 4024 Le
3129 3931 3429 4021 moins
3465 3927 3853 4023 illuftres

1078 4061 1782 4176 circonftances,
1810 4064 2031 4160 d’où
2054 4074 2308 4165 vient
2338 4101 2522 4199 que
2568 4067 2654 4164 le
2704 4074 2938 4168 refte
2988 4100 3106 4167 ne
3154 4075 3491 4201 paroift
3534 4105 3684 4202 pas
3716 4066 3847 4166 tel

1076 4209 1300 4340 qu’il
1326 4213 1512 4327 eft,
1566 4227 1660 4312 &
1700 4248 1882 4344 que
1930 4248 2168 4313 ceux
2214 4229 2376 4349 qui
2428 4219 2794 4355 règlent
2844 4226 3086 4318 leurs
3140 4259 3450 4321 meurs
3522 4258 3680 4356 par
3722 4230 3844 4324 les

1074 4359 1548 4487 exemples
1574 4362 1828 4491 qu’ils
1856 4398 1974 4460 en
2000 4372 2316 4487 tirent,
2352 4367 2560 4467 font
2618 4372 2892 4468 fuiets
2936 4408 2988 4470 a
3032 4377 3410 4471 tomber
3454 4373 3672 4471 dans
3718 4374 3844 4472 les

1077 4514 3211 4647 extrauagancesdesPaladinsdenosromans,
3277 4541 3370 4625 &
3415 4557 3468 4619 a
3507 4555 3839 4618 conce¬

1075 4663 1279 4749 voir
1301 4655 1461 4751 des
1489 4657 1883 4760 desseins
1913 4672 2069 4794 qui
2095 4667 2449 4795 passent
2473 4671 2715 4768 leurs
2739 4668 3075 4768 forces.

1191 4801 1681 4902 l’eftimois
1709 4800 1897 4904 fort
1917 4808 2559 4943 l’Eloquence;
2599 4833 2689 4920 &
2715 4822 3057 4920 i'eftois
3079 4851 3587 4921 amoureux
3609 4818 3729 4916 de
3755 4816 3843 4912 la

3484 4962 3837 5061 Poëfie:
