4267 5758
1089 399 1207 467 10
2055 360 2865 456 Discours.

1084 516 2774 653 veritezreueléesquiyconduifent,
2818 516 3474 622 fontaudelTiis
3524 523 3640 619 de
3698 557 3868 623 no-

1078 679 1256 773 lire
1280 672 1915 800 intelligence,
1966 676 2050 762 ie
2074 667 2406 762 n’eufle
2432 661 2588 763 ofe
2626 662 2754 756 les
2780 662 3286 765 soumettre
3318 676 3372 764 à
3396 668 3476 764 la
3504 665 3866 765 foiblef-

1077 829 1167 925 fè
1195 829 1315 925 de
1345 858 1541 923 mes
1571 819 2309 933 raifonnemens,
2369 831 2459 913 &
2503 821 2591 907 ie
2637 810 2993 942 penfois
3043 849 3223 947 que
3271 848 3503 942 pour
3559 839 3863 907 entre¬

1075 977 1473 1107 prendre
1499 970 1615 1068 de
1655 975 1781 1068 les
1817 974 2344 1081 examiner,
2415 977 2505 1061 &
2549 998 2610 1091 y
2659 963 2973 1058 reu/Iïr
3021 1045 3044 1081 ,
3105 963 3165 1055 il
3217 964 3493 1056 eftoit
3547 959 3859 1057 besoin

1078 1117 1432 1211 d’auoir
1506 1115 1920 1240 quelque
1980 1105 2652 1200 extrordinaire
2716 1100 3190 1200 alîïftence
3262 1098 3380 1196 du
3438 1101 3686 1219 ciel,
3772 1116 3866 1202 8c

1080 1263 1412 1359 d’eftre
1438 1266 1636 1388 plus
1660 1257 2238 1388 qu’homme.

1207 1413 1303 1507 le
1331 1442 1443 1502 ne
1473 1408 1727 1536 diray
1753 1413 1949 1501 rien
1971 1404 2089 1501 de
2117 1404 2199 1498 la
2229 1399 2811 1528 Philosophie
2897 1479 2923 1515 ,
3005 1399 3261 1495 linon
3309 1429 3493 1528 que
3517 1430 3861 1525 voyant

1083 1553 1421 1685 qu’elle
1455 1588 1503 1646 a
1529 1554 1723 1648 elle
1747 1547 2149 1643 cultiuee
2201 1543 2515 1672 parles
2563 1544 2769 1673 plus
2813 1539 3285 1636 excellens
3329 1534 3647 1666 esprits
3705 1544 3857 1667 qui

1080 1723 1362 1825 ayent
1390 1696 1660 1790 vefeu
1688 1693 2010 1819 depuis
2040 1688 2466 1818 plulieurs
2504 1687 2814 1783 liecles
2866 1701 2892 1802 ,
2956 1701 3048 1783 8c
3096 1718 3276 1813 que
3320 1695 3858 1780 neanmoins

1074 1841 1138 1936 11
1172 1875 1290 1939 ne
1330 1875 1456 1968 sy
1476 1868 1808 1936 trouue
1840 1868 2182 1931 encore
2206 1867 2562 1931 aucune
2586 1836 2862 1932 choie
2890 1835 3124 1933 dont
3150 1868 3272 1929 on
3318 1868 3432 1930 ne
3460 1835 3852 1965 dilpute,

1081 2001 1175 2083 &
1199 2017 1359 2113 par
1387 1982 1963 2110 conséquent
1991 1988 2151 2110 qui
2175 2012 2291 2074 ne
2340 1975 2519 2075 soit
2545 1978 3051 2091 douteuse,
3097 1987 3185 2073 ie
3213 1984 3555 2077 n'auois
3597 1991 3863 2109 point

1079 2129 1299 2225 aises
1331 2128 1451 2223 de
1483 2121 2105 2256 préemption
2133 2155 2365 2252 pour
2391 2123 2751 2251 elperer
2775 2122 2927 2250 d'y
2975 2152 3523 2220 rencontrer
3551 2133 3861 2224 mieux

1084 2303 1272 2401 que
1329 2269 1458 2365 les
1504 2296 1804 2364 autres
1852 2329 1880 2391 ;
1927 2276 2052 2364 Et
2084 2304 2266 2400 que
2314 2266 2894 2363 confiderant
2942 2268 3378 2363 combien
3430 2267 3492 2360 il
3540 2299 3756 2397 peut
3800 2308 3862 2402 y

1078 2421 1340 2512 auoir
1370 2412 1492 2511 de
1520 2411 1916 2508 diuerles
1950 2420 2372 2542 opinions
2410 2412 2874 2510 touchant
2910 2447 3090 2509 vne
3140 2414 3494 2511 meline
3544 2445 3860 2515 matiè¬

1073 2603 1211 2687 re,
1247 2574 1411 2697 qui
1438 2566 1739 2662 soient
1772 2565 2293 2659 fouftenuës
2321 2595 2481 2689 par
2512 2561 2669 2656 des
2703 2592 2923 2692 gens
2950 2561 3307 2678 doâe§,
3346 2560 3539 2659 sans
3563 2573 3777 2693 qu’il
3801 2600 3861 2694 y

1079 2749 1197 2814 en
1225 2716 1505 2845 puifle
1529 2721 1787 2810 auoir
1805 2716 2113 2807 iamais
2143 2708 2339 2836 plus
2369 2705 2635 2799 d'vne
2659 2700 2901 2798 feule
2945 2709 3103 2831 qui
3129 2701 3307 2798 foit
3345 2735 3619 2833 vraye
3671 2787 3697 2823 ,
3767 2712 3857 2800 ie

1078 2870 1486 2993 reputois
1514 2863 1896 2993 presque
1920 2852 2382 2991 pourfaux
2412 2878 2626 2951 tout
2654 2888 2762 2950 ce
2794 2859 2952 2986 qui
2984 2854 3348 2947 n’eftoit
3386 2884 3570 2978 que
3594 2887 3858 2983 vray-

1078 3004 1612 3099 semblable.

1190 3161 1397 3249 Puis
1431 3184 1663 3282 pour
1688 3153 1819 3245 les
1851 3170 2153 3241 autres
2176 3142 2585 3243 sciences
2608 3142 3011 3240 d’autant
3037 3142 3413 3273 qu’elles
3433 3176 3861 3273 emprun¬

1081 3331 1283 3403 tent
1311 3305 1539 3401 leurs
1585 3305 2043 3430 principes
2067 3292 2185 3388 de
2211 3294 2297 3390 la
2333 3290 2969 3420 Philosophie,
3037 3301 3123 3387 ie
3183 3300 3543 3422 iugeois
3583 3301 3859 3425 qu’on

1076 3485 1198 3548 ne
1224 3458 1616 3583 pouuoit
1642 3453 1904 3544 auoir
1929 3452 2128 3542 rien
2159 3445 2386 3540 bafti
2419 3449 2584 3571 qui
2611 3434 2786 3534 fuit
2819 3435 3136 3557 solide,
3167 3438 3308 3531 sur
3349 3438 3510 3532 des
3533 3435 3858 3535 fondé-

1078 3635 1336 3700 mens
1362 3600 1422 3697 li
1450 3634 1632 3730 peu
1658 3593 2036 3714 fermes;
2078 3598 2198 3686 Et
2226 3622 2346 3717 ny
2374 3589 2910 3706 l’honneur,
2976 3619 3096 3715 ny
3124 3593 3206 3681 le
3240 3596 3448 3718 gain
3478 3589 3854 3720 quelles

1076 3774 1695 3878 promettent,
1734 3735 2697 3854 n’eftoientfuffifans,
2754 3765 2989 3864 pour
3016 3738 3579 3825 meconuier
3624 3735 3677 3823 à
3726 3731 3857 3825 les

1079 3892 1631 4025 apprendre;
1669 3895 1965 3990 Carie
1989 3920 2101 3980 ne
2125 3918 2277 3978 me
2307 3883 2641 3981 fentois
2669 3888 2965 4010 point,
3017 3908 3331 4007 grâces
3351 3910 3401 3968 a
3425 3883 3699 3993 Dieu,
3739 3876 3861 3973 de

1079 4047 1602 4168 condition,
1637 4049 1798 4174 qui
1823 4040 2404 4168 m’obligeait
2433 4073 2486 4133 a
2511 4035 2732 4131 faire
2757 4068 2878 4128 vn
2905 4035 3274 4127 meftier
3297 4030 3418 4124 de
3469 4035 3552 4126 la
3575 4025 3860 4123 scien¬

1080 4245 1222 4327 ce,
1250 4238 1482 4335 pour
1504 4204 1588 4300 la
1612 4200 2248 4325 soulagement
2276 4193 2396 4288 de
2432 4225 2580 4289 ma
2604 4184 2974 4284 fortune
3008 4249 3032 4309 ;
3092 4195 3722 4314 Etquoyque
3772 4190 3860 4278 ie

1074 4349 1597 4474 nefiflepas
1640 4331 2285 4472 profelîionde
2322 4331 2793 4461 mefpriler
2814 4330 2899 4422 la
2922 4327 3217 4457 gloire
3242 4358 3357 4418 en
3394 4329 3861 4453 Cynique,

1079 4501 1167 4589 ie
1213 4488 1507 4589 faifois
1567 4494 2115 4586 neanmoins
2167 4482 2355 4580 fort
2425 4514 2601 4613 peu
2667 4484 2727 4576 d
2763 4486 2993 4578 éliât
3069 4483 3189 4575 de
3237 4480 3471 4576 celle
3545 4513 3725 4607 que
3771 4484 3863 4572 ie

1079 4643 1568 4767 n’efperois
1595 4643 1856 4766 point
1883 4640 2280 4763 pouuoir
2343 4636 2770 4759 acquérir
2791 4633 2986 4758 qu’a
3019 4625 3234 4723 faux
3305 4634 3598 4722 titres.
3739 4632 3864 4722 Et

1086 4785 1326 4882 enfin
1358 4816 1588 4915 pour
1620 4780 1748 4878 les
1776 4812 2046 4877 manu
2058 4778 2268 4876 ailes
2292 4773 2814 4888 doctrines,
2842 4780 2928 4872 ie
2988 4770 3338 4901 penlois
3368 4767 3610 4866 délia
3638 4800 3864 4861 con-

3519 4899 3864 5000 noiſtre
