4267 5775
1230 356 1396 450 De
1472 363 1638 453 La
1716 357 1812 445 M
1856 376 2380 447 ethode.

3133 390 3238 485 13
471 519 1095 610 m’entretenir
1121 511 1239 607 de
1269 550 1465 612 mes
1493 515 1901 647 penses.
1963 524 2249 614 Entre
2273 517 2789 648 lefqu’elles
2813 520 3051 621 l’vne
3079 528 3239 626 des

462 675 986 796 premières,
1042 661 1180 759 fut
1208 698 1384 794 que
1416 673 1504 759 ie
1554 663 1978 791 m’auifay
2004 662 2124 758 de
2184 664 2770 780 confiderer,
2824 699 3008 796 que
3042 672 3240 766 son¬

461 849 681 915 nent
720 821 781 913 il
833 824 979 944 n’y
1029 853 1073 913 a
1111 850 1265 945 pas
1321 843 1515 912 tant
1562 816 1683 910 de
1729 810 2253 944 perfeâion
2308 812 2531 911 dans
2586 813 2717 909 les
2777 849 3243 950 ouurages

453 959 1090 1093 compolèzde
1123 958 1548 1087 plufieurs
1583 966 1928 1088 pièces,
1965 974 2054 1056 &
2083 951 2290 1052 faits
2319 956 2442 1052 de
2489 959 2576 1053 la
2627 966 2876 1052 main
2921 959 3044 1055 de
3099 962 3238 1056 dî¬

454 1146 652 1208 ners
690 1118 858 1207 mai
876 1112 1135 1223 lires,
1196 1110 1730 1230 qu’en-ceux
1782 1102 2202 1234 anfquels
2248 1138 2362 1199 vn
2408 1104 2592 1202 feul
2646 1140 2696 1199 a
2742 1108 3189 1206 trauaillc.

449 1257 697 1360 Ainfi
725 1264 915 1349 voit
943 1283 1063 1346 on
1091 1283 1267 1377 que
1295 1256 1417 1344 les
1447 1251 1947 1348 baftimens
2003 1257 2281 1380 qu’vn
2329 1252 2513 1346 feul
2563 1254 3117 1353 Architecte
3177 1296 3225 1356 a

454 1406 892 1529 entrepris
922 1412 1002 1492 &
1032 1394 1460 1503 achetiez,
1498 1420 1664 1489 ont
1692 1396 2174 1489 coufhmie
2212 1391 2544 1488 d’eftre
2576 1393 2770 1521 plus
2804 1396 3096 1498 beaux
3130 1416 3226 1502 Sc

457 1560 759 1648 mieux
786 1546 1293 1656 ordonnez,
1326 1573 1509 1668 que
1540 1571 1769 1633 ceux
1798 1569 1981 1663 que
2030 1535 2457 1664 plufieurs
2500 1563 2671 1630 ont
2720 1534 3054 1637 tafché'
3098 1542 3221 1638 de

459 1686 1148 1799 racommoder,
1195 1716 1308 1776 en
1333 1677 1648 1778 faisant
1695 1680 1978 1774 feruir
2017 1678 2136 1772 de
2181 1678 2524 1775 vieilles
2555 1679 3020 1779 murailles
3053 1696 3214 1815 qui

446 1847 812 1938 auoient
850 1838 1034 1930 elle
1082 1834 1404 1927 bafties
1444 1863 1492 1923 a
1540 1826 1926 1921 d’autres
1976 1826 2174 1920 fins.
2266 1832 2346 1919 A
2360 1832 2446 1916 in
2460 1823 2516 1920 fi
2562 1858 2722 1921 ces
2776 1839 3210 1930 ancienes

447 1992 715 2097 citez,
735 1984 887 2107 qui
911 1980 1275 2099 n’ayant
1301 1971 1621 2067 eftéau
1653 1998 2483 2066 commencement
2515 2004 2701 2101 que
2731 1972 2893 2068 des
2933 1977 3215 2070 bour¬

438 2126 744 2261 gades,
775 2120 974 2217 font
1005 2117 1472 2212 deuenues
1496 2147 1658 2243 par
1685 2110 2196 2207 fucceifion
2225 2113 2344 2209 de
2376 2140 2620 2210 tems
2667 2114 2792 2210 de
2818 2118 3218 2248 grandes

436 2276 723 2383 villes,
752 2267 961 2361 font
986 2259 1703 2356 ordinairement
1732 2259 1793 2356 fi
1816 2262 1999 2355 mal
2026 2264 2661 2387 compafle'es,
2714 2298 2827 2358 au
2876 2273 3055 2394 pris
3086 2266 3211 2360 de

443 2466 590 2531 ces
613 2429 911 2558 places
937 2413 1427 2541 regulieres
1461 2416 1735 2539 qu’vn
1759 2418 2261 2543 Ingénieur
2287 2438 2539 2510 trace
2583 2447 2635 2509 a
2685 2410 3206 2512 fafantaifie

436 2588 656 2683 dans
694 2609 860 2679 vne
894 2576 1216 2708 plaine,
1250 2571 1750 2694 qu’encore
1784 2600 1964 2697 que
2018 2563 2602 2664 confiderant
2652 2571 2892 2663 leurs
2938 2567 3204 2665 édifi¬

435 2772 585 2837 ces
629 2732 1013 2836 chafcun
1063 2761 1113 2821 a
1167 2746 1365 2851 part
1423 2751 1549 2815 on
1597 2752 1657 2848 y
1697 2750 2025 2815 trouue
2067 2718 2453 2814 fouuent
2507 2742 2817 2812 autant
2859 2747 2977 2812 ou
3009 2718 3205 2843 plus

433 2892 662 2989 d’art
692 2888 964 3015 qu’en
990 2905 1222 2972 ceux
1245 2870 1408 2964 des
1434 2894 1768 2992 autres;
1812 2863 2268 2963 toutefois
2320 2898 2372 2961 a
2418 2867 2620 2960 voir
2668 2891 3048 2955 comme
3095 2862 3206 2958 ils

430 3042 629 3140 font
656 3061 1141 3160 arrangez,
1192 3028 1341 3152 icy
1364 3055 1483 3120 vn
1512 3017 1855 3155 grand,
1920 3023 2007 3115 là
2034 3049 2151 3112 vn
2178 3020 2419 3145 petit
2471 3029 2497 3130 ,
2548 3029 2643 3113 Sc
2688 3045 3067 3107 comme
3096 3014 3199 3108 ils

425 3189 814 3290 rendent
843 3180 970 3274 les
995 3205 1193 3270 rues
1225 3167 1669 3266 courbées
1701 3182 1792 3266 Sc
1811 3160 2427 3292 inefga!es,ou
2449 3160 2735 3256 diroic
2763 3191 2951 3288 que
2975 3158 3197 3253 c’eft

426 3329 868 3467 plutoftla
896 3322 1508 3446 fortune,que
1534 3313 1614 3407 la
1662 3317 2052 3409 volonté
2098 3311 2218 3406 de
2270 3308 2714 3439 quelques
2764 3304 3198 3402 hommes

429 3486 673 3585 vfans
697 3483 817 3579 de
851 3479 1173 3591 raifon,
1209 3478 1367 3602 qui
1401 3469 1531 3565 les
1557 3500 1605 3561 a
1631 3467 1839 3561 ainfi
1865 3461 2301 3594 difpofez.
2381 3470 2503 3556 Et
2529 3459 2591 3555 fi
2619 3492 2739 3555 on
2773 3456 3193 3554 confide-

424 3666 522 3728 re
574 3623 782 3760 qu’il
824 3656 882 3753 y
930 3658 980 3718 a
1030 3653 1142 3715 eu
1192 3618 1736 3711 neanmoins
1783 3613 1906 3707 de
1956 3635 2172 3706 tout
2222 3637 2464 3705 tems
2500 3604 2956 3736 quelques
2990 3604 3198 3701 offi¬

420 3780 653 3873 ciers
673 3851 697 3889 ,
718 3780 875 3903 qui
900 3797 1061 3868 ont
1086 3801 1201 3863 eu
1232 3764 1573 3895 charge
1600 3762 1717 3860 de
1740 3760 2137 3894 prendre
2168 3760 2457 3891 garde
2488 3791 2663 3852 aux
2698 3755 3193 3853 baftimens

421 3928 576 4026 des
597 3930 1190 4058 particuliers,
1219 3951 1451 4050 pour
1481 3919 1607 4011 les
1635 3922 1859 4010 taire
1891 3911 2169 4007 feruir
2191 3945 2241 4005 a
2269 3917 2831 4007 l’ornement
2875 3901 2993 3998 du
3025 3938 3193 4035 pu¬

420 4076 634 4198 blic;
694 4109 814 4169 on
846 4072 1362 4168 connoiftra
1388 4067 1598 4163 bien
1630 4063 1852 4196 qu’il
1876 4062 2006 4157 eft
2032 4060 2426 4191 malayfé
2462 4138 2486 4174 ,
2536 4089 2652 4149 en
2676 4086 2794 4151 ne
2826 4052 3194 4150 trauail-

415 4218 1113 4352 lantquefurles
1163 4242 1619 4339 ouurages
1655 4208 2081 4334 d’autruy
2129 4287 2153 4326 ,
2217 4209 2337 4303 de
2383 4200 2609 4300 faire
2663 4196 2827 4293 dés
2869 4193 3195 4290 chofes

415 4362 600 4465 fort
624 4365 1202 4498 accomplies.
1285 4361 1534 4460 Ainfi
1573 4370 1664 4457 ie
1702 4362 2298 4490 m’imaginay
2350 4389 2538 4488 que
2589 4359 2722 4453 les
2768 4355 3184 4486 peuples,

418 4524 571 4647 qui
600 4544 861 4647 ayant
886 4518 1088 4610 eftc'
1118 4503 1555 4606 autrefois
1584 4501 2327 4634 demifauuages,
2392 4518 2487 4602 Sc
2528 4533 2647 4597 ne
2676 4502 3035 4599 s'efiant
3062 4502 3193 4593 ci¬

415 4672 717 4768 vilisez
741 4700 925 4801 que
951 4695 1123 4794 peu
1149 4697 1197 4757 a
1223 4693 1458 4790 peu,
1507 4660 1765 4752 n’ont
1815 4649 1983 4751 fait
2035 4656 2277 4747 leurs
2325 4656 2515 4747 loix
2571 4650 2783 4777 qu’a
2835 4639 3193 4738 mesure

422 4854 600 4953 que
644 4812 1392 4921 l'incommodité
1418 4807 1586 4905 des
1634 4810 1972 4902 crimes
2026 4816 2116 4898 Sc
2186 4797 2356 4895 des
2404 4790 2864 4928 querelles
2908 4795 3034 4887 les
3060 4820 3120 4913 y
3146 4818 3196 4878 a

1946 4928 1995 5027 b
2107 4975 2145 5066 z
2967 4946 3201 5015 con-
