4267 5775
1243 347 1397 441 De
1475 347 1647 443 La
1717 347 2389 443 Méthode.
2609 377 2639 443 .
3105 371 3209 455 15

449 555 685 625 terre
715 539 1021 615 toutes
1051 511 1177 605 les
1211 507 1593 605 maifons
1629 507 1901 603 d’vne
1931 505 2173 623 ville,
2215 537 2449 635 pour
2493 501 2577 597 le
2629 497 2817 597 seul
2857 499 3211 595 deflein

445 669 563 763 de
591 663 713 755 les
739 653 1059 753 refaire
1087 651 1439 747 d’autre
1473 647 1745 781 façon
1757 711 1781 771 ;
1825 667 1915 749 8c
1961 647 2179 743 d’en
2207 645 2551 741 rendre
2581 643 2711 739 les
2759 675 2959 737 tues
3013 641 3213 769 plus

445 805 717 907 belles
729 861 747 917 ;
761 805 985 895 mais
1007 829 1127 893 on
1153 801 1349 891 voit
1377 797 1589 889 bien
1617 825 1795 923 que
1819 791 2247 919 plufieurs
2281 787 2485 887 font
2511 791 2825 885 abatte
2853 789 2983 881 les
3009 785 3213 877 leur

435 987 663 1089 pour
705 957 835 1047 les
887 947 1297 1057 rebaftir,
1383 959 1473 1039 8c
1521 975 1703 1069 que
1751 941 2103 1035 mefme
2133 935 2723 1075 quelquefois
2763 941 2865 1035 ils
2893 975 2955 1069 y
3005 937 3207 1035 font

439 1107 945 1211 contrains,
1003 1089 1313 1221 quand
1337 1089 1551 1183 elles
1583 1089 1785 1185 font
1817 1121 1927 1187 en
1953 1091 2309 1225 danger
2329 1091 2449 1187 de
2477 1091 2861 1185 tomber
2883 1087 3201 1185 d’elles

441 1241 855 1355 mefmes,
885 1251 967 1335 &
997 1265 1181 1361 que
1205 1235 1327 1323 les
1359 1225 1911 1327 fondemens
1933 1237 2137 1327 n’en
2165 1235 2371 1331 font
2397 1267 2545 1365 pas
2571 1235 2789 1327 bien
2819 1225 3197 1325 fermes.

441 1401 523 1489 A
553 1387 1031 1517 l’exemple
1059 1383 1433 1513 dequoy
1461 1389 1547 1475 ie
1579 1415 1731 1475 me
1767 1381 2263 1513 perfuaday
2335 1463 2359 1503 ,
2445 1381 2665 1515 qu’il
2709 1385 2859 1509 n’y
2905 1385 3205 1475 auroit

437 1541 1137 1643 véritablement
1161 1539 1419 1661 point
1443 1531 2097 1659 d’apparence,
2159 1537 2439 1661 qu’vn
2485 1533 3013 1659 particulier
3057 1525 3205 1619 fift

443 1689 775 1781 deflein
805 1681 915 1775 de
931 1671 1385 1773 reformer
1417 1709 1533 1773 vn
1559 1677 1965 1789 Eftat,en
1995 1707 2057 1801 y
2083 1673 2609 1807 changeant
2639 1701 2857 1769 tout
2883 1673 3045 1769 dés
3069 1671 3205 1767 les

435 1827 1027 1939 fondemens,
1091 1835 1323 1919 &en
1369 1813 2005 1915 lerenuerfant
2053 1847 2285 1943 pour
2327 1821 2415 1911 le
2471 1811 3197 1937 redreflerjNy,

431 1967 767 2067 mefme
791 1963 1037 2095 auffy
1061 1965 1177 2059 de
1205 1959 1647 2059 reformer
1669 1961 1757 2057 le
1783 1995 1987 2057 cors
2015 1963 2177 2055 des
2209 1957 2663 2073 sciences,
2705 1987 2827 2047 ou
2855 1953 3201 2049 l’ordre

435 2117 745 2211 eftabli
773 2111 989 2205 dans
1019 2109 1147 2203 les
1171 2109 1579 2205 efcholes
1625 2141 1861 2237 pour
1903 2115 2033 2203 les
2077 2107 2585 2245 enseigner.
2727 2111 3207 2235 Mais*que

429 2293 655 2391 pour
681 2285 985 2353 toutes
1015 2265 1139 2355 les
1167 2265 1589 2387 opinions
1621 2293 1799 2389 que
1823 2263 2143 2355 i’auois
2165 2263 2537 2353 receuës
2561 2253 2927 2387 iufques
2955 2263 3193 2353 alors

429 2437 543 2505 en
575 2441 719 2501 ma
757 2439 1169 2519 creance,
1201 2413 1287 2501 ie
1317 2439 1433 2499 ne
1469 2413 1865 2535 pouuois
1913 2413 2223 2501 mieux
2279 2401 2501 2499 faire
2557 2437 2745 2533 que
2789 2401 3203 2499 d’entre¬

423 2555 811 2687 prendre
841 2587 1013 2653 vne
1049 2557 1361 2651 bonne
1389 2551 1561 2651 fois
1591 2557 1709 2653 de
1741 2557 1871 2651 les
1905 2589 2023 2653 en
2045 2559 2355 2673 ofter,
2413 2555 2629 2651 affin
2661 2555 2821 2685 d’y
2881 2591 3001 2653 en
3047 2589 3201 2651 re¬

429 2723 767 2795 mettre
793 2733 949 2827 par
967 2735 1251 2831 apres,
1287 2737 1405 2797 ou
1435 2703 1827 2801 d'autres
1853 2707 2409 2827 meilleures,
2437 2711 2783 2805 oubien
2807 2709 2937 2807 les
2967 2709 3203 2807 mes

427 2883 655 2963 mes,
681 2853 1033 2977 lorsque
1061 2851 1145 2939 ie
1173 2845 1303 2939 les
1337 2853 1639 2941 aurois
1673 2851 2705 2953 aiuftéesauniueaude
2753 2863 2835 2955 la
2875 2859 3201 2963 rajfon.

423 3013 883 3105 Etiecreu
935 2997 1503 3097 fermement
1553 3037 1733 3133 que
1785 3035 1945 3131 par
1997 3039 2107 3101 ce
2157 3039 2503 3137 moyen
2529 3019 2615 3107 ie
2645 3011 3101 3113 reuffir'ois
3147 3051 3203 3115 a

423 3157 861 3279 conduire
891 3187 1035 3247 ma
1063 3159 1209 3251 vie
1233 3151 1725 3281 beaucoup
1783 3161 2151 3275 mieux,
2217 3159 2751 3287 quefiiene
2795 3165 3205 3269 batiflbis

425 3331 603 3427 que
629 3275 901 3389 i1«Be
931 3305 1199 3393 vieux
1225 3291 1777 3393 fondemens
1829 3379 1857 3417 ,
1943 3319 2031 3401 &
2063 3337 2247 3433 que
2291 3313 2381 3403 ie
2443 3341 2563 3403 ne
2605 3317 3201 3443 m’appuiafle

421 3479 601 3575 que
633 3441 771 3535 fur
797 3443 919 3539 les
955 3449 1411 3571 principes
1443 3451 1739 3571 queie
1785 3455 2183 3551 m’eftois
2243 3457 3037 3591 laide’persuader
3079 3505 3203 3567 en

421 3627 567 3689 ma
613 3595 1011 3687 ieunefle
1103 3675 1127 3711 ,
1241 3589 1431 3689 fans
1479 3605 1735 3693 auoir
1781 3607 2097 3703 jamais
2125 3615 2569 3707 examine"
2595 3613 2767 3707 s’ils
2805 3621 3201 3719 eftoient

419 3751 669 3837 vrais.
721 3751 899 3843 Car
925 3745 1331 3873 bienque
1361 3751 1445 3841 ie
1475 3749 2089 3881 remarquai
2117 3785 2233 3847 en
2261 3787 2495 3885 cecy
2517 3755 2919 3853 diuerfes
2947 3761 3189 3861 diffi-

413 3893 751 4009 cultez,
775 3893 989 3989 elles
1019 3899 1505 3993 n’eftoient
1525 3909 1791 4031 point
1817 3899 2483 4003 toutefois/ans
2511 3913 2903 4011 remede
2971 4001 2997 4039 ,
3083 3955 3207 4047 ny

419 4039 1043 4165 comparables
1083 4073 1133 4133 a
1159 4039 1435 4135 celles
1463 4051 1623 4173 qui
1683 4043 2249 4151 fotrouuent
2291 4093 2407 4155 en
2451 4059 2537 4155 la
2583 4053 3207 4157 reformation

413 4179 569 4277 des
603 4179 1065 4279 moindres
1095 4183 1413 4281 chofes
1441 4195 1601 4317 qui
1627 4193 2083 4293 touchent
2133 4205 2221 4297 le
2275 4205 2607 4335 public.
2679 4205 2865 4301 Ces
2919 4239 3189 4339 grans

417 4363 623 4427 cors
645 4331 845 4427 font
869 4361 1081 4469 trop
1109 4335 1555 4465 malayfoz
1585 4345 1637 4435 à
1663 4343 2339 4449 releuereftant
2399 4355 2773 4475 abatus,
2825 4391 2949 4451 ou
2971 4363 3211 4455 mef¬

417 4509 561 4573 me
589 4511 635 4569 a
661 4489 1003 4575 retenir
1029 4483 1895 4611 eftantesbranflez,
1937 4513 2027 4597 8c
2077 4497 2319 4595 leurs
2363 4499 2753 4597 cheutes
2797 4533 2917 4595 ne
2981 4535 3205 4631 peu-

417 4651 627 4717 uent
663 4629 895 4721 eftre
929 4661 1111 4757 que
1145 4659 1327 4725 très
1355 4633 1659 4731 rudes.
1707 4647 1911 4737 Puis
1947 4679 2181 4775 pour
2209 4647 2447 4743 leurs
2467 4641 3203 4777 imperfections,

421 4775 459 4861 s
485 4767 587 4865 ils
619 4803 725 4867 en
751 4805 911 4873 ont
983 4857 1009 4899 ,
1097 4813 1477 4881 comme
1533 4783 1617 4885 la
1661 4787 1895 4889 foule
1921 4795 2357 4897 dinerlité
2383 4805 2543 4927 qui
2571 4801 2701 4897 eft
2737 4827 2997 4897 entre
3029 4835 3209 4895 eux

2965 4931 3243 5035 fuffit-
