4267 6805
1184 326 2783 433 falluſt faire des prieres gene¬

1190 619 2766 420 rales pour vne ſanté li neceſ¬

1175 907 2771 416 ſaire & ſi precieuſe que la

1173 1195 2770 412 voſtre, & que voſtre vie ne

1172 1479 2757 376 vous doiue eſtre chere, dans

1164 1763 2762 412 laquelle vous auez à conſer¬

1157 2051 2754 420 uer la gloire de voſtre ſiecle?

1146 2343 2763 416 Pour moy, Monſeigneur,

1160 2628 2746 407 qui ſuis attaqué de tous co¬

1129 2907 2779 416 ſtez, & à qui il ne reſte que

1119 3195 2774 416 l'eſperance qui eſt le ſeul biẽ

1124 3479 2767 420 de ceux qui n'ont pas les au¬

1117 3779 2770 409 tres, puis que mõ mal-heur

1103 4059 2782 413 veut que ie ſois cette victi¬

1096 4343 2779 417 me publique qui doit eſtre

1081 4631 2791 425 chargée des peines du peu¬

1087 4915 2771 421 ple, & payer pour tout le

1074 5203 2777 389 monde, ie ſerois tres-content

3446 5692 386 223 que

1208 107 261 193 48

1577 102 2258 311 LETTRES DV SIEVR
