4267 6855
1056 468 2778 307 tendre ce qu’il deſire, &

1053 752 2795 307 qu’il ordonne de la condui¬

1047 1044 2802 291 te du monde: Quand il

1049 1340 2798 311 vous plairra, Monſeigneur,

1038 1620 2803 307 ie ſcauray les inſpirations

1052 1916 2798 299 qu’il vous a enuoyées, & l’e¬

1046 2200 2794 299 lection que vous auez faite,

1051 2496 2798 303 car de l’aller apprendre ſi

1045 2780 2802 271 toſt ſur les lieux, il faudroit

1051 3064 2806 311 qu’il n’y euſt point de ſeureté

1044 3384 2802 275 pour moy en ce Royaume,

1054 3662 2806 292 & que ie ne connuſse pas cõ¬

1044 3932 2806 267 me ie fais, le Soleil de Rome.

1045 4220 2822 311 Celuy qui noirçit les Mores,

1059 4508 2782 303 & qui bruſle la Lybie n’eſt

1048 4796 2791 315 point ſi dangereux en cet¬

1055 5068 2774 283 te ſaiſon, & ſi vous n’auiez

1056 5364 2758 319 des threſors de neige, & des

1046 234 246 211 40

1441 188 2276 269 LETTRES DV SIEVR
