4267 6791
1073 467 2749 305 ſur la teſte des Roys, & qui

1079 763 2749 217 commande à toutes les a¬

1092 1043 2749 221 mes raiſonnables. Encore

1106 1319 2737 305 que ma ſanté ſoit ſi peu aſ¬

1100 1615 2745 289 ſurée, que ie ne m’en puiſſe

1109 1899 2754 289 promettre trois iours de ſui¬

1111 2183 2749 293 te, ie n'ay pas toutesfois per¬

1125 2475 2745 288 du l’eſperance de vous voir

1122 2759 2746 292 vn iour en ce païs là donner

1136 3039 2738 300 des loix aux peuples du mõ¬

1134 3319 2753 304 de, & faire de grands exem¬

1127 3615 2770 296 ples de vos plus petites a¬

1141 3891 2753 228 ctions. Peut eſtre Monſei¬

1151 4179 2741 304 gneur, que Dieu me conſer¬

1148 4467 2750 288 uera pour l'amour de vous,

1162 4739 2738 300 afin que rien ne manque à

1164 5039 2733 288 voſtre gloire, & qu'il y ayt

1165 5307 2754 296 vn homme au monde qui

1031 215 255 254 34

1416 209 2238 243 LETTRES DV SIEVR
