4267 5717
1204 344 2684 510 TRAGI-COMEDIE.
3236 418 3326 511 >

525 515 699 644 Vn
749 509 1271 685 beau-pere
1317 514 1733 678 infolent
1779 519 1918 676 efi
1953 514 2217 632 dans
2265 520 2371 637 la
2383 523 2951 684 feruitude,

504 697 712 802 Scn
734 679 912 845 fils
958 686 1321 805 attend
1364 685 1486 801 de
1534 730 1782 803 nom
1832 728 1992 803 vn
2034 719 2624 811 traitement
2641 697 2874 863 plus
2904 701 3156 822 rude
3176 748 3208 834 )

507 859 815 999 Déjà
863 900 1103 975 nom
1147 853 1235 970 le
1279 890 1627 972 tenons
1677 852 1987 973 enclos
2033 855 2157 970 de
2207 890 2527 974 toutes
2562 899 2859 1027 parts
2885 958 2919 1000 ,

506 1023 670 1140 Et
685 1024 868 1187 fes
910 1024 1348 1143 derniers
1392 1023 1670 1190 effort
1672 1073 1720 1139 s
1720 1023 1836 1156 J
1832 1021 2194 1183 ansfes
2216 1024 2662 1143 derniers
2690 1076 2980 1199 ramp
2986 1076 3238 1170 arts,

503 1190 1213 1354 Eefnoignent
1220 1190 1365 1352 fa
1396 1190 1809 1357 foibleffe
1827 1280 1861 1322 ,
1914 1220 2057 1343 &
2052 1189 2251 1348 [on
2297 1189 2731 1313 humeur
2749 1202 2893 1322 ait
2901 1248 3095 1321 tere
3121 1256 3159 1314 :

500 1355 676 1470 La
704 1359 944 1477 ville
988 1358 1524 1515 dlAmafie
1576 1366 1712 1517 efi
1750 1403 1910 1472 vn
1952 1354 2206 1473 beau
2256 1362 2790 1482 Cimetiere
2812 1414 2840 1496 z

505 1525 599 1634 C
625 1530 763 1685 efi
793 1567 933 1690 tcy
968 1571 1163 1691 que
1201 1572 1431 1643 mon
1473 1523 1697 1644 bras
1741 1560 2115 1644 atterre
2140 1528 2335 1684 [on
2385 1535 2767 1690 orgueil
2784 1580 2813 1662 )

498 1690 608 1802 Il
646 1736 770 1807 en
783 1693 1006 1856 fait
1023 1691 1220 1849 fon
1264 1742 1332 1806 a
1333 1702 1448 1859 fi
1454 1695 1582 1828 le,
1637 1723 1780 1847 çf
1822 1742 2010 1814 ien
2025 1695 2262 1860 fais
2277 1694 2478 1859 fon
2526 1700 2976 1827 cercueil)

493 1853 603 1966 Il
602 1854 1101 2017 fuccombe
1137 1859 1401 2015 défia
1436 1863 1659 2024 fom
1710 1863 2043 2034 leffort
2086 1908 2267 2028 qui
2313 1862 2813 2004 l'accable,

490 2017 698 2139 Les
741 2026 1124 2144 Beliers
1165 2066 1340 2145 ont
1383 2077 1608 2192 agi,
1659 2033 1764 2149 la
1805 2033 2178 2195 brefche
2229 2034 2366 2193 efi
2403 2032 3088 2195 raifonnable,

500 2195 659 2306 Et
702 2191 789 2303 le
832 2199 1259 2352 premier
1300 2206 1627 2359 affaut
1670 2247 1865 2367 que
1900 2208 1993 2315 ie
2036 2247 2145 2318 m
2174 2242 2299 2313 en
2338 2241 2563 2364 vay
2618 2205 3005 2322 donner
3018 2295 3057 2341 ,

497 2350 908 2472 u4cheue
939 2393 1184 2474 cette
1217 2404 1638 2514 guerre,
1691 2395 1838 2510 &
1867 2410 2032 2479 me
2069 2404 2230 2480 va
2291 2404 2853 2486 couronner,

1276 2624 2486 2750 PHARNABASE.

482 2845 657 2958 La
700 2891 1065 3012 conque
1034 2857 1197 3011 fie
1208 2860 1325 3010 fi
1342 2897 1793 3027 prompte
1838 2870 1977 3027 efi
2020 2863 2245 2984 bien
2288 2872 2513 2988 mal
2550 2874 3024 3037 affeurée,

477 3007 650 3120 La
659 3012 1042 3171 fureur
1075 3021 1252 3136 des
1299 3060 1680 3146 torrens
1725 3033 1820 3148 ri
1823 3038 1960 3194 efi
1995 3039 2376 3153 iamais
2425 3041 2552 3156 de
2599 3042 2902 3160 duree
2927 3094 2964 3159 :

466 3184 1081 3335 Surprendre
1126 3233 1289 3302 vn
1326 3240 1821 3361 ennemyc
1836 3204 1975 3359 efi
2026 3203 2489 3368 (pourne
2522 3248 2807 3372 peint
2840 3216 3261 3373 flatter)

475 3341 938 3458 Dérober
967 3348 1072 3461 la
1115 3360 1573 3492 victoire,
1631 3393 1774 3507 çf
1817 3410 2018 3477 non
2045 3405 2234 3525 pas
2285 3366 2761 3489 l’acheter.

468 3495 885 3648 Quand
882 3514 1089 3670 fur
1124 3513 1231 3628 la
1246 3520 1437 3685 foy
1466 3520 1939 3692 publique
1998 3575 2163 3646 vn
2218 3538 2606 3652 T*rince
2614 3541 2744 3699 fe
2790 3543 3166 3711 repofe,

457 3661 760 3806 Qu'il
793 3721 866 3788 n
891 3726 962 3792 a
989 3687 1280 3841 point
1329 3686 1454 3803 de
1477 3691 1760 3848 fuiet
1801 3695 1927 3810 de
1953 3700 2407 3819 craindre
2433 3748 2819 3826 aucune
2853 3711 3175 3874 chofe,

464 3837 801 3953 Certes
846 3844 929 3958 il
958 3852 1099 4007 efi
1126 3848 1347 4010 atfé
1374 3853 2052 4025 d’oprimerfa
2100 3868 2528 4006 valeur,

459 4005 622 4114 Et
667 4036 933 4126 toute
943 4014 1089 4169 fa
1121 4038 1611 4178 prudence
1655 4033 1792 4189 efi
1829 4069 2153 4153 courte
2203 4084 2331 4155 en
2371 4083 2469 4156 ce
2525 4043 3017 4169 malheur,

1403 4295 2297 4417 TIRIDATE.

466 4515 720 4631 Vous
762 4519 1208 4687 offenfeZj
1242 4570 1402 4649 vn
1442 4535 1565 4652 E
1572 4540 1832 4652 rince
1876 4584 2000 4657 en
2032 4541 2382 4706 difant
2405 4555 2662 4718 quil
2661 4557 3236 4715 fommeiüe:

457 4669 613 4780 Le
677 4722 923 4848 rang
957 4692 1083 4809 de
1129 4707 1685 4821 Souuerain
1729 4746 1991 4827 veut
2026 4757 2227 4877 que
2279 4723 2739 4880 toufiours
2785 4730 2869 4844 il
2903 4729 3227 4860 veille)

456 4841 620 4952 Et
672 4857 840 5005 qui
888 4904 932 4966 s
962 4870 1314 5023 affèure
1356 4905 1572 5036 trop
1620 4920 1744 4991 en
1790 4917 1890 4994 ce
1935 4928 2234 5045 quon
2280 4884 2448 5051 luy
2487 4928 2930 5054 promet,

437 5009 861 5133 ALerite
899 5020 983 5138 le
1021 5034 1477 5161 malheur
1513 5088 1645 5164 ou
1678 5045 1827 5215 fa
1834 5050 2151 5216 faute
2196 5054 2287 5184 le
2336 5098 2581 5193 met.

2706 5237 2776 5334 B
