4267 5717
1143 200 2620 361 TRAGI-COMEDIE.

3168 238 3290 345 rj

515 1183 709 1480 8
1075 1162 1341 1452 L
1715 1142 1965 1439 E
2323 1121 2661 1427 ^
3011 1100 3261 1398 E

892 1566 2837 1783 TROISIESME.

495 2001 1292 2137 PHRAARTE,
1367 1978 2276 2112 OROSMANE,
2351 1964 2624 2077 deux
2683 1951 3300 2090 GARDES,

785 2162 1721 2292 TIRIDATE,
1796 2124 3017 2261 PHARNABASE,

1427 2436 2531 2580 PHRAARTE.

1133 2736 1909 2862 EIGNEVR
1945 2731 1978 2868 -
2029 2723 2109 2843 il
2157 2765 2401 2838 nous
2441 2760 2509 2836 a
2536 2715 2701 2832 dit
2725 2757 3025 2882 quen
3061 2738 3313 2831 cette

1299 2898 1832 3032 extrémité
1841 2983 1876 3032 3

1128 3070 1239 3187 Il
1270 3072 1659 3231 defiroit
1680 3059 2033 3233 parler
2068 3099 2137 3168 a
2162 3050 2491 3214 voftre
2510 3057 2849 3171 Mate
2834 3043 3015 3206 fié.

1312 3376 2433 3505 OROSMANE.

509 3713 1150 3891 Impitoyable
1181 3712 1346 3876 fis
1369 3807 1402 3851 3
1447 3748 1562 3835 ta
1613 3711 1916 3831 haine
1967 3712 2104 3871 efi
2151 3703 2573 3871 ajfouuie
2597 3738 2628 3824 ;

514 3902 687 4011 Tu
724 3903 983 4009 tiens
1018 3937 1143 4005 en
1184 3922 1359 4002 ton
1396 3890 1853 4051 pouvoir,
1882 3922 2119 3995 mon
2166 3878 2477 4033 Efiat
2524 3894 2667 4017 &
2690 3904 2869 3977 ma
2888 3863 3123 3991 vie)

517 4064 682 4177 Et
727 4059 816 4172 le
831 4058 1054 4217 fort
1063 4050 1598 4215 fauorable
1645 4098 1860 4169 aux
1883 4091 2204 4165 vœux
2223 4042 2364 4157 du
2407 4035 2634 4202 plus
2653 4040 3126 4198 puijfant,

508 4232 649 4341 A
660 4225 1137 4390 foujlenu
1177 4258 1345 4334 ton
1393 4261 1689 4335 crime
1717 4262 1747 4362 ,
1779 4247 1915 4368 (jf
1953 4211 2267 4375 perdu
2312 4206 2373 4324 t
2377 4230 2875 4324 innocent.

518 4395 616 4507 Il
628 4386 1010 4554 femble
1056 4432 1248 4557 que
1292 4385 1428 4502 les
1484 4389 1856 4504 Dieux
1900 4414 2078 4497 ont
2114 4371 2494 4538 changé
2527 4370 2654 4485 de
2698 4396 3118 4501 nature,

539 4568 702 4672 Ou
747 4605 940 4726 que
985 4590 1206 4678 tout
1253 4562 1400 4720 icy
1441 4550 1612 4671 bas
1667 4548 1762 4671 ri
1765 4549 1990 4715 aille
2051 4544 2286 4714 qua
2335 4541 2962 4660 taduenture
2987 4625 3022 4669 ,

526 4720 645 4833 T
648 4768 791 4834 ms
832 4775 1117 4889 quon
1168 4723 1431 4843 void
1462 4720 1953 4881 liniufttce
2002 4762 2127 4834 en
2176 4755 2275 4831 ce
2322 4704 2627 4875 degré
2654 4702 2995 4874 quelle
3048 4700 3213 4859 ejl.

539 4890 696 5001 Et
741 4887 842 5002 la
868 4931 1166 5015 vertu
1189 4891 1628 5064 foumife
1677 4888 1748 5003 à
1791 4922 2012 5009 tout
2048 4930 2146 5004 ce
2194 4886 2370 5047 qui
2417 4881 2580 5051 luy
2621 4874 2930 5044 plaifi
2928 4958 2952 4984 .

2726 5036 3009 5170 B iij
