4267 5671
942 282 998 366 6
1190 234 2046 358 L’AMOVR
2154 234 3466 406 TIRANNIQVE,

1798 446 2958 634 CXSSANDRE.

951 755 1055 871 Il
1061 755 1183 917 fie
1237 753 1449 867 doit
1459 747 1945 907 fouuenir
1987 745 2113 863 de
2153 753 2479 909 'vofire
2527 791 2889 867 amour
2931 791 3433 897 extreme,

955 927 1117 1041 Et
1163 917 1411 1085 qu’il
1453 963 1713 1035 vous
1765 919 1983 1033 doit
2023 961 2351 1031 aimer
2387 961 2457 1027 a
2497 911 2831 1077 ïefgal
2873 919 2997 1037 de
3025 925 3601 1091 luy-mefme
3617 1029 3635 1047 .

1791 1176 2775 1304 ORMENE.
955 1415 1065 1537 le
1109 1471 1267 1539 me
1317 1423 1527 1539 dois
1541 1431 2031 1587 Jouuenir
2065 1473 2203 1541 au
2245 1425 2585 1543 milieu
2635 1425 2761 1539 de
2795 1475 3007 1547 mes
3057 1481 3437 1569 maux,

957 1597 1113 1707 Et
1167 1593 1309 1705 du
1335 1601 1757 1755 pouuoir
1779 1593 1851 1705 d
1853 1621 1907 1675 ,f
1901 1639 2035 1709 un
2073 1599 2197 1709 T
2207 1637 2497 1727 rince,
2525 1619 2665 1743 çf
2693 1593 2837 1707 du
2843 1635 3047 1763 peu
3069 1649 3265 1765 que
3289 1649 3381 1719 te
3407 1649 3707 1721 *\vaux
3717 1699 3735 1721 .

1911 1853 2809 1983 HECVBE,

945 2095 1287 2207 Mais
1299 2093 1415 2245 fi
1449 2099 1773 2251 vofire
1825 2099 2227 2249 interefi
2265 2109 2671 2215 n'excite
2683 2109 2965 2263 point
2989 2109 3315 2259 nsofire
3345 2151 3609 2239 ame,

953 2251 1445 2373 Combate
1563 2297 1819 2423 pour
1849 2259 1937 2373 le
1939 2259 2209 2413 fien,
2243 2289 2387 2403 çc?
2427 2261 2517 2377 le
2525 2261 3119 2439 fiauuél^de
3169 2265 3575 2427 blafme.

1861 2521 2847 2647 ORMENE,

941 2757 1049 2875 Il
1079 2765 1681 2925 n'apartient
1709 2787 2091 2923 qu'aux
2129 2771 2497 2881 Dieux
2525 2763 2649 2877 de
2691 2763 3181 2925 confeiller
3201 2765 3335 2877 les
3369 2773 3657 2901 Rois,

1761 3027 1859 3141 C
1891 3021 2911 3143 ASSANDRE.

939 3267 1103 3377 Et
1149 3259 1289 3377 les
1321 3271 1693 3385 Dieux
1695 3301 1959 3429 pour
1991 3265 2195 3381 cela
2229 3269 2857 3381 demandent
2875 3267 3201 3423 'vofire
3229 3267 3493 3377 'vois.

1841 3591 2803 3715 ORMENE.

929 3933 1045 4047 le
1077 3975 1195 4049 ne
1201 3939 1435 4095 puis
1459 3977 1619 4051 me
1643 3931 2089 4095 refioudre
2133 3977 2203 4045 a
2221 3929 2633 4101 fafeber
2651 3929 3161 4049 Eiridate.

1851 4265 2783 4389 HECVBE.

935 4603 1085 4713 Ce
1125 4597 1277 4713 rie
1259 4605 1361 4757 fi
1395 4639 1581 4765 pas
1625 4607 1729 4719 la
1783 4609 2111 4773 raifon
2133 4699 2161 4741 3
2193 4607 2463 4769 cefil
2481 4649 2841 4723 amour
2857 4595 3599 4771 qui'tousfiate.

931 4767 1039 4881 L
1069 4773 1755 4931 amourefi'vn
1797 4811 2101 4941 tyran
2121 4777 2395 4893 dans
2437 4775 2579 4893 les
2621 4783 2955 4891 ieunes
2997 4767 3359 4929 efirits,

943 4943 1255 5055 Dont
1291 4935 1431 5053 les
1455 4939 1933 5103 profonds
1985 4943 2369 5109 refietts
2395 4979 2827 5069 excitent
2871 4941 2959 5057 le
2999 4933 3409 5103 mefprü
3415 5019 3443 5041 .
