4267 5671
991 396 1097 466 io
1391 344 2155 460 L’AMOVR
2269 336 2555 450 TIR
2591 336 3481 482 ANNIQVE,

1750 607 2961 728 PHARNABASE.

963 869 1446 1019 Seigneur
1442 944 1470 986 3
1479 857 1658 1016 qui
1683 897 1942 969 'vous
1993 848 2398 1007 infiruit
2421 888 2544 957 en
2575 842 2698 954 de
2725 837 2996 953 telles
3035 843 3538 960 maximes
3557 853 3618 955 F

976 1028 1669 1191 Croyefyous
1724 1020 1975 1134 donc
1996 1058 2321 1179 qu'un
2356 1017 2445 1125 R
2462 1056 2579 1171 oy
2598 1004 3159 1167 doiuefaire
3180 1005 3353 1121 des
3376 1016 3777 1125 crimes?

985 1198 1141 1310 Et
1165 1186 1325 1355 qù
1331 1186 1411 1302 il
1455 1184 1620 1345 luy
1637 1184 1847 1347 foit
1871 1186 2247 1350 permis
2293 1179 2417 1294 de
2463 1172 2791 1293 •violer
2807 1179 2890 1331 J
2881 1212 2949 1283 a
2969 1170 3160 1332 foy
3191 1261 3220 1309 ,

980 1364 1392 1474 Comme
1414 1350 1562 1468 rie
1530 1359 1830 1513 fiant
1838 1351 2070 1516 plus
2094 1346 2486 1462 homme
2488 1437 2516 1481 3
2524 1388 2590 1455 a
2618 1337 2900 1501 caufe
2930 1382 3068 1503 qu
3096 1337 3180 1452 il
3188 1341 3324 1499 efi
3366 1342 3592 1506 Roy
3620 1347 3680 1455 ?

1937 1613 2834 1729 TIRIDATE.

998 1870 1287 1980 Ceux
1336 1868 1511 2024 qui
1556 1867 2017 1977 tiennent
2054 1900 2215 1973 vn
2256 1899 2509 2015 rang
2550 1850 2679 1968 de
2700 1851 3189 2014 puifiance
3234 1838 3613 2001 infinie,

991 2046 1250 2148 Sont
1267 2030 1740 2176 ànfruits
1773 2025 2324 2182 feulement
2351 2057 2556 2179 par
2587 2061 2746 2132 vn
2793 2016 3496 2144 diumGenie,

1000 2189 1226 2344 Qui
1238 2192 1466 2351 fait
1492 2190 1952 2347 toufiours
1992 2186 2276 2299 ceder
2316 2225 2452 2293 au
2500 2222 2752 2294 cœur
2790 2179 3044 2293 d'un
3100 2181 3682 2305 Tôtentât,

1005 2366 1295 2477 Cette
1339 2357 1667 2520 raifon
1711 2394 2275 2480 commune,
2313 2343 2383 2454 d
2425 2345 2531 2455 la
2577 2343 2903 2504 raifon
2953 2336 3403 2494 d'Efiat.

1826 2606 3014 2730 PHARNABASE.

1015 2868 1422 3027 Croyez,
1451 2897 1712 2972 vous
1759 2852 2008 2966 donc
2051 2854 2340 2963 auoir
2379 2843 2484 2957 la
2501 2842 2922 3003 fortune
2959 2829 3432 2998 profiere,

1016 3022 1432 3172 Quand
1466 3065 1724 3136 vous
1776 3014 2546 3177 aurëfdefimit
2572 3050 2730 3120 vn
2754 3031 3208 3117 innocent
3230 2991 3814 3152 beau-pere?

1027 3201 1441 3359 Croyez
1473 3231 1731 3302 vous
1779 3180 1999 3298 bien
2017 3175 2477 3343 franchir
2511 3216 2671 3287 vn
2707 3207 2893 3336 pas
2903 3168 3017 3319 fi
3051 3162 3629 3317 dangereux
3659 3161 3717 3261 ?

1024 3367 1186 3480 Et
1224 3360 1604 3523 qtîvne
1658 3353 2004 3510 iniufie
2030 3387 2394 3507 guerre
2414 3427 2450 3471 }
2500 3342 2654 3448 ait
2704 3375 2862 3446 vn
2883 3328 3264 3489 fuccez
3299 3318 3732 3434 heureux
3759 3318 3818 3425 ?

1975 3599 2869 3723 TIRIDATE.

1038 3869 1235 3984 Ne
1282 3871 1603 4026 iugez
1620 3864 1907 4027 point
1954 3851 2125 3967 des
2176 3854 2429 3962 Rois
2432 3931 2459 3973 3
2470 3883 2696 3955 ame
2716 3833 3178 3995 vulgaire
3214 3853 3351 3977 &
3380 3818 3658 3984 baffes

1043 4033 1239 4148 Ne
1287 4032 1421 4147 les
1467 4030 2159 4193 mefureT^pas
2209 4051 2449 4128 auec
2489 4050 2703 4121 vne
2771 4034 3061 4117 autre
3115 4035 3331 4110 race
3361 4032 3391 4116 )

1038 4203 1346 4314 Tour
1384 4198 1520 4312 les
1556 4245 1624 4357 y
1672 4226 2216 4354 comparer,
2262 4180 2386 4294 ils
2394 4177 2640 4335 font
2688 4203 2898 4331 trop
2946 4163 3470 4332 différent,

1056 4363 1261 4477 Les
1315 4370 1565 4480 Rois
1621 4394 1799 4481 ont
1840 4358 2015 4474 des
2030 4348 2413 4515 fuiets,
2459 4366 2601 4493 &
2655 4336 2747 4454 ri
2747 4367 2923 4450 ont
2951 4363 3233 4497 point
3278 4321 3403 4437 de
3432 4352 3673 4482 pare
3672 4350 3831 4425 ns.

1846 4600 3058 4738 PHARNABASE.

1071 4883 1404 4994 Mais
1409 4864 1886 5029 fupofons
1941 4855 2203 5017 enfin
2255 4897 2445 5022 que
2499 4849 2693 4965 l'on
2727 4876 3095 5002 prenne
3127 4829 3359 4942 Am
3365 4866 3429 4936 a
3431 4822 3611 4990 fie,

1076 5049 1348 5166 Vous
1394 5028 1990 5193 verreT^fur
2006 5072 2196 5145 vos
2218 5022 2472 5153 bras,
2510 5060 2626 5169 (y
2622 5042 2650 5080 3
2694 5008 2752 5124 b
2756 5049 2968 5123 vne
3024 5023 3166 5154 çfi
3192 4993 3234 5109 l
3256 5026 3548 5111 autre
3574 4985 3706 5101 A
3668 4976 3856 5135 fie)
