4267 5704
946 266 2554 398 TRAGI-COMEDIE.

3066 322 3210 418 >9

468 1204 660 1492 S
1020 1204 1284 1492 C
1676 1196 1924 1484 E
2284 1188 2610 1488 N

900 1628 1052 1788 C
1116 1620 1388 1788 IN
1468 1620 1932 1820 QVI
2004 1620 2132 1780 E
2196 1612 2772 1780 SME.

463 1995 1393 2137 PHRAARTE,
1445 1993 2631 2127 OROSMANE,
2705 1983 3261 2103 DEYX

621 2167 1319 2307 GARDES,
1365 2163 2165 2303 T1GRANE,
2223 2153 3091 2293 POL13ŒNE,

1285 2469 2359 2593 PHRAARTE.

1997 2933 2495 3053 Duancés
2523 2977 2763 3055 vers
2791 2935 2895 3051 la
2911 2971 3191 3099 porte
3215 3021 3247 3067 -

467 3103 981 3215 ‘Tendant
1021 3147 1213 3259 que
1251 3105 1341 3215 ie
1363 3105 1667 3265 feray
1713 3145 1811 3215 ce
1863 3147 2057 3265 que
2111 3145 2345 3217 mon
2383 3101 2667 3219 ordre
2703 3139 2981 3267 porte
2989 3187 3011 3209 .

493 3277 591 3377 O
641 3299 1181 3375 contrainte
1203 3249 1715 3419 fajcheufe
1755 3313 1883 3377 ou
1929 3315 2019 3383 te
2037 3271 2265 3423 fins
2317 3267 2685 3427 obligé!

487 3431 601 3539 le
627 3461 725 3539 te
763 3423 1099 3585 plains
1149 3429 1411 3541 dans
1455 3425 1545 3537 le
1587 3467 2283 3591 cœur,pamre
2321 3437 2445 3547 T
2453 3475 2711 3547 rince
2741 3431 3107 3597 affligé)

495 3601 825 3707 A4au
833 3591 953 3743 fi
979 3589 1399 3705 tacheue
1449 3637 1573 3705 en
1599 3587 1765 3745 fin
1805 3593 1895 3707 le
1947 3597 2301 3761 deffein
2349 3645 2543 3763 que
2597 3645 2687 3715 te
2707 3635 3099 3731 trame,

479 3755 1015 3869 Thraarte
1061 3803 1185 3873 en
1225 3793 1325 3873 te
1341 3759 2625 3925 Jduuant,fefauuera-de
2665 3761 3069 3927 blafme.

501 3921 751 4077 C'eft
801 3923 885 4033 le
929 3931 1157 4085 Roy
1203 3973 1437 4043 mon
1479 3941 2021 4089 Seigneur,
2083 3939 2261 4097 qui
2305 3979 2465 4049 me
2491 3937 2723 4095 fait
2763 3971 2811 4049 t
2837 3931 3292 4049 aduertir

495 4095 689 4205 De
733 4085 897 4245 luy
931 4093 1279 4201 rendre
1329 4095 1437 4205 la
1463 4097 1769 4253 place,
1797 4129 1939 4251 &
1959 4101 2183 4217 d'en
2205 4105 2603 4219 vouloir
2613 4101 3003 4265 fortiry

499 4259 715 4367 Car
721 4257 837 4411 fi
867 4289 983 4367 tu
1031 4299 1159 4369 ne
1201 4255 1289 4369 le
1305 4255 1595 4415 fais,
1643 4265 2117 4423 confulte,
2173 4265 2637 4393 délibéré)

501 4421 703 4565 l'ay
745 4421 843 4535 le
877 4425 1749 4543 commandement
1805 4431 1929 4543 de
1969 4439 2567 4565 poignarder
2617 4469 2791 4551 ton
2831 4471 3085 4565 pere.

1405 4587 2331 4715 TIGRANE.

521 4751 619 4855 O
657 4755 1037 4869 Dieux!
1085 4807 1213 4877 en
1255 4761 1497 4925 quel
1531 4769 1783 4925 efiat
1823 4817 1983 4885 me
2009 4771 2573 4931 twuuay-ie
2599 4817 2727 4885 en
2747 4815 2843 4885 ce
2869 4817 3089 4887 tour
3107 4789 3145 4877 ?

495 4905 741 5051 Que
785 4921 1127 5045 dois-ie
1147 4931 1565 5051 deuemr
1585 4945 1645 5051 ?
1673 4939 2157 5075 Nature,
2191 4939 2671 5077 honneur,
2713 4945 3177 5069 Amour,

2709 5113 2793 5205 c

3347 2953 3403 3017 11
3439 2953 3603 3039 parle
3649 2951 3683 3017 à

3315 3039 3397 3105 Es
3417 3037 3681 3105 Soldats.

3329 3477 3383 3537 Il
3408 3473 3613 3538 dit^es
3653 3497 3689 3547 4

3329 3554 3615 3622 vers bas.
3329 4259 3385 4323 Il
3415 4247 3613 4317 hauffe
3643 4249 3699 4309 le

3331 4335 3653 4427 poignard.
