<?xml version="1.0" encoding="UTF-8" standalone="yes"?>
<PcGts xmlns="http://schema.primaresearch.org/PAGE/gts/pagecontent/2013-07-15" xmlns:xsi="http://www.w3.org/2001/XMLSchema-instance" xsi:schemaLocation="http://schema.primaresearch.org/PAGE/gts/pagecontent/2013-07-15 http://schema.primaresearch.org/PAGE/gts/pagecontent/2013-07-15/pagecontent.xsd">
    <Metadata>
        <Creator></Creator>
        <Created>2019-01-18T10:23:02.514+01:00</Created>
        <LastChange>2019-07-24T15:54:42.292+02:00</LastChange>
        <Comments>
                Measurement unit: pixel
                PrimaryLanguage: English
                Language: FrenchStandard
                Producer: ABBYY FineReader Engine 11</Comments>
        <TranskribusMetadata docId="187497" pageId="7458065" pageNr="60" tsid="13101524" status="DONE" userId="10612" imgUrl="https://files.transkribus.eu/Get?id=UZSUNGTOUBHFSFCBNDKZVSJA&amp;fileType=view" xmlUrl="https://files.transkribus.eu/Get?id=KRTOPTBAQPVFPGAUZPNYGQUR" imageId="2289696"/>
    </Metadata>
    <Page imageFilename="Scudery1639_Amour_btv1b8607044w_corrected_0060.png" imageWidth="4267" imageHeight="5692">
        <PrintSpace>
            <Coords points="980,0 4267,0 4267,5692 980,5692"/>
        </PrintSpace>
        <ReadingOrder>
            <OrderedGroup id="ro_1604223085811" caption="Regions reading order">
                <RegionRefIndexed index="0" regionRef="r_1_1"/>
                <RegionRefIndexed index="1" regionRef="r_1_2"/>
                <RegionRefIndexed index="2" regionRef="r_1_3"/>
                <RegionRefIndexed index="3" regionRef="r_1_4"/>
                <RegionRefIndexed index="4" regionRef="r_1_5"/>
                <RegionRefIndexed index="5" regionRef="r_1_6"/>
                <RegionRefIndexed index="6" regionRef="r_1_7"/>
                <RegionRefIndexed index="7" regionRef="r_1_8"/>
            </OrderedGroup>
        </ReadingOrder>
        <TextRegion type="paragraph" id="r_1_1" custom="readingOrder {index:0;}">
            <Coords points="1054,271 3678,271 3678,475 1054,475"/>
            <TextLine id="tl_1" primaryLanguage="English" custom="readingOrder {index:0;}">
                <Coords points="1055,272 3677,272 3677,474 1055,474"/>
                <Baseline points="1056,406 1102,406 1604,404 2226,403 2670,410 3676,470"/>
                <Word id="w_w2aab1b1b2b1b1ab1" language="English" custom="readingOrder {index:0;}">
                    <Coords points="1056,302 1182,302 1182,406 1056,406"/>
                    <TextEquiv>
                        <Unicode>,8</Unicode>
                    </TextEquiv>
                    <TextStyle fontFamily="Times New Roman" fontSize="7.5" italic="true"/>
                </Word>
                <Word id="w_w2aab1b1b2b1b1b1b3" language="English" custom="readingOrder {index:1;}">
                    <Coords points="1376,286 1604,286 1604,404 1376,404"/>
                    <TextEquiv>
                        <Unicode>L’A</Unicode>
                    </TextEquiv>
                    <TextStyle fontFamily="Times New Roman" fontSize="8.5"/>
                </Word>
                <Word id="w_w2aab1b1b2b1b1b1c11" language="English" custom="readingOrder {index:2;}">
                    <Coords points="1650,282 2226,282 2226,403 1650,403"/>
                    <TextEquiv>
                        <Unicode>MOVR</Unicode>
                    </TextEquiv>
                    <TextStyle fontFamily="Times New Roman" fontSize="8.5"/>
                </Word>
                <Word id="w_w2aab1b1b2b1b1b1c21" language="English" custom="readingOrder {index:3;}">
                    <Coords points="2332,289 2670,289 2670,410 2332,410"/>
                    <TextEquiv>
                        <Unicode>TIR</Unicode>
                    </TextEquiv>
                    <TextStyle fontFamily="Times New Roman" fontSize="8.5"/>
                </Word>
                <Word id="w_w2aab1b1b2b1b1b1c29" language="English" custom="readingOrder {index:4;}">
                    <Coords points="2708,297 3676,297 3676,471 2708,471"/>
                    <TextEquiv>
                        <Unicode>ANNIQVE,</Unicode>
                    </TextEquiv>
                    <TextStyle fontFamily="Times New Roman" fontSize="8.5"/>
                </Word>
                <TextEquiv>
                    <Unicode>18 L’AMOVR TIRANNIQVE,</Unicode>
                </TextEquiv>
            </TextLine>
            <TextEquiv>
                <Unicode>18 L’AMOVR TIRANNIQVE,</Unicode>
            </TextEquiv>
        </TextRegion>
        <TextRegion type="paragraph" id="r_1_2" custom="readingOrder {index:1;}">
            <Coords points="1039,451 3775,451 3775,811 1039,811"/>
            <TextLine id="tl_2" primaryLanguage="English" custom="readingOrder {index:0;}">
                <Coords points="1040,452 3774,452 3774,648 1040,648"/>
                <Baseline points="1041,574 1145,572 1531,573 1781,572 2075,578 2405,600 2803,587 3109,593 3247,596 3773,637"/>
                <Word id="w_w2aab1b1b2b3b1ab1" language="English" custom="readingOrder {index:0;}">
                    <Coords points="1041,458 1145,458 1145,574 1041,574"/>
                    <TextEquiv>
                        <Unicode>Il</Unicode>
                    </TextEquiv>
                    <TextStyle fontFamily="Times New Roman" fontSize="7.5" italic="true"/>
                </Word>
                <Word id="w_w2aab1b1b2b3b1ab7" language="English" custom="readingOrder {index:1;}">
                    <Coords points="1148,456 1531,456 1531,621 1148,621"/>
                    <TextEquiv>
                        <Unicode>femble</Unicode>
                    </TextEquiv>
                    <TextStyle fontFamily="Times New Roman" fontSize="7.5" italic="true"/>
                </Word>
                <Word id="w_w2aab1b1b2b3b1ac21" language="English" custom="readingOrder {index:2;}">
                    <Coords points="1582,503 1781,503 1781,621 1582,621"/>
                    <TextEquiv>
                        <Unicode>que</Unicode>
                    </TextEquiv>
                    <TextStyle fontFamily="Times New Roman" fontSize="7.5" italic="true"/>
                </Word>
                <Word id="w_w2aab1b1b2b3b1ac29" language="English" custom="readingOrder {index:3;}">
                    <Coords points="1835,505 2075,505 2075,578 1835,578"/>
                    <TextEquiv>
                        <Unicode>mon</Unicode>
                    </TextEquiv>
                    <TextStyle fontFamily="Times New Roman" fontSize="7.5" italic="true"/>
                </Word>
                <Word id="w_w2aab1b1b2b3b1ac37" language="English" custom="readingOrder {index:4;}">
                    <Coords points="2123,506 2405,506 2405,600 2123,600"/>
                    <TextEquiv>
                        <Unicode>cœur,</Unicode>
                    </TextEquiv>
                    <TextStyle fontFamily="Times New Roman" fontSize="7.5" italic="true"/>
                </Word>
                <Word id="w_w2aab1b1b2b3b1ac49" language="English" custom="readingOrder {index:5;}">
                    <Coords points="2433,511 2803,511 2803,587 2433,587"/>
                    <TextEquiv>
                        <Unicode>comme</Unicode>
                    </TextEquiv>
                    <TextStyle fontFamily="Times New Roman" fontSize="7.5" italic="true"/>
                </Word>
                <Word id="w_w2aab1b1b2b3b1ac61" language="English" custom="readingOrder {index:6;}">
                    <Coords points="2849,523 3109,523 3109,593 2849,593"/>
                    <TextEquiv>
                        <Unicode>vous</Unicode>
                    </TextEquiv>
                    <TextStyle fontFamily="Times New Roman" fontSize="7.5" italic="true"/>
                </Word>
                <Word id="w_w2aab1b1b2b3b1ac71" language="English" custom="readingOrder {index:7;}">
                    <Coords points="3157,482 3247,482 3247,596 3157,596"/>
                    <TextEquiv>
                        <Unicode>le</Unicode>
                    </TextEquiv>
                    <TextStyle fontFamily="Times New Roman" fontSize="7.5" italic="true"/>
                </Word>
                <Word id="w_w2aab1b1b2b3b1ac77" language="English" custom="readingOrder {index:8;}">
                    <Coords points="3293,520 3773,520 3773,637 3293,637"/>
                    <TextEquiv>
                        <Unicode>tramez.</Unicode>
                    </TextEquiv>
                    <TextStyle fontFamily="Times New Roman" fontSize="7.5" italic="true"/>
                </Word>
                <TextEquiv>
                    <Unicode>Il ſemble que mon cœur, comme vous le traittez,</Unicode>
                </TextEquiv>
                <TextStyle fontFamily="Times New Roman" fontSize="7.5" italic="true"/>
            </TextLine>
            <TextLine id="tl_3" primaryLanguage="English" custom="readingOrder {index:1;}">
                <Coords points="1049,617 3456,617 3456,810 1049,810"/>
                <Baseline points="1049,744 1246,741 1666,737 2128,744 2408,748 2682,746 2916,756 3258,766 3452,750"/>
                <Word id="w_w2aab1b1b2b3b3ab1" language="English" custom="readingOrder {index:0;}">
                    <Coords points="1049,627 1246,627 1246,744 1049,744"/>
                    <TextEquiv>
                        <Unicode>Ne</Unicode>
                    </TextEquiv>
                    <TextStyle fontFamily="Times New Roman" fontSize="7.5" italic="true"/>
                </Word>
                <Word id="w_w2aab1b1b2b3b3ab7" language="English" custom="readingOrder {index:1;}">
                    <Coords points="1293,623 1666,623 1666,744 1293,744"/>
                    <TextEquiv>
                        <Unicode>veuille</Unicode>
                    </TextEquiv>
                    <TextStyle fontFamily="Times New Roman" fontSize="7.5" italic="true"/>
                </Word>
                <Word id="w_w2aab1b1b2b3b3ac23" language="English" custom="readingOrder {index:2;}">
                    <Coords points="1696,627 2128,627 2128,788 1696,788"/>
                    <TextEquiv>
                        <Unicode>prendre</Unicode>
                    </TextEquiv>
                    <TextStyle fontFamily="Times New Roman" fontSize="7.5" italic="true"/>
                </Word>
                <Word id="w_w2aab1b1b2b3b3ac39" language="English" custom="readingOrder {index:3;}">
                    <Coords points="2162,668 2408,668 2408,793 2162,793"/>
                    <TextEquiv>
                        <Unicode>part</Unicode>
                    </TextEquiv>
                    <TextStyle fontFamily="Times New Roman" fontSize="7.5" italic="true"/>
                </Word>
                <Word id="w_w2aab1b1b2b3b3ac49" language="English" custom="readingOrder {index:4;}">
                    <Coords points="2442,680 2682,680 2682,800 2442,800"/>
                    <TextEquiv>
                        <Unicode>qua</Unicode>
                    </TextEquiv>
                    <TextStyle fontFamily="Times New Roman" fontSize="7.5" italic="true"/>
                </Word>
                <Word id="w_w2aab1b1b2b3b3ac57" language="English" custom="readingOrder {index:5;}">
                    <Coords points="2723,687 2916,687 2916,757 2723,757"/>
                    <TextEquiv>
                        <Unicode>vos</Unicode>
                    </TextEquiv>
                    <TextStyle fontFamily="Times New Roman" fontSize="7.5" italic="true"/>
                </Word>
                <Word id="w_w2aab1b1b2b3b3ac65" language="English" custom="readingOrder {index:6;}">
                    <Coords points="2962,644 3407,644 3407,794 2962,794"/>
                    <TextEquiv>
                        <Unicode>félicitez,</Unicode>
                    </TextEquiv>
                    <TextStyle fontFamily="Times New Roman" fontSize="7.5" italic="true"/>
                </Word>
                <Word id="word_1547810578989_2077" custom="readingOrder {index:7;}">
                    <Coords points="3419,668 3452,668 3452,750 3419,750"/>
                    <TextEquiv>
                        <Unicode></Unicode>
                    </TextEquiv>
                </Word>
                <TextEquiv>
                    <Unicode>Ne veüille prendre part qu'à vos felicitez!</Unicode>
                </TextEquiv>
            </TextLine>
            <TextEquiv>
                <Unicode>Il ſemble que mon cœur, comme vous le traittez,
Ne veüille prendre part qu'à vos felicitez!</Unicode>
            </TextEquiv>
        </TextRegion>
        <TextRegion type="paragraph" id="r_1_3" custom="readingOrder {index:2;}">
            <Coords points="1043,783 3683,783 3683,1312 1043,1312"/>
            <TextLine id="tl_4" primaryLanguage="English" custom="readingOrder {index:0;}">
                <Coords points="1044,784 3655,784 3655,980 1044,980"/>
                <Baseline points="1044,940 1342,902 1501,902 1803,909 2103,914 2445,913 2655,918 3113,927 3501,933 3654,960"/>
                <Word id="w_w2aab1b1b2b5b1ab1" language="English" custom="readingOrder {index:0;}">
                    <Coords points="1044,789 1342,789 1342,940 1044,940"/>
                    <TextEquiv>
                        <Unicode>Qu'il</Unicode>
                    </TextEquiv>
                    <TextStyle fontFamily="Times New Roman" fontSize="7.5" italic="true"/>
                </Word>
                <Word id="w_w2aab1b1b2b5b1ac13" language="English" custom="readingOrder {index:1;}">
                    <Coords points="1376,832 1501,832 1501,904 1376,904"/>
                    <TextEquiv>
                        <Unicode>ne</Unicode>
                    </TextEquiv>
                    <TextStyle fontFamily="Times New Roman" fontSize="7.5" italic="true"/>
                </Word>
                <Word id="w_w2aab1b1b2b5b1ac19" language="English" custom="readingOrder {index:2;}">
                    <Coords points="1548,818 1803,818 1803,909 1548,909"/>
                    <TextEquiv>
                        <Unicode>veut</Unicode>
                    </TextEquiv>
                    <TextStyle fontFamily="Times New Roman" fontSize="7.5" italic="true"/>
                </Word>
                <Word id="w_w2aab1b1b2b5b1ac29" language="English" custom="readingOrder {index:3;}">
                    <Coords points="1818,805 2103,805 2103,957 1818,957"/>
                    <TextEquiv>
                        <Unicode>point</Unicode>
                    </TextEquiv>
                    <TextStyle fontFamily="Times New Roman" fontSize="7.5" italic="true"/>
                </Word>
                <Word id="w_w2aab1b1b2b5b1ac41" language="English" custom="readingOrder {index:4;}">
                    <Coords points="2128,840 2445,840 2445,915 2128,915"/>
                    <TextEquiv>
                        <Unicode>courir</Unicode>
                    </TextEquiv>
                    <TextStyle fontFamily="Times New Roman" fontSize="7.5" italic="true"/>
                </Word>
                <Word id="w_w2aab1b1b2b5b1ac55" language="English" custom="readingOrder {index:5;}">
                    <Coords points="2464,849 2655,849 2655,921 2464,921"/>
                    <TextEquiv>
                        <Unicode>vos</Unicode>
                    </TextEquiv>
                    <TextStyle fontFamily="Times New Roman" fontSize="7.5" italic="true"/>
                </Word>
                <Word id="w_w2aab1b1b2b5b1ac63" language="English" custom="readingOrder {index:6;}">
                    <Coords points="2684,802 3113,802 3113,970 2684,970"/>
                    <TextEquiv>
                        <Unicode>diuerfes</Unicode>
                    </TextEquiv>
                    <TextStyle fontFamily="Times New Roman" fontSize="7.5" italic="true"/>
                </Word>
                <Word id="w_w2aab1b1b2b5b1ac81" language="English" custom="readingOrder {index:7;}">
                    <Coords points="3134,813 3599,813 3599,976 3134,976"/>
                    <TextEquiv>
                        <Unicode>fortunes</Unicode>
                    </TextEquiv>
                    <TextStyle fontFamily="Times New Roman" fontSize="7.5" italic="true"/>
                </Word>
                <Word id="w_w2aab1b1b2b5b1b1b1" language="English" custom="readingOrder {index:8;}">
                    <Coords points="3626,919 3654,919 3654,960 3626,960"/>
                    <TextEquiv>
                        <Unicode>,</Unicode>
                    </TextEquiv>
                    <TextStyle fontFamily="Times New Roman" fontSize="8.5"/>
                </Word>
                <TextEquiv>
                    <Unicode>Qu'il ne veut point courir vos diuerſes fortunes,</Unicode>
                </TextEquiv>
            </TextLine>
            <TextLine id="tl_5" primaryLanguage="English" custom="readingOrder {index:1;}">
                <Coords points="1051,951 3682,951 3682,1145 1051,1145"/>
                <Baseline points="1051,1076 1212,1070 1328,1068 1758,1072 1902,1075 2344,1098 2420,1116 2644,1082 2992,1090 3424,1099 3681,1106"/>
                <Word id="w_w2aab1b1b2b5b3ab1" language="English" custom="readingOrder {index:0;}">
                    <Coords points="1051,962 1212,962 1212,1076 1051,1076"/>
                    <TextEquiv>
                        <Unicode>Et</Unicode>
                    </TextEquiv>
                    <TextStyle fontFamily="Times New Roman" fontSize="7.5" italic="true"/>
                </Word>
                <Word id="w_w2aab1b1b2b5b3ab7" language="English" custom="readingOrder {index:1;}">
                    <Coords points="1209,952 1328,952 1328,1119 1209,1119"/>
                    <TextEquiv>
                        <Unicode>fe</Unicode>
                    </TextEquiv>
                    <TextStyle fontFamily="Times New Roman" fontSize="7.5" italic="true"/>
                </Word>
                <Word id="w_w2aab1b1b2b5b3ac13" language="English" custom="readingOrder {index:2;}">
                    <Coords points="1373,954 1758,954 1758,1074 1373,1074"/>
                    <TextEquiv>
                        <Unicode>donner</Unicode>
                    </TextEquiv>
                    <TextStyle fontFamily="Times New Roman" fontSize="7.5" italic="true"/>
                </Word>
                <Word id="w_w2aab1b1b2b5b3ac27" language="English" custom="readingOrder {index:3;}">
                    <Coords points="1797,961 1902,961 1902,1076 1797,1076"/>
                    <TextEquiv>
                        <Unicode>la</Unicode>
                    </TextEquiv>
                    <TextStyle fontFamily="Times New Roman" fontSize="7.5" italic="true"/>
                </Word>
                <Word id="w_w2aab1b1b2b5b3ac33" language="English" custom="readingOrder {index:4;}">
                    <Coords points="1949,963 2344,963 2344,1098 1949,1098"/>
                    <TextEquiv>
                        <Unicode>couche,</Unicode>
                    </TextEquiv>
                    <TextStyle fontFamily="Times New Roman" fontSize="7.5" italic="true"/>
                </Word>
                <Word id="w_w2aab1b1b2b5b3ac49" language="English" custom="readingOrder {index:5;}">
                    <Coords points="2373,997 2513,997 2513,1117 2373,1117"/>
                    <TextEquiv>
                        <Unicode>(y*</Unicode>
                    </TextEquiv>
                    <TextStyle fontFamily="Times New Roman" fontSize="7.5" italic="true"/>
                </Word>
                <Word id="w_w2aab1b1b2b5b3ac57" language="English" custom="readingOrder {index:6;}">
                    <Coords points="2539,971 2644,971 2644,1083 2539,1083"/>
                    <TextEquiv>
                        <Unicode>la</Unicode>
                    </TextEquiv>
                    <TextStyle fontFamily="Times New Roman" fontSize="7.5" italic="true"/>
                </Word>
                <Word id="w_w2aab1b1b2b5b3ac63" language="English" custom="readingOrder {index:7;}">
                    <Coords points="2671,972 2992,972 2992,1090 2671,1090"/>
                    <TextEquiv>
                        <Unicode>tombe</Unicode>
                    </TextEquiv>
                    <TextStyle fontFamily="Times New Roman" fontSize="7.5" italic="true"/>
                </Word>
                <Word id="w_w2aab1b1b2b5b3ac75" language="English" custom="readingOrder {index:8;}">
                    <Coords points="3041,1022 3594,1022 3594,1104 3041,1104"/>
                    <TextEquiv>
                        <Unicode>communes</Unicode>
                    </TextEquiv>
                    <TextStyle fontFamily="Times New Roman" fontSize="7.5" italic="true"/>
                </Word>
                <Word id="w_w2aab1b1b2b5b3b1b3" language="English" custom="readingOrder {index:9;}">
                    <Coords points="3621,1007 3681,1007 3681,1106 3621,1106"/>
                    <TextEquiv>
                        <Unicode>?</Unicode>
                    </TextEquiv>
                    <TextStyle fontFamily="Times New Roman" fontSize="8.5"/>
                </Word>
                <TextEquiv>
                    <Unicode>Et ſe donner la couche, &amp; la tombe communes?</Unicode>
                </TextEquiv>
            </TextLine>
            <TextLine id="tl_6" primaryLanguage="English" custom="readingOrder {index:2;}">
                <Coords points="1046,1125 3560,1125 3560,1311 1046,1311"/>
                <Baseline points="1047,1242 1350,1252 1611,1257 1981,1294 2530,1269 2690,1253 2958,1256 3559,1288"/>
                <Word id="w_w2aab1b1b2b5b5ab1" language="English" custom="readingOrder {index:0;}">
                    <Coords points="1047,1125 1350,1125 1350,1252 1047,1252"/>
                    <TextEquiv>
                        <Unicode>Non,</Unicode>
                    </TextEquiv>
                    <TextStyle fontFamily="Times New Roman" fontSize="7.5" italic="true"/>
                </Word>
                <Word id="w_w2aab1b1b2b5b5ac11" language="English" custom="readingOrder {index:1;}">
                    <Coords points="1381,1170 1611,1170 1611,1257 1381,1257"/>
                    <TextEquiv>
                        <Unicode>non,</Unicode>
                    </TextEquiv>
                    <TextStyle fontFamily="Times New Roman" fontSize="7.5" italic="true"/>
                </Word>
                <Word id="w_w2aab1b1b2b5b5ac21" language="English" custom="readingOrder {index:2;}">
                    <Coords points="1641,1137 1981,1137 1981,1294 1641,1294"/>
                    <TextEquiv>
                        <Unicode>croyeT^</Unicode>
                    </TextEquiv>
                    <TextStyle fontFamily="Times New Roman" fontSize="7.5" italic="true"/>
                </Word>
                <Word id="w_w2aab1b1b2b5b5ac37" language="English" custom="readingOrder {index:3;}">
                    <Coords points="2003,1144 2530,1144 2530,1294 2003,1294"/>
                    <TextEquiv>
                        <Unicode>Seigneur,</Unicode>
                    </TextEquiv>
                    <TextStyle fontFamily="Times New Roman" fontSize="7.5" italic="true"/>
                </Word>
                <Word id="w_w2aab1b1b2b5b5ac57" language="English" custom="readingOrder {index:4;}">
                    <Coords points="2567,1183 2690,1183 2690,1253 2567,1253"/>
                    <TextEquiv>
                        <Unicode>en</Unicode>
                    </TextEquiv>
                    <TextStyle fontFamily="Times New Roman" fontSize="7.5" italic="true"/>
                </Word>
                <Word id="w_w2aab1b1b2b5b5ac63" language="English" custom="readingOrder {index:5;}">
                    <Coords points="2709,1173 2958,1173 2958,1256 2709,1256"/>
                    <TextEquiv>
                        <Unicode>cette</Unicode>
                    </TextEquiv>
                    <TextStyle fontFamily="Times New Roman" fontSize="7.5" italic="true"/>
                </Word>
                <Word id="w_w2aab1b1b2b5b5ac75" language="English" custom="readingOrder {index:6;}">
                    <Coords points="2975,1153 3559,1153 3559,1288 2975,1288"/>
                    <TextEquiv>
                        <Unicode>extrémité,</Unicode>
                    </TextEquiv>
                    <TextStyle fontFamily="Times New Roman" fontSize="7.5" italic="true"/>
                </Word>
                <TextEquiv>
                    <Unicode>Non, non, croyeZ Seigneur, en cette extremité,</Unicode>
                </TextEquiv>
                <TextStyle fontFamily="Times New Roman" fontSize="7.5" italic="true"/>
            </TextLine>
            <TextEquiv>
                <Unicode>Qu'il ne veut point courir vos diuerſes fortunes,
Et ſe donner la couche, &amp; la tombe communes?
Non, non, croyeZ Seigneur, en cette extremité,</Unicode>
            </TextEquiv>
        </TextRegion>
        <TextRegion type="paragraph" id="r_1_4" custom="readingOrder {index:3;}">
            <Coords points="1048,1283 3702,1283 3702,1818 1048,1818"/>
            <TextLine id="tl_7" primaryLanguage="English" custom="readingOrder {index:0;}">
                <Coords points="1050,1284 3564,1284 3564,1484 1050,1484"/>
                <Baseline points="1051,1405 1234,1405 1368,1402 1466,1406 2039,1412 2152,1417 3025,1426 3563,1454"/>
                <Word id="w_w2aab1b1b2b7b1ab1" language="English" custom="readingOrder {index:0;}">
                    <Coords points="1051,1298 1234,1298 1234,1405 1051,1405"/>
                    <TextEquiv>
                        <Unicode>Ou</Unicode>
                    </TextEquiv>
                    <TextStyle fontFamily="Times New Roman" fontSize="7.5" italic="true"/>
                </Word>
                <Word id="w_w2aab1b1b2b7b1ab7" language="English" custom="readingOrder {index:1;}">
                    <Coords points="1279,1287 1368,1287 1368,1402 1279,1402"/>
                    <TextEquiv>
                        <Unicode>le</Unicode>
                    </TextEquiv>
                    <TextStyle fontFamily="Times New Roman" fontSize="7.5" italic="true"/>
                </Word>
                <Word id="w_w2aab1b1b2b7b1ac13" language="English" custom="readingOrder {index:2;}">
                    <Coords points="1407,1287 1919,1287 1919,1431 1407,1431"/>
                    <TextEquiv>
                        <Unicode>bon-heur,</Unicode>
                    </TextEquiv>
                    <TextStyle fontFamily="Times New Roman" fontSize="7.5" italic="true"/>
                </Word>
                <Word id="w_w2aab1b1b2b7b1b1b1" language="English" custom="readingOrder {index:3;}">
                    <Coords points="1951,1299 2039,1299 2039,1412 1951,1412"/>
                    <TextEquiv>
                        <Unicode>le</Unicode>
                    </TextEquiv>
                    <TextStyle fontFamily="Times New Roman" fontSize="6.5" italic="true"/>
                </Word>
                <Word id="w_w2aab1b1b2b7b1b1b7" language="English" custom="readingOrder {index:4;}">
                    <Coords points="2067,1314 2483,1314 2483,1465 2067,1465"/>
                    <TextEquiv>
                        <Unicode>Sceptre,</Unicode>
                    </TextEquiv>
                    <TextStyle fontFamily="Times New Roman" fontSize="6.5" italic="true"/>
                </Word>
                <Word id="w_w2aab1b1b2b7b1b2b1" language="English" custom="readingOrder {index:5;}">
                    <Coords points="2657,1304 3025,1304 3025,1472 2657,1472"/>
                    <TextEquiv>
                        <Unicode>l'efpoir</Unicode>
                    </TextEquiv>
                    <TextStyle fontFamily="Times New Roman" fontSize="7.5" italic="true"/>
                </Word>
                <Word id="w_w2aab1b1b2b7b1b2c19" language="English" custom="readingOrder {index:6;}">
                    <Coords points="3063,1319 3563,1319 3563,1483 3063,1483"/>
                    <TextEquiv>
                        <Unicode>mefloflé,</Unicode>
                    </TextEquiv>
                    <TextStyle fontFamily="Times New Roman" fontSize="7.5" italic="true"/>
                </Word>
                <TextEquiv>
                    <Unicode>Ou le bon-heur, le Sceptre, &amp; l'eſpoir m'eſt oſté,</Unicode>
                </TextEquiv>
            </TextLine>
            <TextLine id="tl_8" primaryLanguage="English" custom="readingOrder {index:1;}">
                <Coords points="1049,1454 3701,1454 3701,1648 1049,1648"/>
                <Baseline points="1050,1602 1297,1569 1589,1573 1761,1576 2157,1581 2565,1583 2719,1587 3053,1595 3347,1601 3508,1606 3700,1613"/>
                <Word id="w_w2aab1b1b2b7b3ab1" language="English" custom="readingOrder {index:0;}">
                    <Coords points="1050,1454 1297,1454 1297,1602 1050,1602"/>
                    <TextEquiv>
                        <Unicode>Que</Unicode>
                    </TextEquiv>
                    <TextStyle fontFamily="Times New Roman" fontSize="7.5" italic="true"/>
                </Word>
                <Word id="w_w2aab1b1b2b7b3ab9" language="English" custom="readingOrder {index:1;}">
                    <Coords points="1344,1504 1589,1504 1589,1574 1344,1574"/>
                    <TextEquiv>
                        <Unicode>nous</Unicode>
                    </TextEquiv>
                    <TextStyle fontFamily="Times New Roman" fontSize="7.5" italic="true"/>
                </Word>
                <Word id="w_w2aab1b1b2b7b3ac19" language="English" custom="readingOrder {index:2;}">
                    <Coords points="1638,1508 1761,1508 1761,1576 1638,1576"/>
                    <TextEquiv>
                        <Unicode>ne</Unicode>
                    </TextEquiv>
                    <TextStyle fontFamily="Times New Roman" fontSize="7.5" italic="true"/>
                </Word>
                <Word id="w_w2aab1b1b2b7b3ac25" language="English" custom="readingOrder {index:3;}">
                    <Coords points="1808,1465 2157,1465 2157,1581 1808,1581"/>
                    <TextEquiv>
                        <Unicode>cédons</Unicode>
                    </TextEquiv>
                    <TextStyle fontFamily="Times New Roman" fontSize="7.5" italic="true"/>
                </Word>
                <Word id="w_w2aab1b1b2b7b3ac39" language="English" custom="readingOrder {index:4;}">
                    <Coords points="2185,1477 2565,1477 2565,1632 2185,1632"/>
                    <TextEquiv>
                        <Unicode>pointa</Unicode>
                    </TextEquiv>
                    <TextStyle fontFamily="Times New Roman" fontSize="7.5" italic="true"/>
                </Word>
                <Word id="w_w2aab1b1b2b7b3ac53" language="English" custom="readingOrder {index:5;}">
                    <Coords points="2614,1474 2719,1474 2719,1588 2614,1588"/>
                    <TextEquiv>
                        <Unicode>la</Unicode>
                    </TextEquiv>
                    <TextStyle fontFamily="Times New Roman" fontSize="7.5" italic="true"/>
                </Word>
                <Word id="w_w2aab1b1b2b7b3ac59" language="English" custom="readingOrder {index:6;}">
                    <Coords points="2746,1512 3053,1512 3053,1595 2746,1595"/>
                    <TextEquiv>
                        <Unicode>vertu</Unicode>
                    </TextEquiv>
                    <TextStyle fontFamily="Times New Roman" fontSize="7.5" italic="true"/>
                </Word>
                <Word id="w_w2aab1b1b2b7b3ac71" language="English" custom="readingOrder {index:7;}">
                    <Coords points="3092,1481 3347,1481 3347,1602 3092,1602"/>
                    <TextEquiv>
                        <Unicode>dvn</Unicode>
                    </TextEquiv>
                    <TextStyle fontFamily="Times New Roman" fontSize="7.5" italic="true"/>
                </Word>
                <Word id="w_w2aab1b1b2b7b3ac79" language="English" custom="readingOrder {index:8;}">
                    <Coords points="3370,1526 3654,1526 3654,1633 3370,1633"/>
                    <TextEquiv>
                        <Unicode>neutre</Unicode>
                    </TextEquiv>
                    <TextStyle fontFamily="Times New Roman" fontSize="7.5" italic="true"/>
                </Word>
                <Word id="w_w2aab1b1b2b7b3b1b3" language="English" custom="readingOrder {index:9;}">
                    <Coords points="3678,1536 3700,1536 3700,1613 3678,1613"/>
                    <TextEquiv>
                        <Unicode>;</Unicode>
                    </TextEquiv>
                    <TextStyle fontFamily="Times New Roman" fontSize="8.5"/>
                </Word>
                <TextEquiv>
                    <Unicode>Que nous ne cedons pointa la vertu d'vn autre;</Unicode>
                </TextEquiv>
            </TextLine>
            <TextLine id="tl_9" primaryLanguage="English" custom="readingOrder {index:2;}">
                <Coords points="1061,1623 3554,1623 3554,1817 1061,1817"/>
                <Baseline points="1061,1742 1221,1740 1450,1742 1820,1743 2058,1748 2246,1752 2512,1755 3018,1762 3156,1766 3553,1770"/>
                <Word id="w_w2aab1b1b2b7b5ab1" language="English" custom="readingOrder {index:0;}">
                    <Coords points="1061,1628 1221,1628 1221,1742 1061,1742"/>
                    <TextEquiv>
                        <Unicode>Et</Unicode>
                    </TextEquiv>
                    <TextStyle fontFamily="Times New Roman" fontSize="7.5" italic="true"/>
                </Word>
                <Word id="w_w2aab1b1b2b7b5ab7" language="English" custom="readingOrder {index:1;}">
                    <Coords points="1255,1671 1450,1671 1450,1786 1255,1786"/>
                    <TextEquiv>
                        <Unicode>que</Unicode>
                    </TextEquiv>
                    <TextStyle fontFamily="Times New Roman" fontSize="7.5" italic="true"/>
                </Word>
                <Word id="w_w2aab1b1b2b7b5ac15" language="English" custom="readingOrder {index:2;}">
                    <Coords points="1499,1633 1820,1633 1820,1790 1499,1790"/>
                    <TextEquiv>
                        <Unicode>voflre</Unicode>
                    </TextEquiv>
                    <TextStyle fontFamily="Times New Roman" fontSize="7.5" italic="true"/>
                </Word>
                <Word id="w_w2aab1b1b2b7b5ac29" language="English" custom="readingOrder {index:3;}">
                    <Coords points="1873,1641 2058,1641 2058,1752 1873,1752"/>
                    <TextEquiv>
                        <Unicode>De</Unicode>
                    </TextEquiv>
                    <TextStyle fontFamily="Times New Roman" fontSize="7.5" italic="true"/>
                </Word>
                <Word id="w_w2aab1b1b2b7b5ac35" language="English" custom="readingOrder {index:4;}">
                    <Coords points="2047,1636 2246,1636 2246,1795 2047,1795"/>
                    <TextEquiv>
                        <Unicode>fin</Unicode>
                    </TextEquiv>
                    <TextStyle fontFamily="Times New Roman" fontSize="7.5" italic="true"/>
                </Word>
                <Word id="w_w2aab1b1b2b7b5ac43" language="English" custom="readingOrder {index:5;}">
                    <Coords points="2261,1636 2512,1636 2512,1798 2261,1798"/>
                    <TextEquiv>
                        <Unicode>fera</Unicode>
                    </TextEquiv>
                    <TextStyle fontFamily="Times New Roman" fontSize="7.5" italic="true"/>
                </Word>
                <Word id="w_w2aab1b1b2b7b5ac53" language="English" custom="readingOrder {index:6;}">
                    <Coords points="2553,1641 3018,1641 3018,1799 2553,1799"/>
                    <TextEquiv>
                        <Unicode>toujours</Unicode>
                    </TextEquiv>
                    <TextStyle fontFamily="Times New Roman" fontSize="7.5" italic="true"/>
                </Word>
                <Word id="w_w2aab1b1b2b7b5ac71" language="English" custom="readingOrder {index:7;}">
                    <Coords points="3067,1649 3156,1649 3156,1766 3067,1766"/>
                    <TextEquiv>
                        <Unicode>le</Unicode>
                    </TextEquiv>
                    <TextStyle fontFamily="Times New Roman" fontSize="7.5" italic="true"/>
                </Word>
                <Word id="w_w2aab1b1b2b7b5ac77" language="English" custom="readingOrder {index:8;}">
                    <Coords points="3215,1658 3553,1658 3553,1815 3215,1815"/>
                    <TextEquiv>
                        <Unicode>noftre.</Unicode>
                    </TextEquiv>
                    <TextStyle fontFamily="Times New Roman" fontSize="7.5" italic="true"/>
                </Word>
                <TextEquiv>
                    <Unicode>Et que voſtre Deſtin ſera touſiours le noſtre.</Unicode>
                </TextEquiv>
                <TextStyle fontFamily="Times New Roman" fontSize="7.5" italic="true"/>
            </TextLine>
            <TextEquiv>
                <Unicode>Ou le bon-heur, le Sceptre, &amp; l'eſpoir m'eſt oſté,
Que nous ne cedons pointa la vertu d'vn autre;
Et que voſtre Deſtin ſera touſiours le noſtre.</Unicode>
            </TextEquiv>
        </TextRegion>
        <TextRegion type="paragraph" id="r_1_5" custom="readingOrder {index:4;}">
            <Coords points="1981,1953 2895,1953 2895,2093 1981,2093"/>
            <TextLine id="tl_10" primaryLanguage="English" custom="readingOrder {index:0;}">
                <Coords points="1982,1954 2894,1954 2894,2092 1982,2092"/>
                <Baseline points="1983,2070 2893,2092"/>
                <Word id="w_w2aab1b1b2b9b1ab1" language="English" custom="readingOrder {index:0;}">
                    <Coords points="1983,1954 2893,1954 2893,2092 1983,2092"/>
                    <TextEquiv>
                        <Unicode>T1GRANE.</Unicode>
                    </TextEquiv>
                    <TextStyle fontFamily="Times New Roman" fontSize="8.5"/>
                </Word>
                <TextEquiv>
                    <Unicode>TIGRANE.</Unicode>
                </TextEquiv>
                <TextStyle fontFamily="Times New Roman" fontSize="8.5"/>
            </TextLine>
            <TextEquiv>
                <Unicode>TIGRANE.</Unicode>
            </TextEquiv>
        </TextRegion>
        <TextRegion type="paragraph" id="r_1_6" custom="readingOrder {index:5;}">
            <Coords points="1059,2285 3734,2285 3734,2495 1059,2495"/>
            <TextLine id="tl_11" primaryLanguage="English" custom="readingOrder {index:0;}">
                <Coords points="1060,2286 3733,2286 3733,2494 1060,2494"/>
                <Baseline points="1061,2406 1163,2406 1459,2408 2051,2414 2745,2426 2996,2432 3310,2440 3733,2437"/>
                <Word id="w_w2aab1b1b2c11b1ab1" language="English" custom="readingOrder {index:0;}">
                    <Coords points="1061,2298 1163,2298 1163,2406 1061,2406"/>
                    <TextEquiv>
                        <Unicode>O</Unicode>
                    </TextEquiv>
                    <TextStyle fontFamily="Times New Roman" fontSize="7.5" italic="true"/>
                </Word>
                <Word id="w_w2aab1b1b2c11b1ab5" language="English" custom="readingOrder {index:1;}">
                    <Coords points="1203,2334 1459,2334 1459,2408 1203,2408"/>
                    <TextEquiv>
                        <Unicode>cœur</Unicode>
                    </TextEquiv>
                    <TextStyle fontFamily="Times New Roman" fontSize="7.5" italic="true"/>
                </Word>
                <Word id="w_w2aab1b1b2c11b1ac15" language="English" custom="readingOrder {index:2;}">
                    <Coords points="1495,2332 2051,2332 2051,2458 1495,2458"/>
                    <TextEquiv>
                        <Unicode>vraiment</Unicode>
                    </TextEquiv>
                    <TextStyle fontFamily="Times New Roman" fontSize="7.5" italic="true"/>
                </Word>
                <Word id="w_w2aab1b1b2c11b1ac33" language="English" custom="readingOrder {index:3;}">
                    <Coords points="2099,2301 2745,2301 2745,2466 2099,2466"/>
                    <TextEquiv>
                        <Unicode>Royal,feul</Unicode>
                    </TextEquiv>
                    <TextStyle fontFamily="Times New Roman" fontSize="7.5" italic="true"/>
                </Word>
                <Word id="w_w2aab1b1b2c11b1ac55" language="English" custom="readingOrder {index:4;}">
                    <Coords points="2771,2308 2996,2308 2996,2432 2771,2432"/>
                    <TextEquiv>
                        <Unicode>bien</Unicode>
                    </TextEquiv>
                    <TextStyle fontFamily="Times New Roman" fontSize="7.5" italic="true"/>
                </Word>
                <Word id="w_w2aab1b1b2c11b1ac65" language="English" custom="readingOrder {index:5;}">
                    <Coords points="3047,2317 3310,2317 3310,2442 3047,2442"/>
                    <TextEquiv>
                        <Unicode>dvn</Unicode>
                    </TextEquiv>
                    <TextStyle fontFamily="Times New Roman" fontSize="7.5" italic="true"/>
                </Word>
                <Word id="w_w2aab1b1b2c11b1ac73" language="English" custom="readingOrder {index:6;}">
                    <Coords points="3357,2323 3733,2323 3733,2492 3357,2492"/>
                    <TextEquiv>
                        <Unicode>affligé!</Unicode>
                    </TextEquiv>
                    <TextStyle fontFamily="Times New Roman" fontSize="7.5" italic="true"/>
                </Word>
                <TextEquiv>
                    <Unicode>O cœur vraiment Royal, ſeul bien d'vn affligé!</Unicode>
                </TextEquiv>
                <TextStyle fontFamily="Times New Roman" fontSize="7.5" italic="true"/>
            </TextLine>
            <TextEquiv>
                <Unicode>O cœur vraiment Royal, ſeul bien d'vn affligé!</Unicode>
            </TextEquiv>
        </TextRegion>
        <TextRegion type="paragraph" id="r_1_7" custom="readingOrder {index:6;}">
            <Coords points="1923,2621 2962,2621 2962,2755 1923,2755"/>
            <TextLine id="tl_12" primaryLanguage="English" custom="readingOrder {index:0;}">
                <Coords points="1924,2622 2961,2622 2961,2754 1924,2754"/>
                <Baseline points="1924,2740 2960,2754"/>
                <Word id="w_w2aab1b1b2c13b1ab1" language="English" custom="readingOrder {index:0;}">
                    <Coords points="1924,2624 2960,2624 2960,2754 1924,2754"/>
                    <TextEquiv>
                        <Unicode>POLIXENE.</Unicode>
                    </TextEquiv>
                    <TextStyle fontFamily="Times New Roman" fontSize="8.5"/>
                </Word>
                <TextEquiv>
                    <Unicode>POLIXENE.</Unicode>
                </TextEquiv>
                <TextStyle fontFamily="Times New Roman" fontSize="8.5"/>
            </TextLine>
            <TextEquiv>
                <Unicode>POLIXENE.</Unicode>
            </TextEquiv>
        </TextRegion>
        <TextRegion type="paragraph" id="r_1_8" custom="readingOrder {index:7;}">
            <Coords points="1042,2948 3460,2948 3460,3304 1042,3304"/>
            <TextLine id="tl_13" primaryLanguage="English" custom="readingOrder {index:0;}">
                <Coords points="1050,2949 3459,2949 3459,3146 1050,3146"/>
                <Baseline points="1050,3082 1462,3072 1762,3076 2291,3103 2582,3087 2972,3102 3458,3103"/>
                <Word id="w_w2aab1b1b2c15b1ab1" language="English" custom="readingOrder {index:0;}">
                    <Coords points="1050,2951 1462,2951 1462,3118 1050,3118"/>
                    <TextEquiv>
                        <Unicode>Vnique</Unicode>
                    </TextEquiv>
                    <TextStyle fontFamily="Times New Roman" fontSize="7.5" italic="true"/>
                </Word>
                <Word id="w_w2aab1b1b2c15b1ac15" language="English" custom="readingOrder {index:1;}">
                    <Coords points="1506,2955 1762,2955 1762,3107 1506,3107"/>
                    <TextEquiv>
                        <Unicode>objet</Unicode>
                    </TextEquiv>
                    <TextStyle fontFamily="Times New Roman" fontSize="7.5" italic="true"/>
                </Word>
                <Word id="w_w2aab1b1b2c15b1ac27" language="English" custom="readingOrder {index:2;}">
                    <Coords points="1794,2963 2291,2963 2291,3103 1794,3103"/>
                    <TextEquiv>
                        <Unicode>du.mien,</Unicode>
                    </TextEquiv>
                    <TextStyle fontFamily="Times New Roman" fontSize="7.5" italic="true"/>
                </Word>
                <Word id="w_w2aab1b1b2c15b1ac45" language="English" custom="readingOrder {index:3;}">
                    <Coords points="2320,3015 2582,3015 2582,3088 2320,3088"/>
                    <TextEquiv>
                        <Unicode>vous</Unicode>
                    </TextEquiv>
                    <TextStyle fontFamily="Times New Roman" fontSize="7.5" italic="true"/>
                </Word>
                <Word id="w_w2aab1b1b2c15b1ac55" language="English" custom="readingOrder {index:4;}">
                    <Coords points="2628,2972 2972,2972 2972,3102 2628,3102"/>
                    <TextEquiv>
                        <Unicode>lauez</Unicode>
                    </TextEquiv>
                    <TextStyle fontFamily="Times New Roman" fontSize="7.5" italic="true"/>
                </Word>
                <Word id="w_w2aab1b1b2c15b1ac67" language="English" custom="readingOrder {index:5;}">
                    <Coords points="2994,2987 3458,2987 3458,3145 2994,3145"/>
                    <TextEquiv>
                        <Unicode>outragé:</Unicode>
                    </TextEquiv>
                    <TextStyle fontFamily="Times New Roman" fontSize="7.5" italic="true"/>
                </Word>
                <TextEquiv>
                    <Unicode>Vnique objet du mien, vous l'auez outragé:</Unicode>
                </TextEquiv>
                <TextStyle fontFamily="Times New Roman" fontSize="7.5" italic="true"/>
            </TextLine>
            <TextLine id="tl_14" primaryLanguage="English" custom="readingOrder {index:1;}">
                <Coords points="1043,3124 2648,3124 2648,3303 1043,3303"/>
                <Baseline points="1044,3247 1383,3241 1625,3241 2089,3252 2277,3253 2393,3298 2648,3252"/>
                <Word id="w_w2aab1b1b2c15b3ab1" language="English" custom="readingOrder {index:0;}">
                    <Coords points="1044,3134 1383,3134 1383,3247 1044,3247"/>
                    <TextEquiv>
                        <Unicode>Mais</Unicode>
                    </TextEquiv>
                    <TextStyle fontFamily="Times New Roman" fontSize="7.5" italic="true"/>
                </Word>
                <Word id="w_w2aab1b1b2c15b3ac11" language="English" custom="readingOrder {index:1;}">
                    <Coords points="1427,3171 1625,3171 1625,3291 1427,3291"/>
                    <TextEquiv>
                        <Unicode>que</Unicode>
                    </TextEquiv>
                    <TextStyle fontFamily="Times New Roman" fontSize="7.5" italic="true"/>
                </Word>
                <Word id="w_w2aab1b1b2c15b3ac19" language="English" custom="readingOrder {index:2;}">
                    <Coords points="1666,3133 2089,3133 2089,3252 1666,3252"/>
                    <TextEquiv>
                        <Unicode>veulent</Unicode>
                    </TextEquiv>
                    <TextStyle fontFamily="Times New Roman" fontSize="7.5" italic="true"/>
                </Word>
                <Word id="w_w2aab1b1b2c15b3ac35" language="English" custom="readingOrder {index:3;}">
                    <Coords points="2129,3178 2277,3178 2277,3253 2129,3253"/>
                    <TextEquiv>
                        <Unicode>ces</Unicode>
                    </TextEquiv>
                    <TextStyle fontFamily="Times New Roman" fontSize="7.5" italic="true"/>
                </Word>
                <Word id="w_w2aab1b1b2c15b3ac43" language="English" custom="readingOrder {index:4;}">
                    <Coords points="2303,3181 2553,3181 2553,3298 2303,3298"/>
                    <TextEquiv>
                        <Unicode>gens</Unicode>
                    </TextEquiv>
                    <TextStyle fontFamily="Times New Roman" fontSize="7.5" italic="true"/>
                </Word>
                <Word id="w_w2aab1b1b2c15b3b1b3" language="English" custom="readingOrder {index:5;}">
                    <Coords points="2585,3149 2648,3149 2648,3252 2585,3252"/>
                    <TextEquiv>
                        <Unicode>?</Unicode>
                    </TextEquiv>
                    <TextStyle fontFamily="Times New Roman" fontSize="8.5"/>
                </Word>
                <TextEquiv>
                    <Unicode>Mais que veulent ces gens?</Unicode>
                </TextEquiv>
            </TextLine>
            <TextEquiv>
                <Unicode>Vnique objet du mien, vous l'auez outragé:
Mais que veulent ces gens?</Unicode>
            </TextEquiv>
        </TextRegion>
        <GraphicRegion id="r_2" custom="readingOrder {index:8;}">
            <Coords points="1860,4042 3352,4042 3352,5094 1860,5094"/>
        </GraphicRegion>
        <SeparatorRegion id="r_3" custom="readingOrder {index:9;}">
            <Coords points="2040,51 2952,51 2952,81 2040,81"/>
        </SeparatorRegion>
        <SeparatorRegion id="r_4" custom="readingOrder {index:10;}">
            <Coords points="4159,303 4250,303 4250,5579 4159,5579"/>
        </SeparatorRegion>
        <SeparatorRegion id="r_5" custom="readingOrder {index:11;}">
            <Coords points="4250,0 4267,0 4267,4736 4250,4736"/>
        </SeparatorRegion>
        <SeparatorRegion id="r_6" custom="readingOrder {index:12;}">
            <Coords points="4244,4736 4267,4736 4267,5692 4244,5692"/>
        </SeparatorRegion>
    </Page>
</PcGts>
