4267 5717
1131 257 2579 385 TRAGI-COMEDIE.
3205 326 3280 394 h

479 434 611 554 T*
599 466 761 546 ous
809 423 945 543 les
987 429 1111 544 T*
1119 438 1423 546 rinces
1467 432 1841 591 voiftns
1876 468 2325 596 prenant
2330 476 2581 604 part
2599 489 2667 556 a
2697 442 3135 617 l'affront
3154 490 3187 574 )

496 603 868 718 Contre
916 629 1154 716 tant
1198 598 1744 717 d'ennemis
1776 647 1802 764 ,
1834 639 2286 769 quepeut
2332 652 2494 724 vn
2556 619 2780 780 Roy
2802 617 3068 733 deP
3076 626 3314 734 ont?

1424 876 2315 990 TIRIDATE.

511 1119 846 1232 Mais
875 1155 1066 1277 cjne
1089 1112 2090 1277 nepeut-ilpoint?&
2109 1161 2306 1279 que
2317 1154 2762 1280 peuuent
2777 1118 2916 1239 les
2939 1154 3318 1247 autres?

520 1275 849 1430 Quels
878 1281 1195 1446 efforts
1210 1275 1699 1439 fuffront
1745 1291 1811 1393 à
1854 1281 2319 1449 soppofer
2355 1330 2569 1401 aux
2618 1294 2973 1450 nojlres
3002 1325 3041 1417 ?

534 1455 682 1566 El
747 1447 982 1613 quel
1016 1446 1138 1560 de
1176 1492 1386 1561 mes
1432 1450 1800 1611 voifins
1848 1454 2122 1612 ofera
2168 1495 2662 1572 conceuoir

537 1615 697 1726 Le
729 1611 1071 1777 penfer
1099 1613 1649 1772 feulement
1693 1617 1817 1733 de
1865 1618 2289 1785 choquer
2301 1668 2535 1737 mon
2581 1635 3045 1751 pornoir?

536 1788 878 1942 ^4près
922 1825 1018 1894 ce
1056 1821 1282 1945 coup
1332 1783 1680 1949 diejfay
1728 1785 1852 1900 de
1898 1834 2078 1902 ma
2086 1787 2366 1949 force
2410 1761 2758 1949 infinie
2778 1884 2812 1926 3

533 1941 728 2090 Qu
755 1993 880 2061 on
929 1991 1206 2063 arme
1253 1990 1574 2068 contre
1625 1999 1848 2120 moy
1893 1990 2164 2073 toute
2209 1957 2316 2074 la
2363 1959 2828 2096 Bithtnie
2849 2050 2885 2097 3

550 2117 711 2230 Et
758 2159 949 2277 que
1000 2112 1089 2228 le
1144 2122 1551 2277 Frigien
1606 2129 1839 2237 aide
1892 2122 1963 2234 à
2004 2169 2215 2237 mes
2266 2139 2717 2260 ennemis
2738 2218 2771 2260 3

558 2287 672 2392 Si
718 2322 806 2393 te
848 2323 1132 2393 •veux
1172 2318 1580 2402 tourner
1610 2291 1838 2443 tefie
1860 2376 1896 2418 3
1926 2334 2056 2402 on
2096 2289 2232 2401 les
2278 2334 2596 2405 •verra
2617 2293 3002 2450 fournis
3012 2385 3034 2407 .

555 2443 827 2554 Non
853 2485 1113 2569 ,non
1133 2530 1167 2568 3
1193 2490 1409 2560 nen
1451 2450 1989 2605 déformais
2035 2497 2161 2565 ne
2195 2489 2443 2616 peut
2467 2493 2789 2574 ternir
2803 2505 2983 2577 ma
2985 2461 3353 2626 gloire)

548 2603 728 2714 La
774 2603 1186 2720 victoire
1232 2655 1394 2725 me
1422 2612 1637 2774 fuit
1658 2705 1692 2747 3
1726 2659 1844 2768 (y
1842 2646 1869 2680 3
1896 2652 2114 2737 tout
2118 2591 2352 2781 fuit
2398 2622 2504 2741 la
2550 2632 3028 2745 victoire:

557 2759 760 2878 Les
775 2768 1102 2925 fujets
1151 2772 1224 2883 d
1253 2782 1812 2936 Orofmane
1815 2871 1845 2912 3
1883 2816 2022 2932 çf
2065 2795 2502 2905 vaincus
2501 2881 2533 2923 3
2565 2823 2710 2944 çtf
2733 2796 3257 2934 charmez*

559 2941 989 3048 Seruent
1029 2969 1349 3051 contre
1393 2944 1657 3107 celuy
1708 2991 1887 3109 qui
1940 2954 2077 3072 les
2125 2962 2411 3070 auoit
2456 2970 2875 3125 armely

564 3101 766 3214 Du
786 3095 1108 3218 débris
1154 3100 1280 3219 de
1292 3105 1494 3268 fin
1536 3149 1820 3280 camp
1876 3118 1966 3236 le
2028 3125 2300 3236 mien
2329 3122 2450 3284 fe
2465 3125 2898 3287 fortifies

1337 3377 1555 3484 PH
1590 3386 1943 3494 ARN
1980 3392 2175 3497 AB
2220 3393 2307 3496 A
2340 3392 2553 3505 SE.

577 3594 738 3706 Le
785 3601 1166 3716 vaincu
1193 3639 1446 3765 peut
1475 3620 2026 3781 tromperie
2069 3667 2668 3792 vainqueur
2709 3642 2890 3802 qui
2929 3685 3066 3801 sy
3083 3638 3261 3798 fie.

1524 3889 2402 4014 TIRIDATE.

579 4108 791 4211 Sur
825 4099 913 4213 le
953 4114 1399 4232 moindre
1415 4120 1903 4287 foupcon,
1935 4180 2153 4251 vne
2193 4143 2435 4304 iufle
2481 4190 2887 4307 rigueur

571 4266 996 4386 ‘Perdra
1036 4310 1258 4395 tous
1306 4283 1444 4402 les
1488 4334 1922 4412 vaincus
1948 4338 2212 4465 pour
2210 4309 2712 4468 fauuerle
2758 4323 3358 4484 vainqueur
3364 4407 3384 4427 .

1351 4559 2567 4701 pharnabase.

598 4776 798 4890 Los
814 4829 1060 4939 gens
1106 4836 1354 4909 auec
1392 4797 1808 4923 douleur
1833 4807 2324 4968 femblent
2357 4860 2702 4986 porter
2740 4828 2880 4947 les
2924 4871 3258 4952 armes
3257 4920 3292 4967 3

583 4938 1125 5090 Quandils
1151 4965 1565 5132 verfent
1589 4974 2177 5153 dufangfis
2209 4992 2745 5162 refpandet
2769 5000 2943 5114 des
2989 4997 3391 5141 larmes,

2772 5176 2850 5278 B
2924 5173 2982 5306 ij
