4267 5704
1118 218 2591 369 TRAGI-COMEDIE.
3150 256 3226 331 9i

461 452 615 567 Et
655 445 894 553 crois
947 463 1062 548 tu
1107 426 1374 541 dans
1412 417 1728 575 l'efiat
1765 447 1894 521 ou
1935 445 2028 516 te
2068 398 2280 558 fuis
2322 394 2716 510 deuant
2753 416 2948 548 toy,

440 621 480 664 c
466 620 781 729 Parce
828 643 1021 768 que
1067 595 1264 752 ïay
1311 587 1489 702 des
1499 581 1761 741 fers,
1794 613 1989 736 que
2041 572 2133 680 ie
2158 608 2285 676 ne
2293 560 2505 720 fois
2547 556 2779 724 plus
2823 558 3051 716 Roy
3075 567 3113 658 ?

456 779 786 903 Non,
834 768 1008 882 des
1028 760 1296 878 biens
1316 748 1887 916 feule?nent
1932 733 2037 848 la
2056 730 2483 896 fortune
2502 727 2629 885 fe
2658 733 2901 868 joue
2927 790 2957 842 >

451 950 567 1064 Si
611 976 727 1057 tu
781 935 1804 1093 riesgenereux,va,
1854 909 1948 1017 ie
2001 934 2100 1015 te
2146 891 2660 1055 defauoüe.

1365 1161 2310 1297 TIGRANE.

461 1453 795 1572 Aiais
839 1475 1102 1554 vous
1137 1414 1956 1595 pornoirfauuer
1974 1495 2004 1539 ,
2059 1432 2203 1555 (f
2249 1443 2374 1515 ne
2418 1398 2510 1512 le
2522 1397 2810 1561 faire
2843 1393 3102 1557 ptisl

1297 1665 2440 1798 OROSMANE.

469 1934 1003 2106 Empefche
1053 1933 1360 2093 nofire
1401 1922 1729 2056 honte,
1765 1945 1909 2072 (f
1939 1959 2140 2032 non
2175 1949 2368 2076 pas
2395 1945 2628 2023 mon
2675 1894 3078 2059 trefpas.

1367 2171 2308 2303 TIGRANE.

479 2443 640 2551 Et
659 2479 1002 2597 quoy,t
1027 2434 1358 2543 aurois
1401 2428 1492 2536 le
1533 2460 1788 2533 cœur
1815 2417 1940 2527 de
1985 2451 2248 2527 vous
2283 2412 2520 2523 voir
2557 2395 3146 2520 rauirtame
3175 2418 3214 2508 ?

1306 2735 2442 2868 OROSMANE.

473 3085 947 3247 Regarde
977 3084 1082 3246 fi
1111 3089 1203 3201 ie
1250 3072 1655 3197 tremble
1702 3118 1829 3192 en
1872 3099 2271 3238 voyant
2318 3095 2565 3182 cette
2603 3059 2869 3177 lame
2898 3102 2935 3167 :

1355 3329 2423 3451 PHRAARTE.

3300 3530 3635 3611 Il feint de
3305 3616 3622 3709 le fraper
477 3591 673 3702 Ha
704 3616 733 3700 !
754 3586 964 3740 cefi
994 3617 1208 3747 trop
1236 3657 1257 3677 •

1403 3835 2327 3965 TIGRANE.

1511 4093 2013 4253 Hjfafim,
2066 4079 2423 4243 arrefie
2459 4077 2553 4192 ie
2594 4109 2759 4188 me
2802 4062 3159 4182 rends:

1294 4401 2412 4536 OROSMANE.

502 4742 601 4855 L
628 4742 1052 4875 honneur
1086 4791 1188 4878 te
1232 4757 1324 4874 le
1366 4757 1772 4949 dejfend
1769 4800 1796 4909 ,
1833 4759 2092 4909 (fie
2110 4787 2212 4870 te
2252 4749 2342 4865 le
2392 4744 2518 4863 de
2488 4735 2900 4914 fends:

496 4920 670 5031 Via
715 4933 1076 5040 mourir
1081 4928 1278 5090 fur
1319 4930 1428 5048 la
1473 4923 1847 5090 brefche
1889 4969 2020 5043 ou
2065 4916 2578 5040 l'honneur
2613 4947 2712 5032 te
2740 4892 3246 5026 demande
3254 4981 3276 5009 .

2655 5088 2743 5181 C
2831 5081 2931 5205 iij
