4267 5575
1214 311 1422 419 DE
1538 303 1734 407 LA
1814 303 2818 408 TRAGEDIE.
3342 313 3382 437 j

518 491 792 545 comme
822 489 996 539 ceux
1036 461 1160 563 qui
1194 462 1394 530 n'ont
1432 456 1636 554 point
1674 472 1886 520 encor
1914 442 2040 518 fait
2076 446 2162 519 de
2188 473 2388 521 cures
2424 477 2436 519 :
2478 455 2574 523 La
2598 453 2920 551 pratique
2940 473 3234 552 apporte
3260 478 3398 528 aur

516 573 884 645 Médecins
926 591 1058 637 vue
1090 556 1530 633 ir.fcnfibilité
1568 576 1748 654 pour
1784 554 1874 622 les
1912 546 2218 621 malades
2266 601 2284 631 ,
2334 559 2402 623 Se
2454 553 2556 623 les
2604 555 2808 625 vieux
2850 559 3230 653 Regimens
3270 580 3392 652 qtn

514 673 670 745 font
706 695 868 743 tous
908 667 1006 737 les
1038 687 1222 735 tours
1264 684 1398 730 aux
1434 680 1656 730 mains
1678 676 1846 724 attcc
1878 650 2222 749 l’ennemy
2258 705 2274 735 ,
2312 651 2734 755 l'attaquent
2756 653 2906 727 fans
2950 655 3008 725 le
3046 658 3394 740 craindre,

520 781 590 847 Se
622 771 764 843 fans
796 765 1228 846 sVfbrauler,
1252 786 1526 834 comme
1546 758 1640 830 les
1662 752 2024 826 nouuelles
2062 776 2426 853 trouppes.

602 875 770 943 lien
812 869 910 941 tft
946 867 1030 939 de
1058 861 1488 937 mefmcd’vn
1512 862 1796 932 homme
1838 862 1964 956 qui
2004 860 2154 926 voit
2180 879 2340 927 tous
2368 851 2464 927 les
2504 859 2696 927 jours
2726 857 2850 929 des
2880 853 3158 931 mifcrcs
3186 884 3204 942 ;
3242 858 3288 932 il
3312 886 3398 930 en

514 975 608 1045 cft
650 971 946 1055 touché,
988 971 1152 1039 mais
1180 964 1456 1064 iniques
1496 988 1578 1036 au
1614 964 1814 1062 point
1858 958 1952 1030 où
1982 954 2080 1028 les
2118 958 2326 1057 Sages
2358 953 2420 1025 le
2448 961 2748 1029 doutent
2786 959 2996 1045 cftrc,
3028 967 3100 1032 Se
3140 958 3398 1036 l’habi-

516 1039 888 1171 ludeéÏTil
920 1099 954 1143 a
988 1067 1300 1141 d'afliltcr
1336 1092 1470 1136 aux
1498 1058 1870 1168 fpeétacles
1894 1062 2020 1156 qui
2052 1054 2170 1155 luy
2192 1059 2518 1131 donnent
2538 1057 2628 1131 de
2670 1059 3060 1143 Iaccrrour,
3100 1068 3166 1132 &
3224 1060 3402 1136 delà

516 1175 730 1277 pitié,
768 1175 886 1271 luy
922 1199 1006 1245 en
1038 1194 1332 1271 procure
1372 1168 1432 1238 le
1470 1184 1978 1266 tempérament
2004 1166 2072 1234 &
2096 1158 2158 1233 U
2204 1157 2644 1241 médiocrité.

598 1275 902 1377 Puifque
938 1273 1086 1347 c’cft
1120 1271 1218 1342 fut
1246 1270 1304 1340 le
1344 1270 1810 1364 Theatreque
1836 1286 1942 1332 ces
1970 1260 2208 1333 chofes
2244 1261 2302 1333 fc
2344 1263 2862 1363 reprefentent,
2898 1289 3036 1361 que
3082 1262 3144 1334 la
3180 1266 3404 1336 Scène

517 1405 557 1475 y
601 1381 887 1449 retentit
923 1375 1041 1447 des
1063 1371 1353 1473 plaintes
1395 1364 1809 1446 d’Hecube,
1841 1362 2181 1438 d’Eledte
2213 1415 2233 1447 ,
2287 1361 2775 1461 d’Antigone;
2825 1389 2965 1461 que
3001 1363 3147 1436 l'on
3195 1392 3233 1460 y
3287 1370 3403 1434 in¬

523 1479 799 1551 troduit
837 1477 1107 1573 Oedipc
1145 1529 1163 1559 ,
1205 1476 1459 1554 Atrcc,
1499 1466 1769 1568 Ægyftc
1809 1518 1829 1550 ,
1869 1472 1941 1540 Le
1983 1464 2237 1562 qu’elle
2271 1489 2441 1565 peut
2479 1467 2655 1535 eftrc
2695 1463 2731 1535 à
2771 1465 2915 1537 bon
2951 1465 3139 1540 droit
3191 1492 3397 1538 nom¬

517 1583 673 1651 mée
701 1581 761 1649 la
789 1579 907 1649 lice
931 1575 1045 1647 des
1079 1571 1413 1673 partions;
1455 1566 1949 1644 c’cftaurtlàla
1983 1563 2541 1668 reprefentation
2567 1565 2689 1639 des
2713 1569 3015 1637 Po'cmes
3043 1572 3401 1668 tragiques

519 1681 617 1753 où
655 1679 931 1755 aillent
967 1701 1077 1747 ces
1101 1692 1515 1775 personnes,
1555 1670 1727 1770 qu’il
1775 1668 1925 1740 faut
1961 1668 2121 1742 aller
2155 1695 2483 1773 préparée
2509 1667 2607 1741 fes
2633 1667 2971 1769 partions,
3003 1673 3071 1740 Se
3095 1666 3191 1740 les
3219 1694 3399 1740 con¬

519 1781 715 1851 duire
743 1781 779 1851 à
813 1777 981 1851 ceftc
1011 1771 1303 1877 parfaite
1333 1770 1745 1848 médiocrité
1771 1770 1865 1842 du
1897 1770 2351 1875 Philofophe,
2373 1771 2467 1845 où
2501 1769 2669 1841 elles
2699 1769 3085 1840 n’arriucnt
3113 1776 3389 1852 jamais,

517 1879 835 1979 qu’apres
865 1877 1023 1951 elles
1057 1903 1139 1949 ne
1171 1876 1623 1952 contribuent
1659 1876 2029 1978 beaucoup
2063 1872 2589 1975 il’acquifition
2623 1871 2795 1943 delà
2819 1873 3045 1943 Vertu
3085 1922 3105 1954 ,
3149 1878 3219 1944 &
3263 1872 3301 1942 à
3341 1876 3403 1944 U

513 1979 1131 2055 connoirtancedcs
1159 1983 1497 2052 Sciences.

591 2081 799 2153 Voila
841 2081 1185 2179 qucllceft
1223 2080 1563 2182 l’opinion
1599 2074 1981 2154 d’Ariftcte
2017 2130 2037 2160 ,
2073 2081 2427 2151 touchant
2475 2071 2725 2173 l’yfage
2761 2075 2849 2143 de
2907 2073 2971 2143 la
3005 2074 3407 2174 Tragédie,

529 2179 831 2279 laquelle
855 2183 901 2251 il
939 2203 1223 2255 nomme
1257 2208 1437 2280 pour
1459 2182 1631 2252 celle
1661 2188 1899 2258 caule,
1949 2178 2011 2246 la
2053 2177 2263 2277 reigle
2311 2175 2435 2247 des
2479 2171 2779 2273 partions
2821 2229 2835 2255 ,
2907 2179 3031 2271 qui
3067 2171 3193 2244 fait
3237 2176 3407 2246 bien

524 2303 683 2349 voir
716 2281 889 2375 qu’il
916 2279 1181 2351 n’eftoit
1220 2306 1337 2380 pas
1392 2280 1489 2352 du
1522 2280 1893 2348 fentimenr
1932 2274 2019 2340 de
2046 2297 2225 2339 ceux
2266 2319 2289 2349 ,
2350 2279 2483 2365 qui
2516 2295 2939 2365 rapportent
2976 2273 3045 2339 la
3076 2272 3171 2344 fin
3206 2274 3293 2342 de
3322 2300 3403 2346 ce

524 2377 786 2443 Pocme
832 2377 1118 2443 fublimc
1164 2425 1184 2453 ,
1242 2398 1326 2466 au
1382 2374 1612 2466 piai/îr
1672 2374 1768 2438 du
1802 2366 2058 2466 peuplé
2092 2394 2114 2448 ;
2170 2393 2248 2439 ce
2282 2391 2422 2465 que
2460 2391 2646 2439 nous
2696 2391 2926 2439 auons
2962 2367 3126 2440 bien
3174 2372 3402 2444 voulu

512 2493 766 2541 mettre
810 2475 914 2567 icy
946 2467 1082 2539 afin
1124 2467 1208 2539 de
1240 2468 1334 2540 les
1364 2464 1762 2550 defabufer,
1804 2476 1876 2540 Le
1906 2470 1992 2540 de
2040 2474 2240 2571 iuger
2288 2467 2334 2541 ii
2368 2467 2728 2569 i’ouurage
2770 2467 2856 2539 de
2904 2470 3282 2544 Monficur
3312 2474 3402 2546 de

516 2571 828 2667 Scudery
856 2623 872 2651 ,
902 2595 1068 2669 peut
1092 2574 1346 2642 exciter
1380 2596 1490 2644 ces
1520 2564 1900 2642 cfmotions
1920 2568 2300 2655 violentes,
2336 2575 2462 2671 qui
2504 2593 2878 2673 préparent
2908 2569 3002 2643 les
3022 2573 3260 2674 esprits
3282 2574 3318 2644 à
3340 2574 3404 2648 la

512 2679 716 2745 vertu
770 2679 840 2745 Se
870 2697 1000 2743 aux
1040 2671 1470 2772 disciplines,
1504 2678 1576 2744 Le
1622 2670 1724 2744 s'il
1758 2698 1798 2744 a
1822 2698 1898 2744 ce
1934 2672 2146 2774 degré
2168 2673 2254 2747 de
2274 2669 2676 2775 perfeâion
2704 2699 2846 2771 que
2870 2699 3052 2745 nous
3088 2672 3408 2748 fouhait-

518 2797 822 2845 tonsaux
854 2773 1268 2844 excellentes
1306 2772 1718 2874 Tragédies.

588 2879 780 2943 Pour
812 2897 922 2943 cet
954 2871 1152 2957 effet,
1182 2872 1232 2944 il
1266 2872 1328 2944 le
1366 2872 1520 2944 faut
1550 2880 1902 2948 examiner
1938 2874 2162 2947 furies
2198 2877 2560 2977 reiglesdu
2590 2871 3160 2977 Philofophe,Le
3190 2886 3392 2982 juger

516 3001 632 3071 par
678 2973 742 3045 la
780 2975 1148 3075 régularité
1180 2975 1266 3046 de
1296 2970 1394 3046 fes
1426 2980 1680 3076 parties
1704 2974 2008 3076 feparées
2044 3032 2062 3060 ,
2100 2976 2186 3047 de
2206 2977 2410 3049 celles
2446 2979 2546 3049 du
2574 3001 2734 3051 tout
2772 2979 3058 3077 quelles
3096 3008 3396 3082 compo¬

510 3073 678 3159 sent.
738 3075 1134 3149 Ainfinous
1164 3071 1484 3150 fuiurons
1526 3078 1602 3150 la.
1636 3076 1896 3152 facilité
1934 3077 2406 3179 méthodique
2440 3107 2582 3179 que
2624 3107 2702 3153 ce
2724 3083 2898 3181 Sage
2936 3109 2974 3153 a
3024 3084 3394 3158 toufiours

520 3177 690 3243 dans
724 3201 798 3243 ce
827 3177 996 3271 qu’il
1026 3175 1348 3278 enfeigne
1379 3188 1400 3264 ;
1428 3188 1500 3252 Se
1534 3178 1784 3252 l'enuis
1806 3180 2058 3252 mefrne
2088 3187 2324 3255 n’aura
2361 3185 2682 3283 paslujet
2720 3181 2806 3253 de
2844 3183 2994 3257 dire
3033 3212 3176 3286 que
3216 3210 3400 3258 nous

517 3271 829 3345 Haïrions
871 3275 1233 3345 Monficur
1269 3280 1355 3346 de
1419 3280 1727 3374 Scudery
1779 3334 1795 3358 .
1837 3282 2133 3380 puifque
2183 3309 2369 3353 nous
2415 3291 2903 3357 examinerons
2953 3285 3075 3360 fon
3131 3290 3399 3364 Poème

529 3371 719 3443 félon
753 3371 817 3443 la
853 3373 1137 3443 feuerité
1181 3371 1301 3444 des
1331 3400 1689 3472 préceptes
1735 3404 1877 3476 que
1911 3406 1985 3452 ce
2019 3380 2441 3481 Philofophe
2485 3409 2573 3453 en
2613 3409 2651 3453 a
2683 3383 2939 3455 laisser.

599 3471 1059 3545 Cétexcllcnt
1087 3471 1369 3544 homme
1405 3498 1443 3544 a
1485 3472 1719 3570 dehny
1757 3482 1821 3542 la
1839 3478 2191 3568 Tragédie
2215 3507 2301 3547 en
2331 3481 2509 3547 cesse
2539 3489 2877 3555 maniéré.

617 3575 715 3643 La
753 3571 1097 3675 Tragédie
1127 3573 1219 3644 eft
1249 3572 1647 3648 l’imitation
1669 3572 1875 3646 d’vne
1895 3600 1931 3646 a
1943 3576 2131 3648 dion
2153 3571 2467 3659 ferieufe,
2489 3577 2905 3677 complette,
2931 3589 3001 3653 Le
3023 3580 3193 3654 -lusse
3217 3584 3397 3658 dans

521 3669 589 3743 fa
605 3675 991 3775 grandeur,
1029 3681 1149 3775 qui
1173 3674 1595 3776 pari’a&ion
1625 3730 1639 3754 ,
1679 3684 1749 3748 Le
1783 3702 1925 3750 non
1961 3702 2081 3778 pas
2105 3676 2547 3779 Amplement
2581 3705 2703 3781 par
2729 3679 2789 3751 le
2817 3681 3179 3770 difeours,
3205 3692 3399 3758 exci¬

525 3797 675 3845 tant
709 3775 771 3845 la
807 3779 977 3877 pitié
1015 3785 1121 3863 ,Le
1143 3775 1207 3849 la
1239 3804 1541 3864 terreur,
1565 3804 1651 3852 en
1673 3776 1857 3854 laisse
1897 3804 2093 3882 apres
2113 3807 2247 3857 vne
2283 3781 2707 3855 médiocrité
2747 3779 3183 3858 raifonnablc
3217 3790 3395 3860 dans

525 3871 911 3975 l’cfpritdcs
947 3883 1407 3977 Spe&ateurs.

615 3985 639 4055 (
671 3979 777 4047 De
815 3975 1111 4075 laquelle
1147 3981 1521 4056 définition
1559 4010 1737 4060 nous
1769 4012 1991 4062 auons
2009 3986 2243 4085 banny
2267 3987 2325 4059 le
2345 3987 2653 4087 P.ythme
2679 3991 2747 4059 &
2785 3983 2851 4055 la
2879 3987 3393 4092 Mufiquc,qui

527 4097 615 4147 ne
633 4075 787 4147 font
819 4077 973 4177 plus
1009 4079 1095 4151 de
1117 4079 1363 4182 l'vfage
1381 4086 1465 4156 de
1487 4088 1713 4160 nossre
1735 4088 1985 4186 rteele.)

604 4179 712 4251 Ce
750 4169 1208 4281 Philofophe,
1246 4180 1350 4256 dis
1384 4184 1756 4282 ie,l’ayant
1796 4188 1965 4262 ainfi
2002 4190 2300 4275 definie,
2336 4193 2398 4265 la
2426 4191 2642 4267 diuife
2678 4217 2764 4261 en
2784 4189 2876 4265 fix
2904 4192 3400 4295 partiesefletv

530 4279 788 4363 tielles,
812 4281 992 4355 dont
1028 4285 1120 4355 les
1144 4283 1332 4356 deux
1362 4286 1708 4360 dernières
1742 4288 1804 4362 fe
1836 4316 2250 4392 rapportent
2270 4321 2402 4367 aux
2424 4321 2654 4367 autres
2698 4345 2718 4377 ,
2756 4301 2826 4367 Le
2866 4295 3394 4400 endependent.

616 4381 958 4455 Celles-là
982 4385 1176 4471 font,
1208 4386 1272 4458 la
1294 4388 1518 4468 Fable,
1538 4390 1640 4464 les
1690 4396 1998 4480 Mœurs,
2024 4394 2120 4466 les
2138 4401 2302 4469 Sent
2318 4401 2564 4479 imens,
2588 4397 2648 4469 la
2674 4399 2990 4471 Di&ion.

622 4483 954 4585 Cc\les-cy
990 4487 1182 4573 font,
1220 4488 1576 4592 l'appareil
1612 4494 1710 4568 du
1746 4496 2056 4568 Theatre
2086 4550 2106 4580 ,
2138 4499 2670 4599 LelaMufique.

618 4577 792 4649 Man
824 4587 1134 4663 d’autant
1166 4618 1306 4694 que
1330 4594 1414 4664 de
1436 4596 1768 4694 cclles-cy
1792 4598 1896 4682 ,1a
1916 4606 2254 4698 première
2278 4601 2564 4699 regarde
2608 4601 3042 4703 fimplcment
3084 4602 3148 4674 le
3186 4602 3400 4674 déco¬

546 4691 812 4761 rateur,
846 4691 912 4755 S<
942 4717 988 4785 q
992 4719 1076 4763 UC
1112 4693 1540 4796 l’autre,qui
1578 4700 1778 4772 eftoit
1814 4700 1876 4772 le
1910 4702 2192 4775 charme
2232 4701 2318 4773 de
2354 4703 2734 4777 l’ancienne
2764 4707 2984 4777 Scene
3020 4763 3042 4793 ,
3088 4702 3196 4774 n’a
3234 4700 3390 4800 plus

550 4777 594 4847 d
624 4777 1302 4892 vfagcfurUiioftrc,
1330 4798 1382 4874 il
1396 4796 1644 4876 faudra
1674 4802 2056 4882 feulement
2088 4805 2314 4913 parler
2334 4805 2454 4883 des
2474 4833 2718 4913 quatre
2748 4813 2872 4911 qui
2908 4829 3092 4879 nous
3122 4804 3398 4884 reltcnt,

2834 4913 2900 4987 A
2976 4913 3024 5003 i)
