4267 5704
1127 276 2747 439 TRAGI-COMEDIE.
3217 340 3292 438 7

1386 569 1506 681 O
1568 562 1676 677 R
1734 553 2380 680 MENE.

485 823 639 940 N
631 863 1027 955 on,non,
1031 822 1139 980 f
1151 814 1239 930 le
1269 819 1499 971 Roy
1523 802 1895 964 change
1917 799 1999 918 il
2009 829 2231 917 n'en
2257 804 2391 963 ef
2397 806 2685 966 point
2702 794 3239 961 blafmable
3239 846 3271 926 >

467 996 1019 1153 Tourquoy
1049 974 1773 1104 maimeroit-il
1789 984 1845 1084 ?
1865 1014 1953 1084 te
1981 1013 2107 1083 ne
2111 969 2345 1131 fuis
2351 1004 2547 1134 pas
2577 963 3009 1085 aimable
3033 1038 3063 1094 -

1300 1228 2470 1359 CASSANDRE.

489 1497 649 1609 Et
679 1527 1173 1657 pourquoy
1197 1533 1457 1606 vous
1501 1480 1957 1601 conduire
2001 1476 2543 1634 encetrifte
2562 1471 2919 1636 fejcur
2947 1498 2985 1591 ?

1383 1751 1500 1865 O
1549 1748 1650 1863 R
1707 1746 1850 1862 M
1897 1737 1990 1856 E
2039 1739 2166 1855 N
2221 1738 2344 1864 E.

462 2002 1170 2114 Tarmaxime
1216 1995 1630 2155 d'Eftat
1670 1990 1752 2110 il
1768 1985 2140 2154 fouffre
2180 2026 2416 2099 mon
2468 2027 2882 2098 amour:

478 2162 579 2278 Il
625 2200 945 2279 craint
975 2162 1457 2328 qüeftant
1511 2156 1909 2317 abfent,
1937 2153 2541 2311 vnefemme
2571 2145 2907 2264 irritée

483 2335 681 2448 Ne
687 2327 1135 2483 foujleue
1181 2330 1355 2442 des
1381 2371 1639 2483 gens
1697 2324 1947 2434 dont
1995 2317 2173 2427 elle
2217 2320 2357 2467 eft
2391 2313 2905 2474 rejpectée)

463 2495 800 2602 Mais
829 2490 1072 2616 Ciel,
1098 2488 1348 2648 qu'il
1380 2488 1804 2642 connoift
1832 2477 2058 2596 mal
2083 2475 2152 2587 d
2194 2478 2438 2643 quel
2462 2486 2750 2642 point
2796 2476 3268 2648 eflchery,

458 2652 710 2764 l?ar
750 2649 852 2767 la
872 2652 1266 2807 femme
1318 2649 1866 2767 d'honneur
1904 2691 2070 2764 vn
2104 2647 2468 2805 illufre
2512 2693 2808 2813 mary
2834 2655 2880 2757 !

470 2817 923 2975 Malgré
926 2816 1129 2977 fon
1177 2815 1883 2977 changement,
1915 2817 2253 2985 çffon
2279 2814 2683 2980 mefpris
2729 2857 3061 2930 encore
3059 2904 3091 2948 ,

481 2976 529 3118 (
557 2985 919 3095 Dieux
943 3026 1069 3096 ne
1091 2981 2239 3150 mefoutez>point)mes
2263 2972 2545 3167 filles,
2577 2990 2667 3100 ie
2693 2981 3089 3108 l'adore)

475 3148 632 3260 Et
667 3151 760 3261 ie
817 3195 938 3267 ne
949 3148 1154 3314 fay
1199 3150 1324 3266 de
1370 3197 1688 3269 vœux
1698 3240 1962 3266 .

1426 3407 1544 3519 H
1600 3408 1692 3523 E
1750 3414 1846 3526 C
1898 3413 2016 3528 Y
2070 3413 2162 3525 B
2206 3411 2334 3528 E.

1807 3651 2421 3788 Madame,
2451 3648 2539 3768 le
2577 3657 2867 3819 voicy
2887 3703 2921 3765 :

1338 3981 1458 4095 O
1514 3979 1620 4095 R
1672 3980 1960 4102 ME
2012 3979 2318 4103 NE.

459 4312 1217 4480 Rentrons,fon
1259 4315 1427 4435 œil
1461 4363 1621 4437 me
1673 4320 1833 4442 dit
1877 4367 2071 4490 que
2117 4331 2207 4443 ie
2251 4322 2569 4482 rriofle
2621 4315 2895 4493 d’icy.
