4267 5717
1047 276 2651 431 TRAGI-COMEDIE.

1372 559 2388 698 tiridate.

485 851 532 910 c
501 835 964 968 Tmdate
1003 859 1262 946 veut
1305 827 1606 943 viure
1636 862 1666 950 ,
1721 862 1786 928 a
1793 818 1898 930 in
1895 809 1986 978 fi
2019 851 2160 971 qu
2189 801 2272 921 il
2313 848 2386 920 a
2429 802 2732 966 vefcu
2757 847 2790 935 z

486 1013 688 1130 Ne
746 1006 1166 1121 vaincre
1208 989 1446 1162 qu'à
1486 991 1774 1152 demy
1792 1022 1822 1114 ,
1872 979 2078 1135 ceft
2116 978 2506 1088 nauoir
2530 1010 2720 1138 pas
2762 973 3150 1087 vaincu
3182 1020 3210 1080 :

482 1183 797 1298 Tour
824 1172 1253 1285 atrefter
1270 1203 1503 1279 mon
1520 1153 1797 1282 bras,
1820 1177 2069 1262 cette
2084 1143 2423 1303 feinte
2470 1144 2608 1300 eft
2630 1179 2816 1298 grc
2790 1143 3080 1299 fiere
3108 1188 3142 1250 :

499 1341 747 1488 Que
793 1337 1269 1502 l'ennemy
1285 1325 1409 1491 fe
1457 1320 1819 1448 rende,
1841 1355 1967 1430 ou
1987 1307 2337 1425 morde
2385 1306 2491 1424 la
2527 1309 2989 1474 pouftere
3007 1350 3043 1417 :

505 1517 672 1634 Et
711 1505 858 1623 s'il
891 1534 1143 1616 veut
1179 1491 1557 1612 obtenir
1597 1482 2025 1658 quelque
2065 1474 2333 1643 pitié
2367 1478 2491 1592 de
2533 1517 2779 1594 nous
2799 1565 2833 1609 ,

512 1673 800 1822 Qml
836 1702 1162 1839 quitte
1176 1663 1348 1824 [es
1396 1696 1682 1826 ramp
1688 1690 1904 1770 arts
1928 1673 1964 1797 ,
2016 1673 2160 1797 &
2198 1652 2604 1811 paroiffe
2650 1643 2718 1756 à
2748 1676 3158 1809 genoux
3168 1722 3190 1746 .

1334 1908 2465 2043 OROSMANE.

3342 2140 3724 2234 Il feint d'y
3346 2230 3576 2306 reſuer.
515 2189 1011 2343 Soit-pour
1023 2176 1301 2334 faire
1355 2171 1633 2287 ceder
1653 2164 1785 2326 fa
1813 2162 2239 2316 fortune
2293 2198 2361 2267 a
2417 2154 2523 2266 la
2569 2158 2945 2283 tienne,

524 2347 896 2507 Souffre
942 2386 1136 2504 que
1180 2383 1268 2452 le
1316 2337 1402 2455 le
1444 2354 1930 2497 voye,&
1954 2369 2148 2486 que
2198 2329 2290 2435 ie
2335 2322 3012 2436 tentretienne
3038 2364 3074 2426 :

1422 2582 2439 2705 TIRIDATE.

529 2845 877 2963 uiliez*
885 2838 1165 2999 faire
1213 2879 1575 2995 ranger
1617 2880 1827 2948 mes
1859 2878 2115 2996 gens
2165 2831 2291 2947 de
2325 2860 2647 2946 toutes
2679 2859 2973 2989 parts
3001 2910 3039 2957 ,

531 3013 694 3123 Et
736 3034 1028 3171 qu'on
1071 3002 1162 3118 le
1208 3045 1532 3118 meme
1558 3038 1844 3164 apres
1872 3048 2012 3116 au
2014 3001 2266 3167 pied
2279 2998 2406 3113 de
2430 3038 2578 3118 ces
2604 3042 2658 3110 r
2652 3031 2890 3159 amp
2896 3022 3062 3109 art
3062 3036 3112 3106 s
3128 3058 3164 3116 >

536 3177 886 3321 Faites
906 3178 1356 3328 Jommer
1402 3213 1500 3285 ce
1516 3162 1698 3323 fils
1750 3168 1876 3284 de
1906 3167 2252 3336 parler
2288 3162 2354 3277 à
2378 3164 2576 3328 fon
2612 3199 2902 3328 pere:

534 3347 869 3455 Mais
888 3336 995 3490 fi
1012 3334 1225 3448 leur
1268 3342 1749 3447 entretien
1796 3334 2031 3492 riefl
2070 3335 2215 3447 tel
2254 3376 2449 3493 que
2498 3340 2591 3446 ie
2638 3327 3059 3489 l'efpere,

545 3507 711 3627 Et
755 3542 949 3665 que
991 3534 1139 3616 cet
1179 3495 1777 3659 orgueilleux
1801 3499 2185 3664 perfide
2237 3538 2361 3611 en
2379 3494 2579 3654 fon
2621 3473 3037 3657 dejfein,

537 3665 880 3809 Quon
925 3662 1090 3828 luy
1105 3699 1414 3782 mette
1441 3711 1510 3775 a
1537 3663 1978 3820 l'infant
2013 3709 2174 3781 vn
2187 3661 2692 3827 poignard
2707 3667 2974 3775 dans
3001 3654 3352 3818 lefein.

526 3839 1116 3968 ‘Phraarte,
1150 3834 1230 3950 il
1238 3827 1622 3994 fuffira
1664 3832 1886 3948 d'en
1910 3833 2200 3996 faire
2246 3829 2468 3949 bien
2512 3828 2618 3944 la
2640 3829 2982 3990 feinte
3012 3872 3042 3953 >

552 4007 765 4117 Car
808 4005 899 4113 ie
950 4044 1233 4118 veux
1270 4003 1819 4161 feulement
1860 4001 2473 4166 l'efmouuoir
2476 4034 2681 4162 par
2694 3995 2801 4111 la
2820 4001 3199 4112 crainte
3220 4064 3253 4124 y

543 4177 665 4289 Si
679 4167 879 4331 fon
913 4164 1077 4330 fils
1129 4211 1253 4280 ne
1261 4167 1385 4327 fe
1441 4166 1739 4300 rend,
1741 4166 2005 4330 fans
2033 4171 2197 4335 luy
2193 4171 2485 4331 faire
2535 4205 2861 4280 aucun
2917 4162 3197 4302 mal,

3379 3882 3701 3962 Il le rap¬
3380 3964 3756 4055 pelle, & luy
3381 4049 3715 4145 parle bas.
549 4335 889 4503 Qtgon
917 4334 1243 4452 donne
1295 4375 1365 4445 a
1415 4333 1473 4449 t
1477 4333 1771 4450 heure
1811 4337 2179 4498 ?nefme
2225 4383 2387 4453 vn
2433 4342 2759 4498 ajfaut
2791 4330 3273 4495 general:

560 4505 658 4617 Il
676 4502 1254 4670 paroiffur
1296 4501 1400 4617 la
1428 4507 1770 4644 Tour,
1824 4503 2140 4673 allef
2166 4553 2292 4625 en
2340 4504 2812 4664 diligence

558 4669 1068 4831 ‘Préparer
1104 4674 1242 4790 les
1266 4717 1662 4835 moyens
1708 4674 2022 4790 d'vne
2064 4673 2432 4833 illuflre
2460 4712 3084 4832 vangeance:

569 4831 729 4943 Le
765 4842 1033 4953 voila
1041 4839 1671 5012 jdepefchez,,
1705 4819 2517 5003 contentélfimon
2573 4837 2909 5004 efirit,

573 5005 735 5117 Et
773 5047 895 5115 ne
939 5054 1373 5176 manque
1379 5021 1569 5193 fa
1619 5016 1833 5130 rien
1883 5014 2009 5130 de
2059 5053 2157 5127 ce
2187 5056 2381 5177 que
2427 5016 2624 5178 ïay
2649 5005 3085 5176 prefcrit.
