4267 5575
887 269 940 330 i
1947 241 2041 339 D
2103 241 2141 338 1
2191 247 2277 345 C
2331 246 2429 344 O
2483 249 2577 351 V
2639 257 2729 359 R
2775 256 2829 349 S

885 369 1192 454 Poème,
1231 376 1304 445 Se
1337 370 1382 445 fi
1419 376 1476 443 ic
1511 371 1716 447 rends
1747 394 1910 449 tous
1945 402 2094 452 mes
2135 384 2470 458 Le&eurs
2510 390 2896 490 perfuadez
2931 399 3158 477 defon
3187 412 3600 502 excellence.'

971 472 1140 560 Que
1177 469 1224 542 fi
1261 479 1326 545 ic
1357 471 1488 548 fuis
1525 473 1764 575 oblige
1799 477 1976 551 dans
2007 480 2074 551 la
2111 478 2318 557 fuitte
2353 485 2442 558 de
2471 516 2642 563 mon
2681 493 3002 576 difeouts
3033 501 3120 578 de
3171 534 3535 619 comparer
3580 533 3620 606 à
3654 559 3767 611 ect

887 598 1206 686 ouvrage
1236 571 1586 677 quelques
1611 575 1932 652 endroits
1953 580 2074 653 des
2109 590 2556 674 Ancicns.ce
2587 589 2725 668 fera
2748 597 3435 713 fculcmcnopourcn
3464 655 3767 738 appayet

890 676 959 751 la
988 653 1343 750 dcrfence:
1382 703 1479 750 ou
1508 675 1616 749 s'il
1652 684 1879 753 arrive
1916 683 2096 783 qu’il
2130 684 2321 761 faille
2356 688 3241 808 lescontefter.icleferay
3278 717 3427 796 fans
3456 746 3658 820 envie
3691 754 3766 821 SC

890 778 1045 851 fans
1080 774 1479 849 affe&ation
1520 833 1542 865 ,
1584 784 1655 850 2c
1692 778 1839 854 lors
1868 780 2253 861 feulement
2279 788 2458 891 qu’il
2488 821 2599 869 me
2636 797 2973 880 (èmblcra
2994 813 3380 893 necclfairc.

966 880 1073 947 En
1106 872 1271 949 effet
1306 880 1369 947 ic
1418 873 1575 974 n’ay
1611 905 1735 982 pas
1772 882 1859 956 de
1870 883 1953 957 de
1962 891 2033 958 in
2066 887 2155 963 de
2200 891 2499 995 charger
2524 923 2605 971 ce
2633 907 2915 986 Traitté
2947 908 3156 990 d’vne
3197 917 3458 1001 fcience
3491 938 3761 1036 inutile,

899 1002 986 1074 ny
1027 975 1186 1049 d’en
1215 975 1520 1051 cftudicr
1545 984 1986 1060 cxa&ement
2027 988 2090 1064 la
2119 994 2622 1099 compofuion.

995 1077 1128 1150 Les
1157 1080 1680 1183 Panégyriques
1715 1111 1846 1162 ont
1877 1087 2116 1167 befoin
2141 1093 2262 1170 des
2304 1124 2548 1203 grâces
2577 1103 2668 1180 de
2699 1106 3162 1217 l’Eloquence
3188 1131 3207 1209 ,
3279 1133 3354 1200 Se
3388 1127 3507 1208 des
3542 1141 3767 1228 forces

899 1180 982 1251 de
1015 1177 1078 1249 la
1111 1179 1589 1283 Rhétorique,
1625 1192 1798 1263 mais
1825 1218 1974 1266 non
2002 1221 2126 1299 pas
2173 1200 2270 1274 les
2304 1213 2919 1302 Commentaires-,
2962 1228 3033 1294 Se
3068 1225 3369 1327 puifquc
3412 1238 3647 1323 i’eferis
3680 1254 3765 1327 de

901 1277 1174 1380 {impies
1205 1283 1649 1387 Remarques
1676 1286 1783 1365 fur
1800 1293 2129 1385 l’amour
2160 1303 2670 1410 Tyrannique,
2701 1315 2996 1417 pluftoft
3025 1349 3171 1424 que
3204 1335 3265 1402 ie
3300 1332 3461 1409 n’en
3484 1337 3609 1420 fais
3641 1351 3772 1431 l’E¬

896 1376 1101 1481 loge,
1132 1386 1195 1455 ic
1226 1381 1535 1487 lailTcray
1576 1390 1639 1463 le
1684 1388 1835 1470 foin
1856 1396 1945 1472 de
1978 1399 2393 1481 l’clocution
2425 1435 2609 1512 pour
2644 1440 2737 1488 vn
2754 1443 2953 1494 autre
2988 1424 3198 1514 fujet,
3241 1438 3317 1507 Se
3362 1435 3411 1510 il
3445 1467 3554 1519 me
3585 1452 3770 1529 {atti¬

896 1500 973 1551 ra
1010 1479 1097 1553 de
1126 1486 1405 1560 traitter
1430 1491 1603 1566 ceftc
1638 1503 2111 1578 raatiereauée
2142 1503 2630 1615 lafimplicité,
2675 1523 2749 1594 Se
2783 1520 3044 1599 l’ordre
3061 1534 3193 1629 qui
3207 1529 3364 1609 font
3381 1549 3774 1630 ncceffaircs

896 1579 1153 1658 auftile
1190 1583 1682 1696 dogmatique.

973 1686 1706 1780 Toutefois,d’autant
1722 1725 1866 1803 que
1889 1731 1964 1780 ce
1985 1703 2128 1781 ftiîe
2151 1710 2249 1785 cft
2269 1711 2698 1798 d’ordinaire
2723 1721 3164 1831 efpineux,&
3186 1766 3327 1842 que
3346 1746 3603 1826 l’ordre
3618 1777 3781 1832 tout

897 1783 1370 1890 fimplecftlèc
1393 1802 1468 1871 Se
1491 1800 1749 1890 fterile,
1789 1833 1866 1881 ce
1907 1832 1994 1882 ne
2021 1808 2166 1885 fera
2200 1840 2320 1915 pas
2342 1820 2491 1895 fans
2524 1846 2873 1932 tempêter
2898 1860 2987 1906 en
3020 1840 3373 1944 quelques
3396 1850 3583 1928 lieux
3600 1860 3783 1934 cefte

895 1889 1148 1962 dureté
1180 1899 1254 1968 Se
1272 1898 1451 1972 celle
1488 1898 1893 1994 fechereffè,
1936 1916 2011 1985 Se
2044 1909 2197 1986 fans
2232 1915 2515 1997 donner
2551 1930 2871 2036 quelque
2914 1936 3113 2015 chofc
3158 1946 3197 2017 à
3252 1948 3319 2022 la
3364 1955 3657 2062 volupté
3688 1962 3781 2038 do

890 1987 1179 2090 Pefprit.

972 2094 1595 2194 Auparauantque
1626 2103 1715 2172 de
1734 2130 2187 2184 commencer
2208 2117 2247 2187 à
2274 2124 2475 2219 iuger
2494 2129 2581 2200 de
2600 2131 2776 2205 ceftc
2791 2136 3182 2240 Tragédie,
3215 2162 3245 2248 (
3279 2154 3778 2262 c’eftainfiquc

896 2213 1083 2263 nous
1108 2190 1603 2296 l’appellerons
1640 2206 1713 2275 Le
1734 2228 1879 2276 non
1899 2233 2023 2305 pas
2054 2211 3790 2355 Tragi-Comedie.pourlcsraifonsquenouscn

895 2314 1363 2391 apporterons
1396 2317 1489 2364 en
1516 2297 1664 2366 leur
1686 2297 1873 2393 lieu;
1918 2301 1967 2371 il
1995 2302 2149 2374 faut
2183 2318 2342 2380 voir
2367 2324 2604 2411 quelle
2631 2331 2731 2398 eft
2751 2333 2818 2404 la
2851 2335 2946 2406 fin
2987 2346 3064 2407 Se
3095 2345 3340 2443 l’vfage
3366 2383 3505 2448 que
3529 2363 3587 2432 fc
3612 2390 3789 2460 pro-

894 2387 1152 2492 pofent
1193 2415 1308 2464 ces
1339 2395 1690 2481 Poemes,
1717 2403 1790 2472 Se
1821 2425 1898 2471 ce
1928 2426 2072 2501 que
2105 2404 2170 2477 le
2193 2409 2622 2518 Philofophc
2656 2447 2802 2522 que
2843 2449 3026 2505 nous
3057 2432 3346 2515 fuiuons
3380 2471 3467 2521 en
3492 2480 3535 2527 a
3558 2462 3781 2536 enfei-

898 2491 1040 2594 gné
1095 2493 1438 2569 D’autant
1466 2521 1608 2597 que
1645 2522 1808 2575 tous
1837 2498 1936 2580 les
1975 2531 2328 2614 ouurages
2377 2515 2600 2592 cflant
2640 2524 2799 2626 plus
2836 2530 3171 2630 parfaits,
3208 2543 3365 2644 plus
3396 2548 3479 2624 ils
3516 2582 3779 2662 appro¬

904 2594 1118 2668 chent
1152 2595 1241 2670 de
1277 2595 1430 2672 leur
1463 2598 1561 2674 fin
1588 2629 1609 2687 ;
1644 2603 1694 2677 il
1728 2630 1913 2678 nous
1946 2603 2087 2682 fera
2120 2637 2209 2685 en
2244 2612 2447 2690 fuitte
2490 2622 2647 2724 plus
2688 2623 2824 2701 aifé
2858 2629 3287 2719 d’examiner
3318 2648 3421 2724 s’il
3450 2679 3535 2727 en
3560 2665 3657 2736 cft
3692 2667 3783 2739 de

900 2694 1159 2770 mefrne
1208 2696 1515 2799 dcceluy
1550 2704 1639 2777 de
1666 2706 2039 2784 Monfieur
2072 2708 2159 2787 de
2198 2718 2509 2822 Scudery
2544 2733 2566 2812 ,
2600 2734 2673 2803 Se
2704 2729 2811 2804 s’il
2840 2759 2879 2804 a
2908 2761 2985 2806 ce
3016 2737 3233 2844 degré
3270 2747 3359 2823 de
3389 2759 3782 2857 petfedion

903 2824 1047 2900 que
1066 2824 1247 2873 nous
1266 2797 1746 2886 fouhaittons.

981 2907 1081 2974 La
1122 2899 1321 2976 Mufe
1356 2909 1682 3011 tragique
1725 2910 2140 3018 s’occupant
2191 2926 2778 3031 principalement
2811 2939 2849 3011 à
2889 2937 3296 3024 cfmouuoir
3343 2955 3440 3027 les
3480 2958 3790 3057 pallions

899 3001 1528 3106 desSpedateurs,
1578 3014 1828 3113 parles
1875 3013 2178 3094 funeftes
2215 3025 2674 3107 Aduanturcs
2708 3040 2962 3141 quelle
2989 3047 3378 3149 reprefente
3414 3106 3435 3139 ,
3474 3061 3785 3139 Ariftotc

901 3102 1171 3205 apenfé
1202 3132 1348 3207 que
1379 3108 1446 3181 fa
1473 3110 1898 3192 fineftoitde
1925 3118 2022 3193 les
2051 3124 2360 3226 appaifer
2394 3138 2417 3216 ,
2453 3138 2524 3207 Se
2562 3135 2652 3210 de
2690 3140 3044 3218 redonner
3078 3177 3211 3228 aux
3246 3160 3457 3232 Ames
3484 3158 3547 3231 la
3584 3186 3783 3234 tran-

908 3202 1213 3304 quilité,
1259 3215 1330 3282 Se
1355 3209 1416 3283 le
1454 3214 1673 3291 calme
1720 3210 1975 3321 qu’elle
1996 3224 2145 3299 leur
2178 3237 2379 3305 auoit
2408 3233 2621 3310 oftée.
2672 3242 2734 3314 Il
2776 3270 2813 3313 a
2856 3246 3022 3319 creû
3063 3276 3211 3347 que
3252 3257 3319 3326 la
3351 3256 3570 3360 pitié,
3620 3267 3693 3335 &
3720 3263 3783 3337 la

908 3329 1177 3382 tertcur
1196 3310 1459 3402 ,eftant
1488 3318 1695 3392 celles
1714 3328 1846 3419 qui
1866 3323 1989 3422 luy
2028 3328 2327 3404 cftoient
2357 3358 2688 3440 propres,
2720 3341 2851 3417 elle
2878 3346 3127 3422 deuoit
3154 3350 3251 3427 les
3274 3361 3607 3460 réprimer
3643 3372 3664 3445 ,
3712 3373 3789 3438 Sz

904 3405 1007 3481 les
1048 3410 1325 3486 réduire
1352 3415 1389 3490 à
1428 3444 1563 3489 vne
1592 3422 2011 3498 médiocrité
2052 3430 2528 3514 raifonnsMe',
2562 3467 2761 3533 apres
2792 3444 2893 3512 les
2932 3455 3139 3522 auoir
3167 3454 3476 3528 cfirteuë»
3521 3467 3595 3530 &
3633 3459 3790 3536 fou-

896 3505 1174 3594 lcupes,
1206 3520 1277 3582 Se
1312 3517 1359 3584 il
1400 3542 1441 3581 »
1474 3515 1749 3613 appcilé
1788 3517 1965 3588 cefte
2002 3518 2217 3617 façon
2254 3521 2634 3629 d’appaifer
2668 3561 2802 3610 nos
2839 3543 3094 3625 Ames,
3129 3550 3692 3648 l'expiation,ou
3733 3564 3787 3637 fi

901 3627 1089 3679 nous
1127 3604 1456 3684 l’aimons
1481 3618 1710 3686 mieux
1737 3666 1756 3697 ,
1803 3614 1870 3689 la
1887 3626 2270 3721 purgation
2303 3623 2426 3698 des
2461 3631 2764 3730 pallions
2787 3644 2862 3709 Se
2883 3638 3006 3713 des
3033 3650 3367 3725 troubles.

989 3705 1394 3782 C’eftoitdc
1429 3737 1538 3786 ces
1566 3740 1608 3815 p
1621 3715 1868 3793 ..filons
1896 3719 2077 3819 qu’il
2109 3725 2380 3825 iugeoit
2413 3731 2607 3806 ainfi.

1001 3808 1064 3880 Il
1093 3834 1180 3880 ne
1213 3810 1312 3884 les
1337 3822 1620 3890 mettoit
1644 3844 1770 3919 pas
1789 3844 1878 3891 au
1899 3822 2196 3898 nombre
2229 3823 2354 3898 des
2387 3832 2619 3920 vices,
2645 3842 2816 3915 mais
2837 3840 2886 3914 il
2904 3869 2990 3919 ne
3020 3846 3115 3922 les
3140 3846 3773 3961 fouffroitpasauC-

912 3907 964 3983 fi
994 3934 1236 4010 parmy
1271 3912 1368 3988 les
1385 3939 1624 3989 vertus
1650 3944 1668 3997 ;
1704 3920 1753 3991 fi
1784 3921 1950 3994 bien
1986 3949 2129 4023 que
2156 3924 2303 3999 fans
2326 3930 2423 4004 les
2452 3933 2859 4031 deffendre,
2898 3953 2969 4020 Se
2990 3945 3141 4022 fans
3177 3955 3273 4024 'es
3308 3954 3557 4034 bannir
3588 3964 3781 4040 d’en¬

906 4035 1011 4085 tre
1032 4008 1129 4082 les
1150 4011 1498 4103 hommes,
1516 4016 1564 4090 il
1586 4017 2001 4096 fouhaittoit
2021 4051 2159 4126 que
2176 4026 2277 4101 les
2300 4033 2513 4136 Sages
2534 4065 2623 4112 en
2642 4037 2867 4117 filfent
2886 4074 3019 4121 vne
3040 4052 3406 4145 habitude,
3430 4067 3499 4134 Se
3524 4065 3583 4134 le
3606 4091 3778 4141 con-

912 4110 1281 4186 fcillaflent
1318 4143 1487 4191 auec
1526 4120 1917 4197 Icurraifon
1944 4175 1964 4207 ,
1998 4130 2277 4230 iufques
2318 4134 2353 4204 à
2389 4141 2557 4238 quel
2583 4146 2795 4245 point
2833 4199 2858 4232 ,
2895 4157 2969 4224 Se
3013 4176 3101 4224 en
3127 4153 3297 4253 quel
3323 4180 3546 4265 temps
3579 4167 3664 4240 ils
3681 4167 3778 4243 Ici

908 4213 1251 4289 deuoient
1268 4217 1607 4296 admettre
1629 4230 1701 4297 Se
1720 4224 1817 4298 les
1836 4237 2174 4306 receuoir.

1021 4317 1230 4392 Cefte
1265 4319 1650 4396 excellente
1687 4325 2028 4402 habitude
2065 4332 2316 4414 deuoit
2341 4343 2689 4429 naiftre,à
2715 4349 2840 4425 fon
2867 4355 3113 4444 aduis,
3145 4356 3232 4431 de
3267 4359 3775 4466 lareprcfcnta-

907 4422 1064 4490 tion
1085 4418 1208 4490 des
1225 4419 1610 4525 Tragédies
1641 4433 1756 4509 ;2c
1787 4456 2068 4506 comme
2105 4437 2144 4510 à
2177 4436 2374 4517 force
2409 4445 2760 4524 d’exercer
2792 4482 2888 4529 vn
2924 4463 3095 4545 Art,
3122 4459 3265 4532 l’on
3300 4465 3395 4564 s’y
3410 4468 3586 4541 rend
3610 4492 3775 4566 par¬

905 4517 1036 4592 fait
1067 4519 1106 4590 à
1139 4517 1206 4590 la
1227 4519 1322 4593 fin
1350 4580 1369 4608 ,
1405 4523 1494 4597 de
1511 4551 1618 4599 me
1633 4532 1934 4607 Imci’on
1955 4544 2277 4636 acquiert
2302 4571 2433 4618 vne
2456 4550 2874 4630 médiocrité
2892 4557 3015 4632 des
3036 4559 3356 4661 pallions,
3396 4566 3777 4667 lorsqu’on

910 4620 1411 4697 t’accouftumc
1432 4626 1470 4698 à
1496 4633 1649 4703 voit
1674 4629 1973 4708 fonuent
2012 4639 2111 4713 les
2144 4643 2371 4721 obiers
2407 4656 2535 4749 qui
2564 4649 2665 4728 les
2688 4665 2991 4735 excitent
3012 4666 3185 4735 dans
3214 4690 3343 4742 nos
3362 4669 3626 4766 efprirs.

986 4727 1119 4797 Les
1158 4723 1341 4801 bons
1384 4728 1853 4842 Chirurgiens
1893 4741 2191 4845 penfent
2222 4746 2317 4824 les
2349 4754 2511 4857 plus
2542 4755 2999 4867 dangercufci
3027 4765 3328 4871 playei,
3370 4768 3515 4845 fans
3539 4764 3769 4845 frémit
