4267 5692
953 302 1071 377 ^
1281 248 2125 371 L’AMOYR
2235 246 3547 417 TIRANNIQVE,

949 423 1275 541 Helas
1301 441 1327 521 !
1356 433 1537 587 qui
1591 425 1717 535 de
1757 468 2015 538 vous
2051 434 2289 540 trois
2306 426 2557 584 fera
2586 429 3035 591 pancher
3071 481 3303 550 mon
3359 486 3617 578 ame,

948 604 1220 711 Sans
1266 635 1426 705 me
1448 585 1862 705 combler
1896 592 2020 704 de
2050 600 2340 756 peine
2360 636 2388 722 ,
2420 599 2660 753 aufi
2682 591 2902 711 bien
2930 645 3124 761 que
3148 601 3272 715 de
3318 600 3674 766 blafme
3702 626 3742 714 ?

964 768 1062 873 O
1126 757 1346 869 Ciel
1384 791 1594 917 trop
1640 801 2162 916 rigoureux
2188 792 2510 870 contre
2552 809 2770 923 moj
2816 765 3258 909 conjuré,

954 921 1672 1047 Voulezs'i'ous
1712 970 1908 1086 que
1952 922 2304 1090 l'agiffe
2350 966 2476 1036 en
2490 920 2668 1079 fis
2716 927 3320 1087 defnaturé-

950 1098 1284 1207 Alais
1334 1093 1574 1247 aufi
1624 1090 2318 1258 voulel^vous
2370 1136 2562 1254 que
2562 1137 2692 1207 je
2738 1139 2904 1207 me
2940 1097 3238 1239 rçrnle
3270 1100 3684 1252 infâme,

955 1260 1116 1371 Et
1161 1303 1356 1419 que
1397 1301 1608 1369 mes
1653 1247 2169 1418 lafhetezj
2195 1254 2920 1377 abandonnent
2941 1309 3124 1377 ma
3145 1261 3542 1421 femme
3567 1278 3602 1366 ?

957 1426 1109 1537 Et
1133 1459 1291 1585 toj
1317 1431 1753 1585 pmjfant
1799 1432 2217 1538 Amour
2251 1430 2433 1588 qui
2477 1469 2813 1587 régnés
2867 1429 3129 1543 dans
3157 1476 3393 1545 mon
3441 1472 3687 1580 cœur
3705 1536 3735 1580 y

933 1592 1567 1703 Pourras-tu
1613 1585 1831 1704 bien
1859 1624 1955 1704 te
1979 1594 3091 1759 rendrefouffnrvn
3121 1622 3742 1764 vainqueur?

945 1764 1045 1869 O
1119 1761 1531 1915 Deftws
1577 1770 2027 1870 ennemis
2055 1760 2303 1872 dont
2329 1758 2431 1872 la
2479 1791 2881 1921 rigueur
2917 1767 3389 1928 moprejfe
3413 1788 3443 1864 /

929 1914 1231 2079 Quoy
1237 1937 1291 2031 ?
1259 1921 2005 2087 faut-ilperdre
2025 1964 2583 2084 vnpere,ou
2609 1923 2829 2043 bien
2857 1973 3069 2045 *ime
3105 1936 3742 2098 Maiflreffe?

934 2090 1094 2201 Et
1118 2073 1380 2201 dans
1426 2087 1514 2199 le
1564 2091 1828 2256 trife
1882 2092 2130 2256 ejiat
2168 2136 2342 2248 qui
2392 2138 2552 2203 me
2604 2129 2812 2207 met
2858 2141 3070 2209 aux
3120 2093 3444 2228 abois,

934 2252 1642 2415 Croyezs-vous
1686 2296 2012 2416 quvn
2062 2248 2340 2412 ejprit
2370 2263 2668 2415 puiffe
2684 2255 2970 2415 faire
3016 2301 3112 2371 ce
3162 2259 3442 2374 choix
3472 2272 3512 2360 ?

938 2424 1242 2581 Guy,
1268 2413 1654 2577 malgré
1686 2460 1916 2528 mon
1966 2462 2350 2548 amour,
2380 2419 2774 2577 malgré
2812 2465 2990 2535 ma
3024 2423 3440 2578 jaloufie
3480 2514 3512 2556 ,

924 2581 1380 2743 Inuifible
1428 2579 1904 2697 bourreau
1950 2582 2072 2696 de
2112 2586 2420 2740 nofire
2448 2584 2986 2743 fantaife,

925 2750 1102 2861 La
1153 2753 1588 2863 Nature
1645 2745 2190 2906 l'emporte,
2225 2776 2366 2894 &
2411 2790 2512 2858 ce
2545 2757 2980 2907 premier
3025 2749 3368 2864 deuoir

925 2916 1341 3027 Comme
1383 2915 1703 3073 efiant
1755 2910 1843 3024 le
1865 2908 2107 3072 .plus
2149 2914 2443 3068 iufie,
2477 2956 2545 3025 a
2591 2909 2679 3025 le
2725 2913 2947 3067 [dus
2993 2913 3117 3025 de
3161 2951 3575 3075 pouuoir
3587 2964 3623 3026 :

921 3083 1339 3235 Arrefte
1393 3075 2489 3236 mal-heureux,garde
2537 3073 2757 3189 bien
2807 3077 3591 3239 d'entreprendre

933 3250 1073 3359 Ce
1121 3241 1641 3405 detefable
1689 3254 2225 3404 coup,puis
2287 3288 2481 3404 que
2511 3246 2601 3357 ie
2651 3285 2811 3355 me
2855 3287 3143 3357 veux
3173 3244 3555 3356 rendre.

1790 3499 2909 3619 OROSMANE.

930 3754 1440 3907 Etgrane,
1464 3743 1836 3905 ofes-tu
1896 3742 2118 3860 bien
2160 3778 2362 3906 par
2400 3779 2846 3875 crainte,
2870 3781 3206 3909 oupar
3226 3746 3514 3908 pitié,

928 3922 1156 4033 Aie
1126 3911 1324 4077 fri
1300 3913 1482 4071 fer
1504 3913 1626 4031 la
1668 3946 2028 4044 vertu,
2050 3912 2442 4074 plufiof
2476 3955 2670 4073 que
2716 3909 3140 4027 l'amitié
3160 3937 3198 4029 t

934 4088 1068 4199 T
1062 4087 1534 4199 aurais-ie
1550 4079 1780 4239 fait
1826 4126 1986 4196 vn
2032 4122 2288 4192 cœur
2324 4073 2718 4240 capable
2760 4077 2886 4191 de
2902 4075 3332 4240 foiblejfe
3358 4100 3394 4192 t

942 4253 1364 4405 Ofes-tu
1397 4283 1934 4413 prononcer
1974 4290 2072 4360 ce
2122 4244 2540 4406 dtfcours
2589 4249 2770 4407 qui
2812 4289 2976 4357 me
3020 4241 3284 4407 bleffe
3310 4268 3348 4358 ?

929 4428 1013 4533 S
995 4413 1295 4573 fâche
1349 4461 1543 4577 que
1599 4459 1831 4532 mon
1879 4408 2153 4576 efrït
2197 4456 2317 4528 ne
2349 4445 2591 4576 peut
2625 4409 3025 4573 fouffnr
3063 4449 3179 4529 ta
3223 4412 3499 4534 vois,

933 4576 1157 4725 Qui
1203 4617 1459 4697 veut
1485 4581 1767 4739 faire
1797 4626 2011 4698 vne
2039 4584 2361 4718 injure
2411 4620 2549 4692 au
2567 4577 2853 4739 fang
2875 4575 2997 4691 de
3023 4609 3255 4693 tant
3279 4572 3399 4686 de
3433 4576 3689 4686 Rois
3705 4660 3721 4678 .

925 4749 1293 4881 Tarie,
1321 4779 1607 4863 as-tu
1651 4748 2189 4914 remarqué
2219 4792 2411 4912 que
2457 4754 2791 4863 iaime
2845 4751 3127 4907 ajfe&
3159 4741 3265 4855 la
3309 4782 3489 4852 vie
3517 4826 3551 4868 ,

923 4922 1229 5035 Tour
1271 4913 1725 5033 craindre
1771 4916 2367 5076 lafchement
2407 4913 2747 5080 qu'elle
2789 4909 3175 5071 me/bit
3209 4950 3489 5024 rame
3521 4926 3557 5020 ?
