4267 5575
873 241 923 318 6

1742 244 1836 337 D
1906 243 1945 336 I
2012 244 2065 338 S
2128 250 2212 344 C
2270 254 2366 351 O
2423 259 2518 356 V
2581 268 2674 364 R
2731 266 2784 360 S

972 364 1314 464 Tyridate
1354 394 1564 467 ayant
1614 374 1848 448 réduit
1876 382 2213 483 Tygranc
2262 398 2335 465 8c
2372 395 2731 494 Polyxene
2784 404 2957 485 dans
3006 417 3277 498 Amafie
3313 480 3334 515 »
3375 428 3748 546 l'emporte

861 461 1178 541 d'assaut.
1233 470 1341 542 Ce
1387 471 1553 544 n’efl
1586 500 1711 575 pas
1743 476 2037 565 allez,il
2073 486 2230 561 faut
2264 493 2447 593 qu’il
2481 506 2576 571 ait
2609 506 2786 578 celle
2815 509 3076 593 femme
3112 532 3186 598 &
3220 553 3298 598 ce
3334 559 3521 636 mary
3564 596 3583 628 ,
3619 575 3745 649 qui

858 563 1018 636 font
1068 566 1163 637 les
1198 571 1473 644 obicCts
1508 575 1593 644 de
1636 573 1699 647 fa
1738 576 1947 655 haine
1984 591 2055 658 8c
2092 587 2179 661 de
2210 590 2335 666 fon
2380 614 2668 692 amour,
2714 616 2789 681 8c
2823 613 2923 690 les
2973 624 3207 699 causes
3243 628 3331 701 de
3365 634 3426 705 la
3474 667 3741 742 guerre.

857 667 972 737 Au
1003 652 1260 742 raéfme
1293 671 1544 744 inftant
1583 673 1646 745 le
1683 678 1823 752 mal
1859 682 2032 758 heur
2071 688 2158 761 de
2197 720 2310 766 ces
2341 694 2612 777 fidellcs
2649 712 2910 788 Amans
2950 721 3046 794 les
3076 721 3204 799 fait
3238 737 3515 812 tomber
3538 773 3735 829 entre

858 761 957 836 fes
988 773 1253 849 mains;
1294 798 1369 839 ce
1404 771 1570 843 n’cft
1599 800 1721 875 pas
1740 806 1995 858 encore
2026 791 2203 862 allez
2233 820 2417 894 pour
2438 799 2503 873 fa
2538 804 2842 898 félicité,
2877 818 2981 892 s’il
3015 849 3099 896 ne
3136 830 3418 932 possédé
3447 844 3735 926 Polvxe-

861 873 989 951 nc,
1037 875 1106 940 8c
1153 867 1249 937 s’il
1289 896 1374 942 ne
1403 870 1528 944 fait
1559 887 1832 957 mourir
1857 882 1978 958 fon
2003 916 2196 992 mary
2226 921 2244 977 ;
2285 897 2370 968 de
2391 898 2570 975 forte
2600 912 2778 1008 qu’il
2812 916 2874 993 (é
2906 924 3139 1001 refont
3172 932 3208 1003 à
3232 958 3343 1005 ces
3366 941 3732 1043 violences,

858 971 932 1037 &
970 991 1079 1037 ces
1098 967 1283 1040 deux
1310 973 1571 1047 Amans
1606 976 1648 1049 à
1672 980 1737 1051 la
1770 1010 1961 1059 mort
2012 1018 2031 1061 :
2066 998 2399 1099 Tygranc
2447 1004 2797 1086 demande
2827 1019 2924 1094 du
2976 1028 3218 1125 poifoti
3269 1035 3309 1106 à
3343 1033 3406 1109 fa
3437 1038 3727 1145 femme,

855 1063 986 1137 elle
1019 1064 1134 1162 luy
1173 1096 1260 1142 en
1291 1096 1566 1172 enuoye
1600 1136 1619 1165 ,
1663 1083 2006 1181 Tyridate
2044 1094 2106 1166 le
2140 1094 2481 1203 surprend
2516 1117 2537 1200 ,
2580 1118 2652 1185 8c
2689 1141 2811 1216 par
2842 1148 2939 1195 vn
2970 1126 3171 1204 billet
3202 1139 3344 1209 mal
3380 1148 3724 1253 expliqué,

854 1191 1151 1262 croyant
1179 1197 1321 1265 que
1350 1174 1508 1247 c’cft
1540 1176 1801 1258 àfa\*ic
1833 1215 1971 1288 que
1999 1192 2141 1271 l’on
2159 1225 2247 1274 en
2269 1219 2482 1294 veut,
2521 1220 2589 1285 8c
2629 1217 3030 1318 changeant
3053 1228 3178 1306 fon
3203 1263 3456 1316 amour
3475 1273 3556 1322 en
3576 1256 3725 1331 hai¬

847 1289 934 1336 ne
972 1319 991 1349 ,
1029 1267 1081 1338 il
1113 1267 1422 1347 délibéré
1453 1278 1540 1352 de
1559 1279 1654 1356 les
1676 1282 1848 1362 faire
1886 1305 2203 1386 mourir;
2268 1306 2322 1379 Il
2354 1308 2447 1406 s’y
2494 1314 2773 1404 refout;
2798 1326 2854 1396 Il
2892 1354 2977 1400 en
3019 1361 3383 1435 prononce
3415 1344 3716 1451 l’Arrcft;

842 1364 1063 1440 Voila
1086 1394 1161 1445 ce
1188 1400 1295 1445 me
1336 1374 1593 1456 semble
1625 1383 1685 1459 le
1719 1388 1999 1469 dernier
2028 1406 2322 1501 période
2355 1414 2444 1484 cie
2473 1413 2799 1507 i’aCfcion,
2833 1454 2920 1502 au
2965 1434 3142 1536 deçà
3186 1441 3456 1543 duquel
3480 1453 3603 1527 elle
3638 1486 3723 1533 ne

837 1461 1104 1541 deuoit
1130 1497 1252 1573 pas
1282 1474 1630 1557 s’arrefter
1660 1497 1682 1574 ;
1736 1498 1806 1564 8c
1848 1520 1934 1566 au
1966 1499 2126 1574 delà
2148 1507 2420 1609 duquel
2450 1516 2583 1590 elle
2620 1547 2707 1594 ne
2741 1541 3053 1628 pouuoir
3099 1565 3221 1639 pas
3265 1550 3548 1626 croiftrc
3579 1557 3722 1635 fans

834 1566 1009 1640 cftre
1043 1571 1361 1678 changée
1397 1634 1418 1665 ,
1459 1592 1535 1660 &
1573 1591 1733 1662 c’eft
1763 1593 1825 1665 là
1859 1599 2029 1673 auiïi
2064 1632 2206 1704 que
2223 1609 2286 1683 le
2309 1616 2530 1691 Poète
2567 1620 2632 1692 la
2659 1634 2952 1705 termine
2996 1643 3017 1721 ,
3060 1645 3130 1712 8c
3173 1668 3316 1744 que
3342 1647 3405 1721 le
3436 1650 3613 1728 frere
3640 1663 3725 1732 de

830 1668 1194 1768 Polyxene
1229 1686 1358 1778 qui
1394 1680 1736 1791 surprend
1766 1695 1825 1768 le
1848 1700 2128 1797 Tyran,
2152 1709 2427 1818 change
2462 1717 2525 1790 le
2556 1725 2915 1807 mal-heur
2949 1735 3037 1810 de
3061 1765 3175 1816 ces
3215 1754 3480 1826 Amans
3507 1784 3594 1829 en
3623 1786 3722 1833 vn

825 1771 857 1838 f
865 1772 1155 1871 upréme
1177 1779 1569 1873 bon-heur,
1623 1801 1695 1869 &
1725 1794 1792 1870 la
1817 1799 2083 1878 félicité
2103 1810 2186 1883 de
2207 1817 2316 1912 Ty
2331 1818 2654 1896 ridat<fen
2676 1853 2766 1902 vn
2790 1836 3151 1916 mal-heur
3170 1850 3522 1952 inefpcré,
3546 1858 3714 1939 d’où

833 1895 1182 1966 pourtant
1212 1881 1258 1952 il
1290 1883 1470 1978 fort,
1501 1917 1627 1991 par
1674 1897 1741 1971 la
1788 1911 2369 2009 recognoifiance
2403 1921 2489 1995 de
2523 1923 2621 1999 fes
2651 1924 2885 2010 fautes
2921 1949 2944 2030 ,
2981 1951 3054 2018 £c
3096 1974 3222 2049 par
3273 1951 3338 2027 la
3375 1957 3595 2033 bonté
3625 1960 3712 2037 de

815 1992 998 2044 ceux
1018 1977 1195 2076 qu’il
1229 1993 1426 2061 auoit
1453 1996 1902 2078 iniuftement
1926 2005 2261 2089 olfcnfcz.

904 2077 977 2143 le
1012 2100 1099 2147 ne
1139 2080 1331 2178 parle
1369 2095 1575 2187 point
1622 2099 1729 2190 icy
1774 2103 2249 2184 d’Oroimane
2293 2172 2314 2202 ,
2353 2149 2442 2220 ny
2491 2129 2890 2212 d’Ormene
2926 2197 2945 2227 ,
2982 2172 3178 2247 quoy
3212 2179 3352 2249 que
3383 2183 3496 2228 ces
3527 2157 3710 2237 deux

796 2170 1188 2269 personnes
1221 2179 1496 2259 feruent
1541 2189 1920 2300 beaucoup
1961 2204 2001 2275 à
2039 2210 2288 2291 rendre
2326 2217 2392 2291 la
2423 2231 2779 2323 grandeur
2832 2240 2919 2315 de
2952 2246 3127 2319 ceftc
3162 2254 3515 2354 Tragédie
3551 2262 3711 2361 plus

804 2275 1193 2375 complctte
1226 2290 1244 2363 ,
1298 2291 1371 2352 8c
1403 2289 1613 2382 qu’ils
1660 2292 1897 2364 faccnt
1940 2323 2073 2371 v.ne
2105 2317 2327 2403 partie
2361 2334 2746 2422 principale
2789 2337 2874 2407 de
2901 2344 3018 2412 fon
3051 2345 3538 2428 dénouement
3570 2369 3591 2443 ,
3633 2371 3710 2435 8c

805 2366 896 2440 de
935 2370 1000 2446 fa
1053 2386 1452 2456 connexion
1486 2413 1508 2470 ;
1573 2387 1734 2462 c’cfl:
1773 2417 1864 2465 vn
1898 2395 2130 2499 plaifir
2160 2430 2302 2505 que
2348 2417 2408 2485 ie
2434 2417 2704 2495 rcfcruc
2746 2452 2881 2502 aux
2920 2437 3255 2513 LcCteurs
3296 2454 3441 2521 fans
3461 2477 3503 2549 y
3524 2477 3690 2529 tou¬

798 2468 969 2545 cher
996 2481 1016 2558 ,
1060 2482 1133 2551 8c
1181 2487 1314 2581 qui
1344 2483 1493 2557 leur
1528 2484 1673 2565 fera
1710 2518 2123 2605 remarquer
2157 2513 2493 2592 combien
2539 2519 2695 2598 font
2731 2531 3155 2635 ingénieux,
3193 2543 3502 2625 l'artifice
3526 2561 3595 2631 &
3628 2557 3696 2633 la

811 2575 1190 2652 conduitte
1207 2591 1235 2627 /
1223 2583 1320 2656 du
1365 2592 1623 2665 Poète.
2931 2689 2966 2722 ,

880 2679 1139 2753 Certes
1193 2687 1454 2782 quand
1500 2696 1563 2764 ie
1605 2699 1967 2779 confidere
2003 2707 2066 2783 la
2099 2717 2477 2818 régularité
2529 2753 2698 2804 aucc
2733 2733 3040 2835 laquelle
3089 2747 3264 2819 ceftc
3311 2756 3546 2831 aCUon
3596 2765 3694 2835 cft

798 2780 1052 2878 portée
1079 2781 1360 2886 iufques
1390 2786 1429 2859 à
1472 2789 1592 2867 fon
1630 2796 1911 2878 dernier
1943 2817 2274 2911 période,
2316 2822 2364 2890 il
2400 2823 2551 2898 faut
2581 2856 2727 2928 que
2760 2838 2823 2904 ie
2870 2838 3177 2916 confesse
3215 2874 3357 2950 que
3383 2857 3523 2927 i’en
3555 2856 3691 2933 fuis

796 2887 1012 2977 rauy,
1049 2888 1123 2955 8c
1157 2909 1297 2987 que
1329 2893 1391 2962 ie
1427 2892 1541 2965 die
1568 2901 2004 2997 qu’Ariftore
2041 2914 2150 2988 n’a
2184 2946 2308 3020 pas
2329 2929 2564 3002 mieux
2597 2932 2961 3040 enseigné,
3004 2970 3150 3043 que
3198 2953 3560 3031 Monfieur
3594 2960 3686 3036 de

788 2979 1106 3082 Scudery
1142 3013 1182 3058 a
1222 2985 1420 3091 fuiuy
1472 3003 1913 3082 exactement
1948 3012 2041 3088 fes
2087 3043 2484 3123 préceptes.

869 3083 969 3152 La
1001 3083 1301 3164 seconde
1337 3097 1524 3199 règle
1554 3128 1696 3203 que
1725 3109 1786 3179 le
1827 3114 2254 3224 Philosophe
2291 3125 2476 3204 laisse
2518 3193 2539 3224 ,
2574 3163 2760 3238 pour
2794 3141 2862 3215 la
2887 3148 3240 3244 grandeur
3278 3154 3365 3229 de
3402 3160 3467 3232 la
3494 3163 3681 3237 Tra¬

781 3183 1023 3281 gédie»
1060 3188 1154 3261 eft
1188 3193 1363 3268 celle
1399 3225 1541 3298 que
1572 3230 1703 3280 nos
1754 3214 2261 3323 Dramatiques
2303 3234 2661 3331 appellent
2695 3240 2821 3314 des
2857 3253 3346 3348 vingt-quatre
3391 3260 3668 3350 heures,

785 3280 1108 3362 d’autant
1144 3317 1286 3391 que
1325 3295 1612 3377 l’aétion
1639 3306 1698 3380 fe
1722 3314 1908 3414 passe
1941 3319 2114 3394 dans
2143 3324 2206 3394 le
2236 3350 2462 3428 temps
2486 3388 2507 3419 »
2548 3344 2620 3410 &
2641 3363 2784 3436 que
2814 3340 3002 3416 félon
3024 3349 3085 3420 le
3122 3375 3349 3457 temps
3367 3360 3540 3460 qu’il
3560 3363 3677 3462 luy

776 3378 935 3457 faut
973 3414 1161 3489 pour
1196 3396 1596 3493 s’achcuer,
1642 3410 1773 3484 elle
1801 3441 1971 3512 peut
1997 3425 2548 3525 cftreappellée,
2587 3465 2679 3506 ou
2698 3442 3004 3540 grande,
3033 3478 3124 3524 ou
3160 3463 3419 3554 petite,
3443 3489 3534 3535 ou
3557 3492 3678 3537 cx-

773 3484 1030 3558 ccftiue
1059 3519 1080 3571 ;
1103 3497 1282 3567 cesse
1319 3502 1508 3596 règle
1545 3507 1583 3575 à
1617 3530 1694 3576 ce
1722 3533 1866 3608 que
1899 3540 2066 3593 veut
2098 3522 2447 3613 Ariftote,
2484 3560 2522 3605 a
2554 3534 2690 3607 cfté
2728 3546 3031 3619 trouuéc
3064 3602 3083 3632 ,
3127 3580 3309 3653 pour
3350 3562 3665 3666 loulager

776 3584 847 3655 la
872 3594 1213 3660 mémoire
1254 3589 1375 3668 des
1396 3599 1888 3703 Spectateurs,
1933 3625 2007 3691 8c
2043 3647 2323 3698 comme
2361 3630 2459 3703 les
2495 3638 3228 3744 aCtionsdcplufiturs
3263 3658 3541 3748 années,
3563 3693 3660 3740 ou

775 3682 864 3755 de
898 3685 1234 3787 plufieurs
1263 3699 1497 3786 iours,
1537 3717 1860 3787 auroient
1890 3745 1980 3791 eu
2022 3746 2181 3829 trop
2212 3728 2615 3812 d’cftenduc
2648 3791 2669 3824 ,
2708 3739 3013 3843 de,forte
3051 3779 3187 3853 que
3224 3757 3289 3829 la
3318 3771 3653 3840 mémoire

770 3810 867 3857 ne
900 3788 995 3860 les
1042 3797 1188 3865 euft
1221 3824 1345 3897 pas
1371 3828 1509 3904 peu
1545 3820 1805 3887 retenir
1835 3816 1987 3895 fans
2019 3826 2279 3921 effort,
2325 3839 2403 3907 8c
2448 3838 2656 3937 qu’au
2703 3857 3046 3923 contraire
3085 3855 3292 3929 celles
3329 3862 3414 3935 de
3452 3866 3655 3965 quel¬

764 3910 948 3985 ques
993 3889 1244 3970 heures
1283 3926 1372 3974 ne
1422 3906 1800 3989 l’auroienc
1831 3946 1957 4022 pas
1990 3927 2171 4003 assez
2204 3937 2519 4039 occupée
2563 3969 2585 4025 ;
2620 3946 2675 4014 ie
2716 3945 3141 4056 Philosophe
3178 3985 3217 4029 a
3248 3965 3408 4063 iugé
3432 3963 3472 4034 à
3493 3993 3652 4068 pro¬

767 4014 907 4089 pos
954 3989 1375 4076 d’enfermer
1411 4008 1477 4082 la
1502 4018 1858 4116 grandeur
1891 4024 1978 4099 de
2023 4028 2314 4108 l’aCtion
2377 4039 2550 4114 dans
2581 4043 2870 4148 l’efpacc
2907 4051 3116 4127 d’vnc
3173 4065 3460 4136 iouincc
3496 4074 3519 4151 »
3570 4076 3648 4142 &c

764 4091 1006 4165 •voulu
1032 4120 1174 4194 que
1208 4101 1306 4174 les
1328 4109 1755 4194 éuenemens
1787 4132 1916 4225 qui
1949 4142 2369 4233 pourroient
2406 4149 2669 4219 arriuer
2703 4172 2901 4224 entre
2929 4154 3115 4230 deux
3161 4162 3456 4256 Soleils,
3493 4161 3640 4241 fuf-

761 4186 911 4262 fent
933 4191 1031 4266 les
1049 4197 1197 4274 limi
1209 4228 1311 4277 tes
1333 4207 1418 4282 de
1437 4214 1498 4288 la
1519 4223 1897 4327 Tragedie.

838 4294 932 4366 Et
964 4322 1223 4390 certes,
1250 4333 1455 4387 outre
1484 4318 1541 4392 le
1566 4332 1822 4403 trauail
1846 4339 1917 4404 8c
1958 4334 2357 4417 l’attention
2391 4347 2573 4445 qu’il
2605 4353 2751 4427 euft
2789 4354 2959 4433 fallu
2993 4387 3362 4468 apporter.
3407 4369 3447 4440 à
3473 4376 3634 4446 voir

751 4394 1188 4495 reprefenter
1251 4407 1348 4482 les
1393 4421 1666 4501 aCtions
1719 4431 1806 4504 de
1840 4436 2174 4530 plufieurs
2224 4447 2535 4534 années,
2601 4459 2730 4554 qui
2778 4459 3038 4538 eullcnt
3074 4468 3358 4541 troublé
3386 4470 3451 4542 la
3486 4499 3633 4546 mé¬

754 4504 981 4571 moire
1002 4499 1123 4575 des
1156 4512 1541 4603 Auditeurs
1631 4537 1703 4604 8c
1739 4534 1903 4611 lassé
1937 4540 2085 4615 leur
2116 4549 2441 4649 patiencç
2469 4604 2492 4635 ,
2549 4579 2622 4627 ce
2667 4562 2970 4636 n’auroit
3010 4568 3164 4664 plus
3197 4570 3339 4643 cfté
3373 4599 3464 4645 vn
3501 4578 3634 4648 Art

744 4622 890 4695 que
913 4599 998 4674 de
1023 4610 1390 4712 compofer
1407 4624 1528 4693 des
1548 4630 1961 4734 Tragédies,
1988 4652 2115 4719 hes
2136 4648 2465 4751 Episodes
2499 4661 2931 4757 qu’Ariftote
2954 4667 3269 4741 confesse
3300 4670 3348 4743 fi
3368 4670 3627 4757 fort,5c

743 4699 928 4801 qu’il
954 4700 1109 4788 faut
1146 4719 1415 4794 traîner
1435 4721 1488 4798 fi
1525 4725 2061 4848 dchcatemcnr,
2088 4757 2522 4846 çnauroient
2549 4758 2691 4836 efté
2725 4762 3023 4855 bannis,
3053 4769 3103 4843 il
3141 4772 3446 4850 n’auroit
3466 4776 3622 4882 plus
