4267 5579
1233 254 1770 371 DELA
1841 244 2842 360 TRAGEDIE.
3342 287 3382 371 ;

1262 411 1340 485 ils
1376 412 1744 507 croyoicnt
1788 405 1990 477 auoir
2022 392 2152 469 fait
2188 420 2282 471 vn
2322 390 2666 467 excellent
2712 390 2982 466 Poëmc
3022 383 3378 461 Dramati¬

496 560 669 644 que
1504 659 1536 677 ■■
1700 658 1882 677 -
1898 604 2030 705 fojl
2045 604 2160 676 hoc

1269 721 1479 819 fccuri
1507 724 1697 799 cadat
1737 747 1823 791 an
1855 711 2013 788 rctlo
2034 708 2147 810 (lot
2180 700 2421 801 fabula
2453 706 2599 776 talo.

576 937 791 1010 Nous
829 957 1049 1012 Liions
1083 930 1255 1005 cette
1291 923 1753 1028 obligation!
1798 912 2163 994 Monfieur
2206 908 2513 983 Mairct,
2551 902 2727 1008 qu’il
2763 929 2801 976 a
2837 900 3051 976 eftcle
3085 905 3383 1005 premier

508 1063 634 1138 qui
672 1062 710 1105 a
742 1045 880 1136 pris
903 1038 1040 1112 foin
1079 1028 1488 1131 dedifpofer
1519 1027 1848 1106 l'aâion;
1886 1021 2014 1118 qui
2045 1040 2084 1084 a
2123 1033 2384 1085 ouucrt
2413 1007 2476 1077 le
2507 1007 2792 1080 chemin
2833 1028 2970 1075 aux
3021 1028 3378 1107 ouurages

509 1136 845 1238 réguliers
881 1166 1001 1241 par
1034 1133 1099 1209 fa
1126 1131 1507 1211 Sihunire,
1534 1135 1595 1199 5c
1633 1151 1759 1226 qui
1790 1150 1829 1193 a
1866 1115 2147 1192 ramené
2176 1113 2241 1185 la
2264 1106 2549 1193 maiçfté
2574 1107 2663 1179 de
2684 1106 2751 1178 la
2770 1103 3119 1206 Tragedie
3155 1154 3175 1186 ,
3206 1105 3389 1176 dan»

513 1238 578 1310 fa
611 1238 1052 1338 Sophonilbe
1086 1295 1106 1321 ,
1159 1237 1374 1310 eftanc
1435 1255 1594 1323 vray
1625 1230 1710 1298 de
1749 1225 1892 1294 dire
1927 1217 2014 1289 de
2051 1216 2212 1311 luy,
2233 1209 2410 1313 qu’il
2445 1208 2700 1305 clfnay
2737 1230 2920 1310 pour
2949 1206 3012 1278 la
3041 1202 3270 1307 gloire
3301 1204 3394 1275 de

512 1343 747 1414 noftte
774 1340 1035 1424 Sicde,
1076 1340 1251 1411 &de
1282 1335 1341 1403 la
1380 1336 1425 1402 P
1478 1327 1611 1401 ëfic
1654 1325 1739 1398 de
1778 1321 2007 1398 nottce
2046 1319 2341 1394 Nation.
2414 1312 2527 1381 Vn
2574 1334 2709 1409 peu
2742 1330 2943 1409 apres
2974 1306 3117 1377 l’on
3158 1330 3397 1405 ieprc-

515 1440 710 1514 fenta
761 1470 928 1516 auec
973 1428 1588 1539 applaudiffcment
1621 1428 1684 1500 la
1719 1448 1906 1499 mort
1943 1421 2028 1493 de
2061 1413 2330 1496 Cæfar,
2365 1409 2454 1485 de
2501 1408 2874 1482 Monfieur
2915 1404 3002 1476 de
3045 1405 3392 1497 Scudery;

518 1545 787 1620 Poème
814 1546 1307 1618 certainement
1334 1524 1853 1633 incomparable
1886 1547 1975 1596 en
2020 1518 2137 1594 fon
2172 1518 2408 1618 elpece
2444 1518 2465 1595 ,
2508 1518 2580 1582 5c
2616 1512 2742 1611 qui
2776 1507 2924 1580 fans
2952 1506 3180 1578 doute
3202 1505 3266 1580 le
3302 1504 3400 1579 fe¬

521 1668 598 1714 ra
625 1642 1004 1724 toujours»
1025 1661 1176 1712 tant
1203 1638 1268 1708 la
1299 1633 1494 1711 force
1515 1635 1636 1707 des
1667 1624 1988 1732 penfées,
2013 1630 2085 1699 ôc
2121 1621 2185 1694 la
2221 1612 2729 1716 magnificence
2765 1609 2889 1682 des
2923 1631 3077 1679 vers
3107 1606 3205 1689 ,1e
3231 1630 3399 1677 ren¬

524 1744 696 1815 dent
720 1744 925 1846 digne
952 1739 1119 1814 delà
1146 1738 1524 1814 maieftéde
1548 1737 1612 1809 la
1636 1729 1864 1806 vieille
1908 1731 2136 1802 Rome
2168 1727 2191 1807 ,
2232 1726 2306 1795 Sc
2338 1738 2492 1790 tant
2518 1711 2570 1784 il
2606 1712 2702 1783 ett
2748 1706 3056 1807 régulier
3084 1734 3170 1779 en
3206 1728 3402 1779 toute

523 1842 645 1916 fon
669 1868 1075 1916 oeconomic.
1107 1846 1381 1944 Depuis
1411 1865 1543 1910 eux
1583 1896 1597 1912 ,
1641 1831 1993 1932 quelques
2025 1851 2151 1898 vus
2183 1823 2267 1897 de
2299 1845 2429 1897 nos
2473 1813 2843 1890 Authcurs
2881 1832 3135 1906 ,ayans
3169 1812 3407 1910 appris

522 1942 692 2016 dans
714 1944 1094 2018 vneeftuJc
1118 1944 1276 2045 plus
1302 1936 1640 2019 exaâede
1668 1940 1688 2008 1
1720 1939 1834 2005 Ar.
1866 1915 2696 2023 Dramatique,combien
2722 1914 2784 1986 la
2818 1906 3244 1983 Fablecftoit
3266 1915 3408 1979 im¬

523 2067 851 2146 portante
895 2099 915 2129 ,
957 2054 1027 2120 &
1063 2042 1495 2117 absolument
1527 2035 1899 2113 neceflaiie
1935 2033 1969 2105 à
2005 2030 2065 2103 la
2097 2020 2493 2132 peifcéhon
2524 2017 2613 2090 de
2652 2015 2719 2088 la
2752 2007 3145 2108 Tragédie,
3199 2033 3285 2079 en
3316 2004 3413 2081 fin

528 2166 712 2218 nous
758 2171 886 2219 ont
914 2148 1150 2221 donné
1192 2144 1530 2244 plufieurs
1576 2144 1806 2215 beaux
1848 2140 2150 2208 Poèmes
2180 2133 2200 2213 ,
2229 2132 2304 2197 6c
2342 2117 2580 2219 réparé
2623 2108 3172 2187 heureufement
3217 2109 3406 2183 leur»

535 2270 865 2342 premiers
889 2242 1207 2318 Jeffauts.

617 2349 682 2411 le
722 2343 832 2413 me
863 2343 998 2413 fuit
1028 2369 1116 2410 vn
1150 2341 1598 2434 peueftendu
1631 2335 1740 2400 for
1771 2335 1868 2394 les
1893 2332 2228 2422 louanges
2259 2318 2350 2388 de
2387 2315 2450 2385 la
2489 2313 2696 2383 Fable
2740 2360 2760 2390 ,
2795 2334 3232 2409 auparavant
3271 2336 3420 2409 que

532 2436 691 2508 d’en
720 2436 893 2507 faire
920 2436 985 2506 la
1004 2432 1367 2507 recherche
1386 2432 1559 2500 dans
1588 2426 1951 2526 l’ouuragc
1982 2420 2069 2494 de
2098 2444 2271 2491 mon
2300 2442 2501 2513 amy,
2532 2409 2669 2482 afin
2700 2408 2789 2482 de
2832 2411 3179 2483 raonftrer
3222 2436 3423 2483 com¬

533 2536 698 2610 bien
725 2534 854 2610 elle
887 2529 1470 2608 eftoitnecelTaire
1506 2537 1526 2611 ,
1575 2536 1648 2603 6c
1691 2524 2024 2601 combien
2063 2522 2112 2594 il
2145 2522 2394 2595 mérite
2437 2514 2524 2589 de
2561 2509 2828 2618 gloire,
2881 2516 3042 2613 puis
3071 2511 3246 2613 qu’il
3269 2511 3352 2585 l’a
3371 2510 3422 2582 fi

532 2634 695 2710 bien
724 2634 1023 2730 traittée.

611 2737 896 2817 C’cftce
927 2765 1068 2841 que
1107 2745 1166 2815 ie
1195 2737 1522 2844 prétends
1555 2757 1960 2835 remarquer
1995 2728 2106 2802 fut
2147 2727 2272 2801 fon
2325 2743 2640 2822 ouurage
2675 2726 2694 2807 ,
2729 2726 2802 2790 6c
2829 2717 3423 2819 àquoyvncpar¬

542 2842 633 2912 tie
668 2839 751 2911 de
768 2866 843 2912 ce
876 2840 1205 2916 Discours
1238 2837 1381 2914 fera
1396 2837 1789 2941 employée.

621 2939 681 3011 Il
713 2940 807 3011 ett
857 2941 1242 3044 impofiible
1283 2944 1499 3039 qu’on
1533 2937 1745 3041 puitfe
1783 2935 2093 3038 appeller
2127 2957 2267 3006 vne
2303 2926 2511 3002 chofc
2559 2921 2735 2998 belle
2775 2973 2794 3006 ,
2855 2921 2899 2993 fi
2937 2917 3065 2992 elle
3109 2918 3219 2991 n’a
3259 2919 3421 2991 l’or¬

542 3040 664 3114 dre
692 3048 762 3115 &
790 3040 854 3116 la
880 3043 1230 3145 grandeur
1264 3044 1388 3143 qui
1422 3038 1576 3117 font
1608 3035 2084 3114 conucnables
2116 3041 2190 3108 &
2232 3024 2836 3135 proportionnées
2876 3022 2912 3095 à
2934 3022 2992 3094 fa
3026 3042 3296 3094 nature.
3334 3020 3436 3091 E»

545 3166 693 3216 tant
717 3140 867 3240 plus
895 3142 1025 3216 elle
1045 3143 1393 3247 approche
1421 3142 1509 3216 de
1539 3168 1617 3215 ce
1643 3138 1931 3240 période
1951 3139 2037 3211 de
2067 3134 2447 3238 grandeur,
2467 3151 2619 3200 tant
2641 3124 2799 3227 plus
2843 3122 2969 3195 elle
2989 3121 3085 3194 ett
3105 3119 3435 3223 parfaire;

552 3265 828 3314 comme
860 3266 944 3313 au
962 3248 1304 3316 contraire
1324 3244 1450 3315 elle
1470 3243 1566 3312 eft
1596 3242 1752 3340 plus
1776 3233 2220 3313 defeétueufe
2248 3233 2444 3334 ,plus
2482 3230 2612 3300 elle
2644 3223 3152 3322 s’encfloignc,
3178 3247 3276 3294 ou
3304 3246 3430 3323 pat

556 3338 841 3420 l'excès,
863 3366 951 3413 ou
979 3339 1489 3440 parlcdeffaut.
1521 3343 1653 3411 Les
1675 3338 1927 3440 grands
1949 3337 2273 3409 hommes
2312 3332 2469 3406 font
2488 3330 2757 3410 beaux,
2785 3328 2961 3398 mais
2978 3305 3083 3398 Tes
3100 3324 3331 3403 Nains
3358 3326 3435 3396 U

559 3440 658 3512 les
691 3436 1086 3514 Gcansfont
1111 3438 1496 3512 difformes.

640 3539 797 3611 lien
821 3539 917 3612 eft
944 3540 1027 3614 de
1059 3538 1309 3616 mcfmc
1346 3538 1517 3612 delà
1540 3537 1785 3623 Fable,
1807 3537 1933 3637 qui
1959 3533 2283 3607 contient
2302 3530 2363 3600 la
2385 3525 2739 3629 grandeur
2760 3525 2845 3594 de
2868 3525 2931 3593 la
2962 3529 3027 3592 T
3041 3523 3343 3621 ragedie,
3358 3528 3439 3594 2c

557 3669 834 3716 comme
867 3645 962 3717 les
997 3666 1202 3745 corps
1227 3665 1318 3712 ne
1339 3664 1652 3743 peuuent
1690 3641 1856 3712 ettre
1879 3635 2104 3710 beaux
2140 3689 2160 3721 ,
2193 3629 2342 3703 fans
2375 3629 2440 3701 la
2467 3622 2820 3730 grandeur
2862 3675 2882 3705 »
2941 3620 3028 3694 de
3065 3620 3320 3694 mefme
3367 3620 3436 3692 la

560 3747 909 3851 Tragédie
946 3772 1033 3818 ne
1064 3768 1229 3845 peut
1258 3743 1431 3818 ettre
1466 3740 1685 3824 belle,
1726 3741 1773 3813 fi
1796 3738 1925 3813 elle
1956 3734 2123 3809 n’eft
2162 3731 2471 3835 grande,
2498 3738 2571 3800 5c
2602 3725 2643 3797 fi
2672 3724 2803 3797 elle
2836 3723 3135 3795 n’arriue
3158 3722 3199 3792 à
3214 3747 3291 3794 ce
3314 3721 3435 3793 su¬

563 3855 794 3948 prême
831 3847 1114 3949 période
1133 3850 1256 3945 qui
1289 3843 1404 3943 luy
1423 3845 1522 3916 ett
1543 3850 1832 3944 propre.
1873 3850 1942 3914 6c
1983 3864 2068 3911 au
2103 3835 2264 3908 delà
2287 3826 2564 3933 duquel
2599 3825 2664 3899 fa
2695 3847 2944 3897 nature
2963 3846 3048 3896 ne
3083 3823 3206 3920 luy
3241 3821 3434 3897 souf¬

564 3951 795 4026 frirait
816 3973 935 4044 pas
960 3948 1045 4018 de
1074 3942 1285 4047 pattèr
1306 3945 1455 4019 fans
1472 3947 1641 4018 ettre
1658 3934 2127 4016 defeâueufe.

643 4051 862 4144 Quoy
905 4046 1330 4147 qu’Ariftote
1359 4041 2018 4119 laillclamefutedc
2047 4041 2222 4116 celte
2241 4035 2594 4141 grandeur
2611 4054 2698 4103 au
2721 4032 3076 4127 iugement
3107 4026 3232 4099 des
3259 4028 3439 4099 Poè¬

570 4178 669 4228 tes
700 4213 719 4241 ,
746 4149 905 4220 c'ett
926 4140 1269 4220 toutefois
1300 4170 1467 4217 auec
1488 4147 1573 4215 de
1592 4153 1929 4219 certaines
1950 4142 2171 4243 règles
2200 4142 2301 4215 où
2320 4137 2369 4210 il
2402 4139 2495 4211 les
2532 4133 2868 4206 reftraint.
2920 4130 2972 4200 Il
3006 4126 3212 4228 penfc
3240 4127 3432 4201 donc

567 4279 707 4354 que
735 4250 1017 4325 l’aâion
1051 4244 1606 4349 puill'ecroiflrc,
1643 4254 1717 4320 6c
1751 4246 1921 4317 ettre
1953 4244 2376 4324 continuée,
2425 4234 2707 4334 iufques
2741 4228 2777 4300 à
2819 4255 2893 4301 ce
2927 4229 3103 4326 qu’il
3141 4226 3269 4300 foit
3309 4228 3445 4298 ab¬

570 4357 918 4430 solument
946 4344 1314 4423 nécessaire
1346 4401 1366 4431 ,
1400 4346 1586 4421 félon
1610 4345 1866 4420 l’ordre
1900 4341 2018 4416 des
2056 4342 2296 4415 chofes
2326 4367 2466 4442 que
2504 4336 2646 4410 l’on
2684 4328 3118 4434 reprefente,
3162 4328 3279 4423 d’y
3322 4350 3444 4426 ap¬

585 4477 809 4550 porter
843 4453 903 4523 le
933 4452 1401 4553 changement
1429 4455 1553 4550 qui
1587 4474 1673 4521 en
1707 4449 1803 4521 ett
1831 4446 1893 4520 le
1933 4445 2211 4519 dernier
2233 4466 2489 4515 terme:
2513 4461 2789 4510 comme
2829 4433 3143 4532 lorsque
3179 4428 3241 4500 la
3263 4429 3445 4497 bon¬

596 4573 678 4620 ne
702 4554 974 4627 fortune
1010 4554 1072 4626 fc
1090 4554 1358 4647 change
1384 4578 1470 4622 en
1500 4548 1638 4621 mal
1676 4549 1894 4634 heur,
1926 4573 2018 4619 ou
2044 4573 2184 4646 que
2202 4545 2262 4617 le
2284 4540 2632 4614 mal-heur
2654 4534 2714 4609 fe
2742 4533 3014 4634 change
3034 4559 3118 4603 en
3153 4524 3442 4602 félicité.

694 4650 837 4720 Une
858 4653 1001 4727 faut
1029 4659 1229 4756 point
1246 4649 1515 4725 d’autre
1535 4651 1843 4753 exemple
1865 4675 2003 4750 que
2023 4650 2343 4722 l’Amour
2362 4643 2859 4739 Tyrannique,
2889 4657 3073 4735 pour
3105 4626 3439 4703 efclaircie

596 4746 770 4826 ccfte
799 4745 1144 4849 doftrinc,
1176 4762 1244 4830 6c
1280 4778 1460 4857 pour
1489 4745 1662 4829 faite
1706 4758 1858 4828 voir
1886 4775 2006 4854 par
2029 4748 2096 4823 là
2130 4746 2460 4824 combien
2480 4742 2528 4816 il
2548 4743 2638 4816 eft
2670 4735 2970 4844 régulier

2992 4837 3053 4910 /
3104 4835 3185 4934 i^
