<?xml version="1.0" encoding="UTF-8" standalone="yes"?>
<PcGts xmlns="http://schema.primaresearch.org/PAGE/gts/pagecontent/2013-07-15" xmlns:xsi="http://www.w3.org/2001/XMLSchema-instance" xsi:schemaLocation="http://schema.primaresearch.org/PAGE/gts/pagecontent/2013-07-15 http://schema.primaresearch.org/PAGE/gts/pagecontent/2013-07-15/pagecontent.xsd">
    <Metadata>
        <Creator></Creator>
        <Created>2019-01-04T18:47:23.635+01:00</Created>
        <LastChange>2019-07-24T15:39:50.465+02:00</LastChange>
        <Comments>
                Measurement unit: pixel
                PrimaryLanguage: English
                Language: FrenchStandard
                Producer: ABBYY FineReader Engine 11</Comments>
        <TranskribusMetadata docId="187497" pageId="7458051" pageNr="50" tsid="13101509" status="DONE" userId="10612" imgUrl="https://files.transkribus.eu/Get?id=IFZARUEYHWXRAUJMFHXXXNFX&amp;fileType=view" xmlUrl="https://files.transkribus.eu/Get?id=REAFQYMOIWWVPCFLFYBYESKB" imageId="2289679"/>
    </Metadata>
    <Page imageFilename="Scudery1639_Amour_btv1b8607044w_corrected_0050.png" imageWidth="4267" imageHeight="5671">
        <PrintSpace>
            <Coords points="2,0 4267,0 4267,5671 2,5671"/>
        </PrintSpace>
        <ReadingOrder>
            <OrderedGroup id="ro_1604223077297" caption="Regions reading order">
                <RegionRefIndexed index="0" regionRef="r_1_1"/>
                <RegionRefIndexed index="1" regionRef="r_2_1"/>
                <RegionRefIndexed index="2" regionRef="r_2_2"/>
                <RegionRefIndexed index="3" regionRef="region_1546624366203_1161"/>
                <RegionRefIndexed index="4" regionRef="r_3_1"/>
                <RegionRefIndexed index="5" regionRef="r_3_2"/>
                <RegionRefIndexed index="6" regionRef="r_3_3"/>
                <RegionRefIndexed index="9" regionRef="r_6_1"/>
            </OrderedGroup>
        </ReadingOrder>
        <TextRegion type="paragraph" id="r_1_1" custom="readingOrder {index:0;}">
            <Coords points="985,261 3511,261 3511,438 985,438"/>
            <TextLine id="tl_1" primaryLanguage="English" custom="readingOrder {index:0;}">
                <Coords points="986,262 3510,262 3510,437 986,437"/>
                <Baseline points="986,406 1034,406 1442,391 1766,387 1906,387 2050,383 3510,433"/>
                <Word id="w_w2aab1b1b2b1b1ab1" language="English" custom="readingOrder {index:0;}">
                    <Coords points="986,330 1034,330 1034,406 986,406"/>
                    <TextEquiv>
                        <Unicode>8</Unicode>
                    </TextEquiv>
                    <TextStyle fontFamily="Times New Roman" fontSize="10.0"/>
                </Word>
                <Word id="w_w2aab1b1b2b1b1b1b3" language="English" custom="readingOrder {index:1;}">
                    <Coords points="1210,275 1442,275 1442,391 1210,391"/>
                    <TextEquiv>
                        <Unicode>L’A</Unicode>
                    </TextEquiv>
                    <TextStyle fontFamily="Times New Roman" fontSize="9.0"/>
                </Word>
                <Word id="w_w2aab1b1b2b1b1b1c11" language="English" custom="readingOrder {index:2;}">
                    <Coords points="1474,271 1766,271 1766,395 1474,395"/>
                    <TextEquiv>
                        <Unicode>MO</Unicode>
                    </TextEquiv>
                    <TextStyle fontFamily="Times New Roman" fontSize="9.0"/>
                </Word>
                <Word id="w_w2aab1b1b2b1b1b1c17" language="English" custom="readingOrder {index:3;}">
                    <Coords points="1802,263 1906,263 1906,387 1802,387"/>
                    <TextEquiv>
                        <Unicode>V</Unicode>
                    </TextEquiv>
                    <TextStyle fontFamily="Times New Roman" fontSize="9.0"/>
                </Word>
                <Word id="w_w2aab1b1b2b1b1b1c21" language="English" custom="readingOrder {index:4;}">
                    <Coords points="1942,267 2050,267 2050,383 1942,383"/>
                    <TextEquiv>
                        <Unicode>R</Unicode>
                    </TextEquiv>
                    <TextStyle fontFamily="Times New Roman" fontSize="9.0"/>
                </Word>
                <Word id="w_w2aab1b1b2b1b1b1c25" language="English" custom="readingOrder {index:5;}">
                    <Coords points="2198,268 3510,268 3510,437 2198,437"/>
                    <TextEquiv>
                        <Unicode>TIRANNIQVE,</Unicode>
                    </TextEquiv>
                    <TextStyle fontFamily="Times New Roman" fontSize="9.0"/>
                </Word>
                <TextEquiv>
                    <Unicode>8 L’AMOVR TIRANNIQVE,</Unicode>
                </TextEquiv>
            </TextLine>
            <TextEquiv>
                <Unicode>8 L’AMOVR TIRANNIQVE,</Unicode>
            </TextEquiv>
        </TextRegion>
        <TextRegion type="paragraph" id="r_2_1" custom="readingOrder {index:1;}">
            <Coords points="1519,1642 3185,1642 3185,1822 1519,1822"/>
            <TextLine id="tl_2" primaryLanguage="English" custom="readingOrder {index:0;}">
                <Coords points="1520,1643 3184,1643 3184,1821 1520,1821"/>
                <Baseline points="1520,1811 3184,1809"/>
                <Word id="w_w2aab1b3b2b1b1ab1" language="English" custom="readingOrder {index:0;}">
                    <Coords points="1520,1643 3184,1643 3184,1821 1520,1821"/>
                    <TextEquiv>
                        <Unicode>DEVXIESME.</Unicode>
                    </TextEquiv>
                    <TextStyle fontFamily="Times New Roman" fontSize="13.0"/>
                </Word>
                <TextEquiv>
                    <Unicode>DEVXIESME.</Unicode>
                </TextEquiv>
                <TextStyle fontFamily="Times New Roman" fontSize="13.0"/>
            </TextLine>
            <TextEquiv>
                <Unicode>DEVXIESME.</Unicode>
            </TextEquiv>
        </TextRegion>
        <TextRegion type="paragraph" id="r_2_2" custom="readingOrder {index:2;}">
            <Coords points="1187,1973 3581,1973 3581,2437 1187,2437"/>
            <TextLine id="tl_3" primaryLanguage="English" custom="readingOrder {index:0;}">
                <Coords points="1188,1974 3580,1974 3580,2125 1188,2125"/>
                <Baseline points="1188,2095 1748,2091 2008,2091 2132,2087 2216,2124 3580,2101"/>
                <Word id="w_w2aab1b3b2b3b1ab1" language="English" custom="readingOrder {index:0;}">
                    <Coords points="1188,1974 1748,1974 1748,2095 1188,2095"/>
                    <TextEquiv>
                        <Unicode>TIRID</Unicode>
                    </TextEquiv>
                    <TextStyle fontFamily="Times New Roman" fontSize="9.0"/>
                </Word>
                <Word id="w_w2aab1b3b2b3b1ac13" language="English" custom="readingOrder {index:1;}">
                    <Coords points="1784,1975 2008,1975 2008,2091 1784,2091"/>
                    <TextEquiv>
                        <Unicode>AT</Unicode>
                    </TextEquiv>
                    <TextStyle fontFamily="Times New Roman" fontSize="9.0"/>
                </Word>
                <Word id="w_w2aab1b3b2b3b1ac19" language="English" custom="readingOrder {index:2;}">
                    <Coords points="2040,1979 2132,1979 2132,2087 2040,2087"/>
                    <TextEquiv>
                        <Unicode>E</Unicode>
                    </TextEquiv>
                    <TextStyle fontFamily="Times New Roman" fontSize="9.0"/>
                </Word>
                <Word id="w_w2aab1b3b2b3b1b1b1" language="English" custom="readingOrder {index:3;}">
                    <Coords points="2180,2076 2216,2076 2216,2124 2180,2124"/>
                    <TextEquiv>
                        <Unicode>,</Unicode>
                    </TextEquiv>
                    <TextStyle fontFamily="Times New Roman" fontSize="7.5" italic="true"/>
                </Word>
                <Word id="w_w2aab1b3b2b3b1b2b3" language="English" custom="readingOrder {index:4;}">
                    <Coords points="2288,1984 3580,1984 3580,2105 2288,2105"/>
                    <TextEquiv>
                        <Unicode>PHARNABASE.</Unicode>
                    </TextEquiv>
                    <TextStyle fontFamily="Times New Roman" fontSize="9.0"/>
                </Word>
                <TextEquiv>
                    <Unicode>TIRIDATE, PHARNABASE.</Unicode>
                </TextEquiv>
            </TextLine>
            <TextLine id="tl_4" primaryLanguage="English" custom="readingOrder {index:1;}">
                <Coords points="1867,2303 3028,2303 3028,2436 1867,2436"/>
                <Baseline points="1867,2419 2076,2415 2232,2420 2332,2420 2504,2424 2676,2428 2852,2428 3027,2436"/>
                <Word id="w_w2aab1b3b2b3b3ab1" language="English" custom="readingOrder {index:0;}">
                    <Coords points="1867,2307 2076,2307 2076,2419 1867,2419"/>
                    <TextEquiv>
                        <Unicode>TI</Unicode>
                    </TextEquiv>
                    <TextStyle fontFamily="Times New Roman" fontSize="9.0"/>
                </Word>
                <Word id="w_w2aab1b3b2b3b3ab7" language="English" custom="readingOrder {index:1;}">
                    <Coords points="2127,2303 2232,2303 2232,2420 2127,2420"/>
                    <TextEquiv>
                        <Unicode>R</Unicode>
                    </TextEquiv>
                    <TextStyle fontFamily="Times New Roman" fontSize="9.0"/>
                </Word>
                <Word id="w_w2aab1b3b2b3b3ac11" language="English" custom="readingOrder {index:2;}">
                    <Coords points="2287,2308 2332,2308 2332,2420 2287,2420"/>
                    <TextEquiv>
                        <Unicode>I</Unicode>
                    </TextEquiv>
                    <TextStyle fontFamily="Times New Roman" fontSize="9.0"/>
                </Word>
                <Word id="w_w2aab1b3b2b3b3ac15" language="English" custom="readingOrder {index:3;}">
                    <Coords points="2383,2312 2504,2312 2504,2424 2383,2424"/>
                    <TextEquiv>
                        <Unicode>D</Unicode>
                    </TextEquiv>
                    <TextStyle fontFamily="Times New Roman" fontSize="9.0"/>
                </Word>
                <Word id="w_w2aab1b3b2b3b3ac19" language="English" custom="readingOrder {index:4;}">
                    <Coords points="2563,2316 2676,2316 2676,2428 2563,2428"/>
                    <TextEquiv>
                        <Unicode>A</Unicode>
                    </TextEquiv>
                    <TextStyle fontFamily="Times New Roman" fontSize="9.0"/>
                </Word>
                <Word id="w_w2aab1b3b2b3b3ac23" language="English" custom="readingOrder {index:5;}">
                    <Coords points="2731,2312 2852,2312 2852,2428 2731,2428"/>
                    <TextEquiv>
                        <Unicode>T</Unicode>
                    </TextEquiv>
                    <TextStyle fontFamily="Times New Roman" fontSize="9.0"/>
                </Word>
                <Word id="w_w2aab1b3b2b3b3ac27" language="English" custom="readingOrder {index:6;}">
                    <Coords points="2899,2308 3027,2308 3027,2436 2899,2436"/>
                    <TextEquiv>
                        <Unicode>E.</Unicode>
                    </TextEquiv>
                    <TextStyle fontFamily="Times New Roman" fontSize="9.0"/>
                </Word>
                <TextEquiv>
                    <Unicode>TIRIDATE.</Unicode>
                </TextEquiv>
                <TextStyle fontFamily="Times New Roman" fontSize="9.0"/>
            </TextLine>
            <TextEquiv>
                <Unicode>TIRIDATE, PHARNABASE.
TIRIDATE.</Unicode>
            </TextEquiv>
        </TextRegion>
        <TextRegion id="region_1546624366203_1161" custom="readingOrder {index:3;}">
            <Coords points="1579,2617 3848,2617 3848,3248 1579,3248"/>
            <TextLine id="line_1546624380597_1165" custom="readingOrder {index:0;}">
                <Coords points="1599,2619 3821,2631 3819,2809 1597,2797"/>
                <Baseline points="1596,2743 3818,2755"/>
                <Word id="word_1546624455752_1196" custom="readingOrder {index:0;}">
                    <Coords points="1601,2619 2080,2619 2080,2741 1601,2741"/>
                    <TextEquiv>
                        <Unicode></Unicode>
                    </TextEquiv>
                </Word>
                <Word id="word_1546624463713_1199" custom="readingOrder {index:1;}">
                    <Coords points="2084,2626 2181,2626 2181,2742 2084,2742"/>
                    <TextEquiv>
                        <Unicode></Unicode>
                    </TextEquiv>
                </Word>
                <Word id="word_1546624475915_1202" custom="readingOrder {index:2;}">
                    <Coords points="2174,2628 2403,2628 2403,2790 2174,2790"/>
                    <TextEquiv>
                        <Unicode></Unicode>
                    </TextEquiv>
                </Word>
                <Word id="word_1546624495227_1206" custom="readingOrder {index:3;}">
                    <Coords points="2421,2628 3048,2628 3048,2797 2421,2797"/>
                    <TextEquiv>
                        <Unicode></Unicode>
                    </TextEquiv>
                </Word>
                <Word id="word_1546624511335_1209" custom="readingOrder {index:4;}">
                    <Coords points="3067,2621 3181,2621 3181,2744 3067,2744"/>
                    <TextEquiv>
                        <Unicode></Unicode>
                    </TextEquiv>
                </Word>
                <Word id="word_1546624518865_1212" custom="readingOrder {index:5;}">
                    <Coords points="3183,2623 3496,2623 3496,2792 3183,2792"/>
                    <TextEquiv>
                        <Unicode></Unicode>
                    </TextEquiv>
                </Word>
                <Word id="word_1546624525383_1215" custom="readingOrder {index:6;}">
                    <Coords points="3512,2639 3820,2639 3820,2753 3512,2753"/>
                    <TextEquiv>
                        <Unicode></Unicode>
                    </TextEquiv>
                </Word>
                <TextEquiv>
                    <Unicode>NFIN ie ſuis vainqueur, la gloire m'en¬</Unicode>
                </TextEquiv>
            </TextLine>
            <TextLine id="line_1546624389381_1170" custom="readingOrder {index:1;}">
                <Coords points="1732,2794 2220,2794 2218,2916 1730,2916"/>
                <Baseline points="1731,2906 2213,2906"/>
                <Word id="word_1546624432370_1187" custom="readingOrder {index:0;}">
                    <Coords points="1736,2794 2216,2795 2216,2915 1736,2914"/>
                    <TextEquiv>
                        <Unicode></Unicode>
                    </TextEquiv>
                </Word>
                <TextEquiv>
                    <Unicode>uironne;</Unicode>
                </TextEquiv>
            </TextLine>
            <TextLine id="line_1546624396047_1175" custom="readingOrder {index:2;}">
                <Coords points="1594,2942 3831,2959 3840,3138 1603,3121"/>
                <Baseline points="1599,3069 3836,3086"/>
                <Word id="word_1546624554073_1222" custom="readingOrder {index:0;}">
                    <Coords points="1606,2945 1715,2945 1715,3067 1606,3067"/>
                    <TextEquiv>
                        <Unicode></Unicode>
                    </TextEquiv>
                </Word>
                <Word id="word_1546624560046_1225" custom="readingOrder {index:1;}">
                    <Coords points="1753,2946 2030,2946 2030,3073 1753,3073"/>
                    <TextEquiv>
                        <Unicode></Unicode>
                    </TextEquiv>
                </Word>
                <Word id="word_1546624565310_1228" custom="readingOrder {index:2;}">
                    <Coords points="2077,2947 2209,2947 2209,3071 2077,3071"/>
                    <TextEquiv>
                        <Unicode></Unicode>
                    </TextEquiv>
                </Word>
                <Word id="word_1546624623835_1246" custom="readingOrder {index:3;}">
                    <Coords points="2254,2949 2617,2949 2617,3122 2254,3122"/>
                    <TextEquiv>
                        <Unicode></Unicode>
                    </TextEquiv>
                </Word>
                <Word id="word_1546624635982_1249" custom="readingOrder {index:4;}">
                    <Coords points="2647,2952 2969,2952 2969,3081 2647,3081"/>
                    <TextEquiv>
                        <Unicode></Unicode>
                    </TextEquiv>
                </Word>
                <Word id="word_1546624646204_1252" custom="readingOrder {index:5;}">
                    <Coords points="3020,2955 3374,2955 3374,3077 3020,3077"/>
                    <TextEquiv>
                        <Unicode></Unicode>
                    </TextEquiv>
                </Word>
                <Word id="word_1546624659657_1255" custom="readingOrder {index:6;}">
                    <Coords points="3421,2993 3833,2993 3833,3085 3421,3085"/>
                    <TextEquiv>
                        <Unicode></Unicode>
                    </TextEquiv>
                </Word>
                <TextEquiv>
                    <Unicode>Ie brille de l'eſclat d'vne couron¬</Unicode>
                </TextEquiv>
            </TextLine>
            <TextLine id="line_1546624400729_1180" custom="readingOrder {index:3;}">
                <Coords points="1770,3160 1948,3160 1949,3251 1771,3251"/>
                <Baseline points="1773,3236 1948,3235"/>
                <Word id="word_1546624569959_1231" custom="readingOrder {index:0;}">
                    <Coords points="1766,3158 1947,3158 1947,3249 1766,3249"/>
                    <TextEquiv>
                        <Unicode></Unicode>
                    </TextEquiv>
                </Word>
                <TextEquiv>
                    <Unicode>ne;</Unicode>
                </TextEquiv>
            </TextLine>
            <TextEquiv>
                <Unicode>NFIN ie ſuis vainqueur, la gloire m'en¬
uironne;
Ie brille de l'eſclat d'vne couron¬
ne;</Unicode>
            </TextEquiv>
        </TextRegion>
        <TextRegion type="paragraph" id="r_3_1" custom="readingOrder {index:4;}">
            <Coords points="1032,3284 3666,3284 3666,3787 1032,3787"/>
            <TextLine id="tl_5" primaryLanguage="English" custom="readingOrder {index:0;}">
                <Coords points="1033,3285 3388,3285 3388,3452 1033,3452"/>
                <Baseline points="1033,3401 1365,3400 1519,3398 2101,3400 2286,3447 2727,3403 2840,3399 3099,3406 3329,3408 3387,3418"/>
                <Word id="w_w2aab1b5b2b1b1ab1" language="English" custom="readingOrder {index:0;}">
                    <Coords points="1033,3287 1365,3287 1365,3402 1033,3402"/>
                    <TextEquiv>
                        <Unicode>Toute</Unicode>
                    </TextEquiv>
                    <TextStyle fontFamily="Times New Roman" fontSize="7.5" italic="true"/>
                </Word>
                <Word id="w_w2aab1b5b2b1b1ac13" language="English" custom="readingOrder {index:1;}">
                    <Coords points="1411,3286 1519,3286 1519,3398 1411,3398"/>
                    <TextEquiv>
                        <Unicode>la</Unicode>
                    </TextEquiv>
                    <TextStyle fontFamily="Times New Roman" fontSize="7.5" italic="true"/>
                </Word>
                <Word id="w_w2aab1b5b2b1b1ac19" language="English" custom="readingOrder {index:2;}">
                    <Coords points="1583,3288 2101,3288 2101,3448 1583,3448"/>
                    <TextEquiv>
                        <Unicode>Capadoce</Unicode>
                    </TextEquiv>
                    <TextStyle fontFamily="Times New Roman" fontSize="7.5" italic="true"/>
                </Word>
                <Word id="w_w2aab1b5b2b1b1ac37" language="English" custom="readingOrder {index:3;}">
                    <Coords points="2145,3293 2286,3293 2286,3447 2145,3447"/>
                    <TextEquiv>
                        <Unicode>eft</Unicode>
                    </TextEquiv>
                    <TextStyle fontFamily="Times New Roman" fontSize="7.5" italic="true"/>
                </Word>
                <Word id="w_w2aab1b5b2b1b1ac45" language="English" custom="readingOrder {index:4;}">
                    <Coords points="2311,3287 2727,3287 2727,3451 2311,3451"/>
                    <TextEquiv>
                        <Unicode>foumife</Unicode>
                    </TextEquiv>
                    <TextStyle fontFamily="Times New Roman" fontSize="7.5" italic="true"/>
                </Word>
                <Word id="w_w2aab1b5b2b1b1ac61" language="English" custom="readingOrder {index:5;}">
                    <Coords points="2773,3287 2840,3287 2840,3399 2773,3399"/>
                    <TextEquiv>
                        <Unicode>à</Unicode>
                    </TextEquiv>
                    <TextStyle fontFamily="Times New Roman" fontSize="7.5" italic="true"/>
                </Word>
                <Word id="w_w2aab1b5b2b1b1ac65" language="English" custom="readingOrder {index:6;}">
                    <Coords points="2889,3335 3099,3335 3099,3406 2889,3406"/>
                    <TextEquiv>
                        <Unicode>mes</Unicode>
                    </TextEquiv>
                    <TextStyle fontFamily="Times New Roman" fontSize="7.5" italic="true"/>
                </Word>
                <Word id="w_w2aab1b5b2b1b1ac73" language="English" custom="readingOrder {index:7;}">
                    <Coords points="3155,3292 3329,3292 3329,3408 3155,3408"/>
                    <TextEquiv>
                        <Unicode>lois</Unicode>
                    </TextEquiv>
                    <TextStyle fontFamily="Times New Roman" fontSize="7.5" italic="true"/>
                </Word>
                <Word id="w_w2aab1b5b2b1b1ac83" language="English" custom="readingOrder {index:8;}">
                    <Coords points="3357,3334 3387,3334 3387,3418 3357,3418"/>
                    <TextEquiv>
                        <Unicode>j</Unicode>
                    </TextEquiv>
                    <TextStyle fontFamily="Times New Roman" fontSize="7.5" italic="true"/>
                </Word>
                <TextEquiv>
                    <Unicode>Toute la Capadoce eſt ſoumiſe à mes lois;</Unicode>
                </TextEquiv>
                <TextStyle fontFamily="Times New Roman" fontSize="7.5" italic="true"/>
            </TextLine>
            <TextLine id="tl_6" primaryLanguage="English" custom="readingOrder {index:1;}">
                <Coords points="1041,3453 3665,3453 3665,3622 1041,3622"/>
                <Baseline points="1041,3569 1203,3568 1337,3566 1647,3566 1911,3620 2345,3569 2513,3569 2941,3569 3115,3572 3317,3572 3541,3576 3665,3568"/>
                <Word id="w_w2aab1b5b2b1b3ab1" language="English" custom="readingOrder {index:0;}">
                    <Coords points="1041,3457 1203,3457 1203,3569 1041,3569"/>
                    <TextEquiv>
                        <Unicode>Et</Unicode>
                    </TextEquiv>
                    <TextStyle fontFamily="Times New Roman" fontSize="7.5" italic="true"/>
                </Word>
                <Word id="w_w2aab1b5b2b1b3ab7" language="English" custom="readingOrder {index:1;}">
                    <Coords points="1245,3498 1337,3498 1337,3568 1245,3568"/>
                    <TextEquiv>
                        <Unicode>te</Unicode>
                    </TextEquiv>
                    <TextStyle fontFamily="Times New Roman" fontSize="7.5" italic="true"/>
                </Word>
                <Word id="w_w2aab1b5b2b1b3ac13" language="English" custom="readingOrder {index:2;}">
                    <Coords points="1387,3476 1647,3476 1647,3568 1387,3568"/>
                    <TextEquiv>
                        <Unicode>m'en</Unicode>
                    </TextEquiv>
                    <TextStyle fontFamily="Times New Roman" fontSize="7.5" italic="true"/>
                </Word>
                <Word id="w_w2aab1b5b2b1b3ac23" language="English" custom="readingOrder {index:3;}">
                    <Coords points="1691,3498 1911,3498 1911,3620 1691,3620"/>
                    <TextEquiv>
                        <Unicode>*i;ay</Unicode>
                    </TextEquiv>
                    <TextStyle fontFamily="Times New Roman" fontSize="7.5" italic="true"/>
                </Word>
                <Word id="w_w2aab1b5b2b1b3ac35" language="English" custom="readingOrder {index:4;}">
                    <Coords points="1949,3489 2345,3489 2345,3571 1949,3571"/>
                    <TextEquiv>
                        <Unicode>monter</Unicode>
                    </TextEquiv>
                    <TextStyle fontFamily="Times New Roman" fontSize="7.5" italic="true"/>
                </Word>
                <Word id="w_w2aab1b5b2b1b3ac49" language="English" custom="readingOrder {index:5;}">
                    <Coords points="2373,3499 2513,3499 2513,3569 2373,3569"/>
                    <TextEquiv>
                        <Unicode>au</Unicode>
                    </TextEquiv>
                    <TextStyle fontFamily="Times New Roman" fontSize="7.5" italic="true"/>
                </Word>
                <Word id="w_w2aab1b5b2b1b3ac55" language="English" custom="readingOrder {index:6;}">
                    <Coords points="2563,3457 2941,3457 2941,3611 2563,3611"/>
                    <TextEquiv>
                        <Unicode>Trofne</Unicode>
                    </TextEquiv>
                    <TextStyle fontFamily="Times New Roman" fontSize="7.5" italic="true"/>
                </Word>
                <Word id="w_w2aab1b5b2b1b3ac69" language="English" custom="readingOrder {index:7;}">
                    <Coords points="2989,3455 3115,3455 3115,3572 2989,3572"/>
                    <TextEquiv>
                        <Unicode>de</Unicode>
                    </TextEquiv>
                    <TextStyle fontFamily="Times New Roman" fontSize="7.5" italic="true"/>
                </Word>
                <Word id="w_w2aab1b5b2b1b3ac75" language="English" custom="readingOrder {index:8;}">
                    <Coords points="3153,3458 3317,3458 3317,3618 3153,3618"/>
                    <TextEquiv>
                        <Unicode>[es</Unicode>
                    </TextEquiv>
                    <TextStyle fontFamily="Times New Roman" fontSize="7.5" italic="true"/>
                </Word>
                <Word id="w_w2aab1b5b2b1b3ac83" language="English" custom="readingOrder {index:9;}">
                    <Coords points="3375,3466 3633,3466 3633,3578 3375,3578"/>
                    <TextEquiv>
                        <Unicode>Rois</Unicode>
                    </TextEquiv>
                    <TextStyle fontFamily="Times New Roman" fontSize="7.5" italic="true"/>
                </Word>
                <Word id="w_w2aab1b5b2b1b3b1b1" language="English" custom="readingOrder {index:10;}">
                    <Coords points="3643,3546 3665,3546 3665,3568 3643,3568"/>
                    <TextEquiv>
                        <Unicode>.</Unicode>
                    </TextEquiv>
                    <TextStyle fontFamily="Times New Roman" fontSize="9.0"/>
                </Word>
                <TextEquiv>
                    <Unicode>Et te m'en vay monter au Troſne de ſes Rois.</Unicode>
                </TextEquiv>
            </TextLine>
            <TextLine id="tl_7" primaryLanguage="English" custom="readingOrder {index:2;}">
                <Coords points="1043,3617 3433,3617 3433,3786 1043,3786"/>
                <Baseline points="1043,3731 1335,3732 1827,3734 2135,3735 2953,3735 3433,3756"/>
                <Word id="w_w2aab1b5b2b1b5ab1" language="English" custom="readingOrder {index:0;}">
                    <Coords points="1043,3625 1335,3625 1335,3734 1043,3734"/>
                    <TextEquiv>
                        <Unicode>Cette</Unicode>
                    </TextEquiv>
                    <TextStyle fontFamily="Times New Roman" fontSize="7.5" italic="true"/>
                </Word>
                <Word id="w_w2aab1b5b2b1b5ac13" language="English" custom="readingOrder {index:1;}">
                    <Coords points="1381,3620 1827,3620 1827,3734 1381,3734"/>
                    <TextEquiv>
                        <Unicode>derniere</Unicode>
                    </TextEquiv>
                    <TextStyle fontFamily="Times New Roman" fontSize="7.5" italic="true"/>
                </Word>
                <Word id="w_w2aab1b5b2b1b5ac31" language="English" custom="readingOrder {index:2;}">
                    <Coords points="1853,3620 2135,3620 2135,3784 1853,3784"/>
                    <TextEquiv>
                        <Unicode>place</Unicode>
                    </TextEquiv>
                    <TextStyle fontFamily="Times New Roman" fontSize="7.5" italic="true"/>
                </Word>
                <Word id="w_w2aab1b5b2b1b5ac43" language="English" custom="readingOrder {index:3;}">
                    <Coords points="2189,3623 2953,3623 2953,3785 2189,3785"/>
                    <TextEquiv>
                        <Unicode>efiantprefque</Unicode>
                    </TextEquiv>
                    <TextStyle fontFamily="Times New Roman" fontSize="7.5" italic="true"/>
                </Word>
                <Word id="w_w2aab1b5b2b1b5ac71" language="English" custom="readingOrder {index:4;}">
                    <Coords points="2999,3620 3433,3620 3433,3784 2999,3784"/>
                    <TextEquiv>
                        <Unicode>occupée,</Unicode>
                    </TextEquiv>
                    <TextStyle fontFamily="Times New Roman" fontSize="7.5" italic="true"/>
                </Word>
                <TextEquiv>
                    <Unicode>Cette derniere place eſtant preſque occupée,</Unicode>
                </TextEquiv>
                <TextStyle fontFamily="Times New Roman" fontSize="7.5" italic="true"/>
            </TextLine>
            <TextEquiv>
                <Unicode>Toute la Capadoce eſt ſoumiſe à mes lois;
Et te m'en vay monter au Troſne de ſes Rois.
Cette derniere place eſtant preſque occupée,</Unicode>
            </TextEquiv>
        </TextRegion>
        <TextRegion type="paragraph" id="r_3_2" custom="readingOrder {index:5;}">
            <Coords points="1036,3780 3644,3780 3644,4119 1036,4119"/>
            <TextLine id="tl_8" primaryLanguage="English" custom="readingOrder {index:0;}">
                <Coords points="1037,3781 3643,3781 3643,3954 1037,3954"/>
                <Baseline points="1037,3895 1147,3895 1415,3900 1871,3902 2013,3900 2411,3903 2793,3901 3027,3899 3275,3902 3477,3952 3643,3922"/>
                <Word id="w_w2aab1b5b2b3b1ab1" language="English" custom="readingOrder {index:0;}">
                    <Coords points="1037,3781 1147,3781 1147,3895 1037,3895"/>
                    <TextEquiv>
                        <Unicode>Il</Unicode>
                    </TextEquiv>
                    <TextStyle fontFamily="Times New Roman" fontSize="7.5" italic="true"/>
                </Word>
                <Word id="w_w2aab1b5b2b3b1ab7" language="English" custom="readingOrder {index:1;}">
                    <Coords points="1155,3781 1415,3781 1415,3944 1155,3944"/>
                    <TextEquiv>
                        <Unicode>faut</Unicode>
                    </TextEquiv>
                    <TextStyle fontFamily="Times New Roman" fontSize="7.5" italic="true"/>
                </Word>
                <Word id="w_w2aab1b5b2b3b1ac17" language="English" custom="readingOrder {index:2;}">
                    <Coords points="1437,3786 1871,3786 1871,3950 1437,3950"/>
                    <TextEquiv>
                        <Unicode>prendre</Unicode>
                    </TextEquiv>
                    <TextStyle fontFamily="Times New Roman" fontSize="7.5" italic="true"/>
                </Word>
                <Word id="w_w2aab1b5b2b3b1ac33" language="English" custom="readingOrder {index:3;}">
                    <Coords points="1925,3788 2013,3788 2013,3902 1925,3902"/>
                    <TextEquiv>
                        <Unicode>le</Unicode>
                    </TextEquiv>
                    <TextStyle fontFamily="Times New Roman" fontSize="7.5" italic="true"/>
                </Word>
                <Word id="w_w2aab1b5b2b3b1ac39" language="English" custom="readingOrder {index:4;}">
                    <Coords points="2025,3786 2411,3786 2411,3953 2025,3953"/>
                    <TextEquiv>
                        <Unicode>fceptre</Unicode>
                    </TextEquiv>
                    <TextStyle fontFamily="Times New Roman" fontSize="7.5" italic="true"/>
                </Word>
                <Word id="w_w2aab1b5b2b3b1ac55" language="English" custom="readingOrder {index:5;}">
                    <Coords points="2451,3801 2793,3801 2793,3951 2451,3951"/>
                    <TextEquiv>
                        <Unicode>acquis</Unicode>
                    </TextEquiv>
                    <TextStyle fontFamily="Times New Roman" fontSize="7.5" italic="true"/>
                </Word>
                <Word id="w_w2aab1b5b2b3b1ac69" language="English" custom="readingOrder {index:6;}">
                    <Coords points="2823,3825 3027,3825 3027,3953 2823,3953"/>
                    <TextEquiv>
                        <Unicode>par</Unicode>
                    </TextEquiv>
                    <TextStyle fontFamily="Times New Roman" fontSize="7.5" italic="true"/>
                </Word>
                <Word id="w_w2aab1b5b2b3b1ac77" language="English" custom="readingOrder {index:7;}">
                    <Coords points="3045,3832 3275,3832 3275,3902 3045,3902"/>
                    <TextEquiv>
                        <Unicode>mon</Unicode>
                    </TextEquiv>
                    <TextStyle fontFamily="Times New Roman" fontSize="7.5" italic="true"/>
                </Word>
                <Word id="w_w2aab1b5b2b3b1ac85" language="English" custom="readingOrder {index:8;}">
                    <Coords points="3323,3784 3587,3784 3587,3954 3323,3954"/>
                    <TextEquiv>
                        <Unicode>efpée</Unicode>
                    </TextEquiv>
                    <TextStyle fontFamily="Times New Roman" fontSize="7.5" italic="true"/>
                </Word>
                <Word id="w_w2aab1b5b2b3b1b1b1" language="English" custom="readingOrder {index:9;}">
                    <Coords points="3611,3836 3643,3836 3643,3922 3611,3922"/>
                    <TextEquiv>
                        <Unicode>5</Unicode>
                    </TextEquiv>
                    <TextStyle fontFamily="Times New Roman" fontSize="9.0"/>
                </Word>
                <TextEquiv>
                    <Unicode>Il faut prendre le ſceptre acquis par mon eſpée;</Unicode>
                </TextEquiv>
            </TextLine>
            <TextLine id="tl_9" primaryLanguage="English" custom="readingOrder {index:1;}">
                <Coords points="1053,3937 3555,3937 3555,4118 1053,4118"/>
                <Baseline points="1053,4067 1631,4066 1813,4068 2387,4085 2567,4093 2693,4069 3259,4068 3555,4088"/>
                <Word id="w_w2aab1b5b2b3b3ab1" language="English" custom="readingOrder {index:0;}">
                    <Coords points="1053,3938 1631,3938 1631,4114 1053,4114"/>
                    <TextEquiv>
                        <Unicode>Etgoùfter</Unicode>
                    </TextEquiv>
                    <TextStyle fontFamily="Times New Roman" fontSize="7.5" italic="true"/>
                </Word>
                <Word id="w_w2aab1b5b2b3b3ac21" language="English" custom="readingOrder {index:1;}">
                    <Coords points="1675,3952 1813,3952 1813,4068 1675,4068"/>
                    <TextEquiv>
                        <Unicode>les</Unicode>
                    </TextEquiv>
                    <TextStyle fontFamily="Times New Roman" fontSize="7.5" italic="true"/>
                </Word>
                <Word id="w_w2aab1b5b2b3b3ac29" language="English" custom="readingOrder {index:2;}">
                    <Coords points="1865,3952 2387,3952 2387,4085 1865,4085"/>
                    <TextEquiv>
                        <Unicode>douceurs,</Unicode>
                    </TextEquiv>
                    <TextStyle fontFamily="Times New Roman" fontSize="7.5" italic="true"/>
                </Word>
                <Word id="w_w2aab1b5b2b3b3ac49" language="English" custom="readingOrder {index:3;}">
                    <Coords points="2425,3979 2567,3979 2567,4103 2425,4103"/>
                    <TextEquiv>
                        <Unicode>çef</Unicode>
                    </TextEquiv>
                    <TextStyle fontFamily="Times New Roman" fontSize="7.5" italic="true"/>
                </Word>
                <Word id="w_w2aab1b5b2b3b3ac57" language="English" custom="readingOrder {index:4;}">
                    <Coords points="2605,3955 2693,3955 2693,4069 2605,4069"/>
                    <TextEquiv>
                        <Unicode>le</Unicode>
                    </TextEquiv>
                    <TextStyle fontFamily="Times New Roman" fontSize="7.5" italic="true"/>
                </Word>
                <Word id="w_w2aab1b5b2b3b3ac63" language="English" custom="readingOrder {index:5;}">
                    <Coords points="2711,3955 3259,3955 3259,4117 2711,4117"/>
                    <TextEquiv>
                        <Unicode>fouuerain</Unicode>
                    </TextEquiv>
                    <TextStyle fontFamily="Times New Roman" fontSize="7.5" italic="true"/>
                </Word>
                <Word id="w_w2aab1b5b2b3b3ac83" language="English" custom="readingOrder {index:6;}">
                    <Coords points="3297,3950 3555,3950 3555,4088 3297,4088"/>
                    <TextEquiv>
                        <Unicode>bien,</Unicode>
                    </TextEquiv>
                    <TextStyle fontFamily="Times New Roman" fontSize="7.5" italic="true"/>
                </Word>
                <TextEquiv>
                    <Unicode>Et gouſter les douceurs, &amp; le ſouuerain bien,</Unicode>
                </TextEquiv>
                <TextStyle fontFamily="Times New Roman" fontSize="7.5" italic="true"/>
            </TextLine>
            <TextEquiv>
                <Unicode>Il faut prendre le ſceptre acquis par mon eſpée;
Et gouſter les douceurs, &amp; le ſouuerain bien,</Unicode>
            </TextEquiv>
        </TextRegion>
        <TextRegion type="paragraph" id="r_3_3" custom="readingOrder {index:6;}">
            <Coords points="1047,4110 3837,4110 3843,5087 1053,5087"/>
            <TextLine id="tl_10" primaryLanguage="English" custom="readingOrder {index:0;}">
                <Coords points="1050,4111 3719,4111 3719,4258 1050,4258"/>
                <Baseline points="1050,4255 1295,4230 1437,4232 1899,4234 2267,4235 2523,4233 2865,4233 3277,4234 3401,4236 3561,4238 3719,4232"/>
                <Word id="w_w2aab1b5b2b5b1ab1" language="English" custom="readingOrder {index:0;}">
                    <Coords points="1050,4111 1295,4111 1295,4255 1050,4255"/>
                    <TextEquiv>
                        <Unicode>Que</Unicode>
                    </TextEquiv>
                    <TextStyle fontFamily="Times New Roman" fontSize="7.5" italic="true"/>
                </Word>
                <Word id="w_w2aab1b5b2b5b1ab9" language="English" custom="readingOrder {index:1;}">
                    <Coords points="1335,4120 1437,4120 1437,4232 1335,4232"/>
                    <TextEquiv>
                        <Unicode>la</Unicode>
                    </TextEquiv>
                    <TextStyle fontFamily="Times New Roman" fontSize="7.5" italic="true"/>
                </Word>
                <Word id="w_w2aab1b5b2b5b1ac15" language="English" custom="readingOrder {index:2;}">
                    <Coords points="1485,4122 1899,4122 1899,4238 1485,4238"/>
                    <TextEquiv>
                        <Unicode>vittoire</Unicode>
                    </TextEquiv>
                    <TextStyle fontFamily="Times New Roman" fontSize="7.5" italic="true"/>
                </Word>
                <Word id="w_w2aab1b5b2b5b1ac33" language="English" custom="readingOrder {index:3;}">
                    <Coords points="1937,4120 2267,4120 2267,4237 1937,4237"/>
                    <TextEquiv>
                        <Unicode>donne</Unicode>
                    </TextEquiv>
                    <TextStyle fontFamily="Times New Roman" fontSize="7.5" italic="true"/>
                </Word>
                <Word id="w_w2aab1b5b2b5b1ac45" language="English" custom="readingOrder {index:4;}">
                    <Coords points="2307,4165 2523,4165 2523,4237 2307,4237"/>
                    <TextEquiv>
                        <Unicode>aux</Unicode>
                    </TextEquiv>
                    <TextStyle fontFamily="Times New Roman" fontSize="7.5" italic="true"/>
                </Word>
                <Word id="w_w2aab1b5b2b5b1ac53" language="English" custom="readingOrder {index:5;}">
                    <Coords points="2569,4163 2865,4163 2865,4239 2569,4239"/>
                    <TextEquiv>
                        <Unicode>coeurs</Unicode>
                    </TextEquiv>
                    <TextStyle fontFamily="Times New Roman" fontSize="7.5" italic="true"/>
                </Word>
                <Word id="w_w2aab1b5b2b5b1ac67" language="English" custom="readingOrder {index:6;}">
                    <Coords points="2909,4163 3277,4163 3277,4235 2909,4235"/>
                    <TextEquiv>
                        <Unicode>comme</Unicode>
                    </TextEquiv>
                    <TextStyle fontFamily="Times New Roman" fontSize="7.5" italic="true"/>
                </Word>
                <Word id="w_w2aab1b5b2b5b1ac79" language="English" custom="readingOrder {index:7;}">
                    <Coords points="3309,4120 3401,4120 3401,4236 3309,4236"/>
                    <TextEquiv>
                        <Unicode>le</Unicode>
                    </TextEquiv>
                    <TextStyle fontFamily="Times New Roman" fontSize="7.5" italic="true"/>
                </Word>
                <Word id="w_w2aab1b5b2b5b1ac85" language="English" custom="readingOrder {index:8;}">
                    <Coords points="3425,4168 3691,4168 3691,4238 3425,4238"/>
                    <TextEquiv>
                        <Unicode>mien</Unicode>
                    </TextEquiv>
                    <TextStyle fontFamily="Times New Roman" fontSize="7.5" italic="true"/>
                </Word>
                <Word id="w_w2aab1b5b2b5b1b1b1" language="English" custom="readingOrder {index:9;}">
                    <Coords points="3695,4212 3719,4212 3719,4232 3695,4232"/>
                    <TextEquiv>
                        <Unicode>.</Unicode>
                    </TextEquiv>
                    <TextStyle fontFamily="Times New Roman" fontSize="9.0"/>
                </Word>
                <TextEquiv>
                    <Unicode>Que la victoire donne aux coeurs comme le mien.</Unicode>
                </TextEquiv>
            </TextLine>
            <TextLine id="tl_11" primaryLanguage="English" custom="readingOrder {index:1;}">
                <Coords points="1054,4283 3546,4283 3546,4454 1054,4454"/>
                <Baseline points="1054,4396 1432,4402 1692,4402 2110,4400 2208,4403 2502,4403 2916,4401 3122,4402 3502,4398 3546,4414"/>
                <Word id="w_w2aab1b5b2b5b3ab1" language="English" custom="readingOrder {index:0;}">
                    <Coords points="1054,4285 1432,4285 1432,4442 1054,4442"/>
                    <TextEquiv>
                        <Unicode>Nofire</Unicode>
                    </TextEquiv>
                    <TextStyle fontFamily="Times New Roman" fontSize="7.5" italic="true"/>
                </Word>
                <Word id="w_w2aab1b5b2b5b3ac15" language="English" custom="readingOrder {index:1;}">
                    <Coords points="1468,4332 1692,4332 1692,4404 1468,4404"/>
                    <TextEquiv>
                        <Unicode>rare</Unicode>
                    </TextEquiv>
                    <TextStyle fontFamily="Times New Roman" fontSize="7.5" italic="true"/>
                </Word>
                <Word id="w_w2aab1b5b2b5b3ac25" language="English" custom="readingOrder {index:2;}">
                    <Coords points="1732,4288 2110,4288 2110,4404 1732,4404"/>
                    <TextEquiv>
                        <Unicode>valeur</Unicode>
                    </TextEquiv>
                    <TextStyle fontFamily="Times New Roman" fontSize="7.5" italic="true"/>
                </Word>
                <Word id="w_w2aab1b5b2b5b3ac39" language="English" custom="readingOrder {index:3;}">
                    <Coords points="2138,4333 2208,4333 2208,4403 2138,4403"/>
                    <TextEquiv>
                        <Unicode>a</Unicode>
                    </TextEquiv>
                    <TextStyle fontFamily="Times New Roman" fontSize="7.5" italic="true"/>
                </Word>
                <Word id="w_w2aab1b5b2b5b3ac43" language="English" custom="readingOrder {index:4;}">
                    <Coords points="2230,4291 2502,4291 2502,4453 2230,4453"/>
                    <TextEquiv>
                        <Unicode>pafic</Unicode>
                    </TextEquiv>
                    <TextStyle fontFamily="Times New Roman" fontSize="7.5" italic="true"/>
                </Word>
                <Word id="w_w2aab1b5b2b5b3ac55" language="English" custom="readingOrder {index:5;}">
                    <Coords points="2546,4331 2916,4331 2916,4405 2546,4405"/>
                    <TextEquiv>
                        <Unicode>comme</Unicode>
                    </TextEquiv>
                    <TextStyle fontFamily="Times New Roman" fontSize="7.5" italic="true"/>
                </Word>
                <Word id="w_w2aab1b5b2b5b3ac67" language="English" custom="readingOrder {index:6;}">
                    <Coords points="2958,4331 3122,4331 3122,4402 2958,4402"/>
                    <TextEquiv>
                        <Unicode>vn</Unicode>
                    </TextEquiv>
                    <TextStyle fontFamily="Times New Roman" fontSize="7.5" italic="true"/>
                </Word>
                <Word id="w_w2aab1b5b2b5b3ac73" language="English" custom="readingOrder {index:7;}">
                    <Coords points="3134,4286 3502,4286 3502,4444 3134,4444"/>
                    <TextEquiv>
                        <Unicode>foudre</Unicode>
                    </TextEquiv>
                    <TextStyle fontFamily="Times New Roman" fontSize="7.5" italic="true"/>
                </Word>
                <Word id="w_w2aab1b5b2b5b3ac87" language="English" custom="readingOrder {index:8;}">
                    <Coords points="3514,4358 3546,4358 3546,4414 3514,4414"/>
                    <TextEquiv>
                        <Unicode>y</Unicode>
                    </TextEquiv>
                    <TextStyle fontFamily="Times New Roman" fontSize="7.5" italic="true"/>
                </Word>
                <TextEquiv>
                    <Unicode>Noſtre rare valeur a paßé comme vn foudre;</Unicode>
                </TextEquiv>
                <TextStyle fontFamily="Times New Roman" fontSize="7.5" italic="true"/>
            </TextLine>
            <TextLine id="tl_12" primaryLanguage="English" custom="readingOrder {index:2;}">
                <Coords points="1048,4445 3836,4445 3836,4622 1048,4622"/>
                <Baseline points="1048,4557 1260,4566 1514,4566 1982,4572 2320,4587 2476,4569 2716,4567 3266,4566 3836,4578"/>
                <Word id="w_w2aab1b5b2b5b5ab1" language="English" custom="readingOrder {index:0;}">
                    <Coords points="1048,4449 1260,4449 1260,4566 1048,4566"/>
                    <TextEquiv>
                        <Unicode>Les</Unicode>
                    </TextEquiv>
                    <TextStyle fontFamily="Times New Roman" fontSize="7.5" italic="true"/>
                </Word>
                <Word id="w_w2aab1b5b2b5b5ab9" language="English" custom="readingOrder {index:1;}">
                    <Coords points="1288,4450 1514,4450 1514,4610 1288,4610"/>
                    <TextEquiv>
                        <Unicode>plus</Unicode>
                    </TextEquiv>
                    <TextStyle fontFamily="Times New Roman" fontSize="7.5" italic="true"/>
                </Word>
                <Word id="w_w2aab1b5b2b5b5ac19" language="English" custom="readingOrder {index:2;}">
                    <Coords points="1526,4452 1982,4452 1982,4620 1526,4620"/>
                    <TextEquiv>
                        <Unicode>fuperbes</Unicode>
                    </TextEquiv>
                    <TextStyle fontFamily="Times New Roman" fontSize="7.5" italic="true"/>
                </Word>
                <Word id="w_w2aab1b5b2b5b5ac37" language="English" custom="readingOrder {index:3;}">
                    <Coords points="2014,4492 2320,4492 2320,4587 2014,4587"/>
                    <TextEquiv>
                        <Unicode>tours,</Unicode>
                    </TextEquiv>
                    <TextStyle fontFamily="Times New Roman" fontSize="7.5" italic="true"/>
                </Word>
                <Word id="w_w2aab1b5b2b5b5ac51" language="English" custom="readingOrder {index:4;}">
                    <Coords points="2350,4501 2476,4501 2476,4569 2350,4569"/>
                    <TextEquiv>
                        <Unicode>ne</Unicode>
                    </TextEquiv>
                    <TextStyle fontFamily="Times New Roman" fontSize="7.5" italic="true"/>
                </Word>
                <Word id="w_w2aab1b5b2b5b5ac57" language="English" custom="readingOrder {index:5;}">
                    <Coords points="2474,4455 2716,4455 2716,4615 2474,4615"/>
                    <TextEquiv>
                        <Unicode>font</Unicode>
                    </TextEquiv>
                    <TextStyle fontFamily="Times New Roman" fontSize="7.5" italic="true"/>
                </Word>
                <Word id="w_w2aab1b5b2b5b5ac67" language="English" custom="readingOrder {index:6;}">
                    <Coords points="2734,4490 3266,4490 3266,4616 2734,4616"/>
                    <TextEquiv>
                        <Unicode>quvnpeu</Unicode>
                    </TextEquiv>
                    <TextStyle fontFamily="Times New Roman" fontSize="7.5" italic="true"/>
                </Word>
                <Word id="w_w2aab1b5b2b5b5ac83" language="English" custom="readingOrder {index:7;}">
                    <Coords points="3288,4448 3836,4448 3836,4612 3288,4612"/>
                    <TextEquiv>
                        <Unicode>depoudrey</Unicode>
                    </TextEquiv>
                    <TextStyle fontFamily="Times New Roman" fontSize="7.5" italic="true"/>
                </Word>
                <TextEquiv>
                    <Unicode>Les plus ſuperbes tours, ne ſont qu'vn peu de poudre;</Unicode>
                </TextEquiv>
                <TextStyle fontFamily="Times New Roman" fontSize="7.5" italic="true"/>
            </TextLine>
            <TextLine id="tl_13" primaryLanguage="English" custom="readingOrder {index:3;}">
                <Coords points="1054,4617 3676,4617 3676,4786 1054,4786"/>
                <Baseline points="1054,4733 1776,4756 2144,4739 2444,4755 2616,4773 2844,4735 3294,4732 3676,4730"/>
                <Word id="w_w2aab1b5b2b5b7ab1" language="English" custom="readingOrder {index:0;}">
                    <Coords points="1054,4618 1776,4618 1776,4776 1054,4776"/>
                    <TextEquiv>
                        <Unicode>Toutflefchit,</Unicode>
                    </TextEquiv>
                    <TextStyle fontFamily="Times New Roman" fontSize="7.5" italic="true"/>
                </Word>
                <Word id="w_w2aab1b5b2b5b7ac29" language="English" custom="readingOrder {index:1;}">
                    <Coords points="1808,4622 2144,4622 2144,4784 1808,4784"/>
                    <TextEquiv>
                        <Unicode>toutfe</Unicode>
                    </TextEquiv>
                    <TextStyle fontFamily="Times New Roman" fontSize="7.5" italic="true"/>
                </Word>
                <Word id="w_w2aab1b5b2b5b7ac43" language="English" custom="readingOrder {index:2;}">
                    <Coords points="2162,4621 2444,4621 2444,4755 2162,4755"/>
                    <TextEquiv>
                        <Unicode>rend,</Unicode>
                    </TextEquiv>
                    <TextStyle fontFamily="Times New Roman" fontSize="7.5" italic="true"/>
                </Word>
                <Word id="w_w2aab1b5b2b5b7ac55" language="English" custom="readingOrder {index:3;}">
                    <Coords points="2472,4649 2616,4649 2616,4773 2472,4773"/>
                    <TextEquiv>
                        <Unicode>&amp;</Unicode>
                    </TextEquiv>
                    <TextStyle fontFamily="Times New Roman" fontSize="7.5" italic="true"/>
                </Word>
                <Word id="w_w2aab1b5b2b5b7ac59" language="English" custom="readingOrder {index:4;}">
                    <Coords points="2632,4667 2844,4667 2844,4737 2632,4737"/>
                    <TextEquiv>
                        <Unicode>mes</Unicode>
                    </TextEquiv>
                    <TextStyle fontFamily="Times New Roman" fontSize="7.5" italic="true"/>
                </Word>
                <Word id="w_w2aab1b5b2b5b7ac67" language="English" custom="readingOrder {index:5;}">
                    <Coords points="2864,4619 3294,4619 3294,4735 2864,4735"/>
                    <TextEquiv>
                        <Unicode>heureux</Unicode>
                    </TextEquiv>
                    <TextStyle fontFamily="Times New Roman" fontSize="7.5" italic="true"/>
                </Word>
                <Word id="w_w2aab1b5b2b5b7ac83" language="English" custom="readingOrder {index:6;}">
                    <Coords points="3302,4630 3676,4630 3676,4780 3302,4780"/>
                    <TextEquiv>
                        <Unicode>projets</Unicode>
                    </TextEquiv>
                    <TextStyle fontFamily="Times New Roman" fontSize="7.5" italic="true"/>
                </Word>
                <TextEquiv>
                    <Unicode>Tout flefchit, tout ſe rend, &amp; mes heureux projets</Unicode>
                </TextEquiv>
                <TextStyle fontFamily="Times New Roman" fontSize="7.5" italic="true"/>
            </TextLine>
            <TextLine id="tl_14" primaryLanguage="English" custom="readingOrder {index:4;}">
                <Coords points="1054,4781 3836,4781 3836,4956 1054,4956"/>
                <Baseline points="1054,4900 1406,4900 1722,4904 1866,4906 2492,4927 2706,4911 2874,4905 3218,4902 3466,4902 3714,4898 3836,4890"/>
                <Word id="w_w2aab1b5b2b5b9ab1" language="English" custom="readingOrder {index:0;}">
                    <Coords points="1054,4782 1406,4782 1406,4900 1054,4900"/>
                    <TextEquiv>
                        <Unicode>N’ont</Unicode>
                    </TextEquiv>
                    <TextStyle fontFamily="Times New Roman" fontSize="7.5" italic="true"/>
                </Word>
                <Word id="w_w2aab1b5b2b5b9ac13" language="English" custom="readingOrder {index:1;}">
                    <Coords points="1424,4790 1722,4790 1722,4950 1424,4950"/>
                    <TextEquiv>
                        <Unicode>point</Unicode>
                    </TextEquiv>
                    <TextStyle fontFamily="Times New Roman" fontSize="7.5" italic="true"/>
                </Word>
                <Word id="w_w2aab1b5b2b5b9ac25" language="English" custom="readingOrder {index:2;}">
                    <Coords points="1742,4834 1866,4834 1866,4906 1742,4906"/>
                    <TextEquiv>
                        <Unicode>eu</Unicode>
                    </TextEquiv>
                    <TextStyle fontFamily="Times New Roman" fontSize="7.5" italic="true"/>
                </Word>
                <Word id="w_w2aab1b5b2b5b9ac31" language="English" custom="readingOrder {index:3;}">
                    <Coords points="1892,4790 2492,4790 2492,4927 1892,4927"/>
                    <TextEquiv>
                        <Unicode>d'ennemis,</Unicode>
                    </TextEquiv>
                    <TextStyle fontFamily="Times New Roman" fontSize="7.5" italic="true"/>
                </Word>
                <Word id="w_w2aab1b5b2b5b9ac53" language="English" custom="readingOrder {index:4;}">
                    <Coords points="2522,4797 2706,4797 2706,4955 2522,4955"/>
                    <TextEquiv>
                        <Unicode>qui</Unicode>
                    </TextEquiv>
                    <TextStyle fontFamily="Times New Roman" fontSize="7.5" italic="true"/>
                </Word>
                <Word id="w_w2aab1b5b2b5b9ac61" language="English" custom="readingOrder {index:5;}">
                    <Coords points="2750,4833 2874,4833 2874,4909 2750,4909"/>
                    <TextEquiv>
                        <Unicode>ne</Unicode>
                    </TextEquiv>
                    <TextStyle fontFamily="Times New Roman" fontSize="7.5" italic="true"/>
                </Word>
                <Word id="w_w2aab1b5b2b5b9ac67" language="English" custom="readingOrder {index:6;}">
                    <Coords points="2880,4787 3218,4787 3218,4947 2880,4947"/>
                    <TextEquiv>
                        <Unicode>[oient</Unicode>
                    </TextEquiv>
                    <TextStyle fontFamily="Times New Roman" fontSize="7.5" italic="true"/>
                </Word>
                <Word id="w_w2aab1b5b2b5b9ac81" language="English" custom="readingOrder {index:7;}">
                    <Coords points="3254,4828 3466,4828 3466,4902 3254,4902"/>
                    <TextEquiv>
                        <Unicode>mes</Unicode>
                    </TextEquiv>
                    <TextStyle fontFamily="Times New Roman" fontSize="7.5" italic="true"/>
                </Word>
                <Word id="w_w2aab1b5b2b5b9ac89" language="English" custom="readingOrder {index:8;}">
                    <Coords points="3496,4784 3810,4784 3810,4948 3496,4948"/>
                    <TextEquiv>
                        <Unicode>fujets</Unicode>
                    </TextEquiv>
                    <TextStyle fontFamily="Times New Roman" fontSize="7.5" italic="true"/>
                </Word>
                <Word id="w_w2aab1b5b2b5b9b1b1" language="English" custom="readingOrder {index:9;}">
                    <Coords points="3810,4862 3836,4862 3836,4890 3810,4890"/>
                    <TextEquiv>
                        <Unicode>.</Unicode>
                    </TextEquiv>
                    <TextStyle fontFamily="Times New Roman" fontSize="9.0"/>
                </Word>
                <TextEquiv>
                    <Unicode>N’ont point eu d'ennemis, qui ne ſoient mes ſujets.</Unicode>
                </TextEquiv>
            </TextLine>
            <TextLine id="line_1546624791964_1302" custom="readingOrder {index:5;}">
                <Coords points="3648,4954 3819,4954 3819,5056 3648,5056"/>
                <Baseline points="3648,5051 3819,5051"/>
                <Word id="word_1546624802610_1310" custom="readingOrder {index:0;}">
                    <Coords points="3653,4956 3814,4956 3814,5048 3653,5048"/>
                    <TextEquiv>
                        <Unicode></Unicode>
                    </TextEquiv>
                </Word>
                <TextEquiv>
                    <Unicode>Vn</Unicode>
                </TextEquiv>
            </TextLine>
            <TextEquiv>
                <Unicode>Que la victoire donne aux coeurs comme le mien.
Noſtre rare valeur a paßé comme vn foudre;
Les plus ſuperbes tours, ne ſont qu'vn peu de poudre;
Tout flefchit, tout ſe rend, &amp; mes heureux projets
N’ont point eu d'ennemis, qui ne ſoient mes ſujets.
Vn</Unicode>
            </TextEquiv>
        </TextRegion>
        <GraphicRegion id="r_4" custom="readingOrder {index:7;}">
            <Coords points="979,588 3771,588 3771,1051 979,1051"/>
        </GraphicRegion>
        <GraphicRegion id="r_5" custom="readingOrder {index:8;}">
            <Coords points="1178,1184 3631,1184 3631,1499 1178,1499"/>
        </GraphicRegion>
        <TextRegion type="paragraph" id="r_6_1" custom="readingOrder {index:9;}">
            <Coords points="616,2642 1001,2642 1003,2812 618,2812"/>
            <TextLine id="tl_15" primaryLanguage="English" custom="readingOrder {index:0;}">
                <Coords points="620,2643 1000,2643 1001,2716 621,2716"/>
                <Baseline points="620,2717 676,2711 816,2711 914,2709 1000,2711"/>
                <Word id="w_w2aab1c11b2b1b1ab1" language="English" custom="readingOrder {index:0;}">
                    <Coords points="620,2651 676,2651 676,2717 620,2717"/>
                    <TextEquiv>
                        <Unicode>Il</Unicode>
                    </TextEquiv>
                    <TextStyle fontFamily="Times New Roman" fontSize="4.5" bold="true"/>
                </Word>
                <Word id="w_w2aab1c11b2b1b1ab7" language="English" custom="readingOrder {index:1;}">
                    <Coords points="696,2647 816,2647 816,2711 696,2711"/>
                    <TextEquiv>
                        <Unicode>fort</Unicode>
                    </TextEquiv>
                    <TextStyle fontFamily="Times New Roman" fontSize="4.5" bold="true"/>
                </Word>
                <Word id="w_w2aab1c11b2b1b1ac17" language="English" custom="readingOrder {index:2;}">
                    <Coords points="842,2645 914,2645 914,2709 842,2709"/>
                    <TextEquiv>
                        <Unicode>de</Unicode>
                    </TextEquiv>
                    <TextStyle fontFamily="Times New Roman" fontSize="4.5" bold="true"/>
                </Word>
                <Word id="w_w2aab1c11b2b1b1ac23" language="English" custom="readingOrder {index:3;}">
                    <Coords points="942,2643 1000,2643 1000,2711 942,2711"/>
                    <TextEquiv>
                        <Unicode>fa</Unicode>
                    </TextEquiv>
                    <TextStyle fontFamily="Times New Roman" fontSize="4.5" bold="true"/>
                </Word>
                <TextEquiv>
                    <Unicode>Il fort de ſa</Unicode>
                </TextEquiv>
                <TextStyle fontFamily="Times New Roman" fontSize="4.5" bold="true"/>
            </TextLine>
            <TextLine id="line_1546624689296_1269" custom="readingOrder {index:1;}">
                <Coords points="620,2739 849,2739 850,2803 621,2803"/>
                <Baseline points="621,2798 850,2798"/>
                <Word id="word_1546624701280_1275" custom="readingOrder {index:0;}">
                    <Coords points="620,2740 847,2740 847,2801 620,2801"/>
                    <TextEquiv>
                        <Unicode></Unicode>
                    </TextEquiv>
                </Word>
                <TextEquiv>
                    <Unicode>Tente</Unicode>
                </TextEquiv>
            </TextLine>
            <TextEquiv>
                <Unicode>Il fort de ſa
Tente</Unicode>
            </TextEquiv>
        </TextRegion>
        <SeparatorRegion id="r_8" custom="readingOrder {index:10;}">
            <Coords points="2,5659 4267,5659 4267,5671 2,5671"/>
        </SeparatorRegion>
        <SeparatorRegion id="r_9" custom="readingOrder {index:11;}">
            <Coords points="4170,164 4228,164 4228,5468 4170,5468"/>
        </SeparatorRegion>
        <SeparatorRegion id="r_10" custom="readingOrder {index:12;}">
            <Coords points="4250,0 4267,0 4267,5671 4250,5671"/>
        </SeparatorRegion>
        <SeparatorRegion id="r_11" custom="readingOrder {index:13;}">
            <Coords points="63,283 76,283 76,579 63,579"/>
        </SeparatorRegion>
        <SeparatorRegion id="r_12" custom="readingOrder {index:14;}">
            <Coords points="3771,655 3815,655 3815,1011 3771,1011"/>
        </SeparatorRegion>
        <NoiseRegion id="Noise_1546624714352_1281" custom="readingOrder {index:15;}">
            <Coords points="691,2719 712,2719 712,2738 691,2738"/>
        </NoiseRegion>
        <ImageRegion id="Image_1546624734197_1286" custom="readingOrder {index:16;}">
            <Coords points="1019,2608 1563,2608 1563,3206 1019,3206"/>
        </ImageRegion>
    </Page>
</PcGts>
