4267 5575
1528 1295 1833 1391 DIS
1924 1297 2009 1394 C
2072 1294 2169 1391 O
2244 1295 2337 1396 V
2412 1300 2504 1401 R.
2564 1294 2621 1390 S

543 1533 1489 1763 DELA
1599 1524 3408 1765 TRAGEDIE,

1851 1873 2012 1955 ov

525 2079 1644 2222 REMARQUES
1803 2086 3002 2190 SVRL’AMOVR
3121 2087 3210 2181 T
3271 2088 3406 2184 Y-

1076 2260 1527 2368 ranmquc
1586 2230 1697 2324 de
1748 2221 2237 2325 Monfieur
2284 2225 2399 2315 de
2434 2225 2846 2360 Scudery.

819 2464 1035 2561 *Tat
1109 2456 1547 2592 Monfieur
1577 2457 1673 2560 de
1713 2462 1765 2557 S
1799 2480 2181 2565 ILLAC
2277 2443 2475 2552 d’A
2511 2474 2583 2551 R
2619 2481 2677 2557 B
2709 2482 2773 2562 0
2809 2488 2851 2561 I
2889 2479 2959 2568 S'.

1197 2705 2053 2810 ’AMOvaTyranniquc
2085 2713 2169 2785 de
2209 2710 2575 2787 Monfieur
2619 2715 2707 2787 de
2739 2717 3057 2814 Scadery
3087 2770 3109 2807 ,
3157 2719 3250 2793 cft
3295 2744 3391 2792 v*

1198 2811 1457 2881 Poème
1488 2809 1533 2879 fi
1570 2808 1870 2910 patfait,
1918 2820 1991 2886 8c
2038 2813 2085 2885 fi
2132 2814 2393 2887 acheué
2426 2868 2446 2900 »
2502 2839 2645 2915 que
2688 2816 2737 2888 fi
2780 2816 2845 2889 le
2892 2839 3125 2918 temps
3168 2821 3393 2897 n’cuft

1187 2909 2398 3007 pointenuicaufiecIeduCARDi
2438 2942 2554 2990 na
2590 2943 2624 2989 l
2670 2943 2774 2992 de
2820 2922 3394 3005 Richiliev,

1275 3008 1615 3086 naiflànc*
1639 3008 2053 3099 d’Ariftote,
2097 3042 2193 3090 ou
2229 3041 2367 3117 que
2403 3017 2771 3094 Monfieur
2789 3022 2877 3093 de
2909 3022 3393 3119 Scuderyeuft

1174 3109 1374 3185 eferit
1428 3112 1588 3185 fous
1636 3112 1962 3214 l’Empire
2012 3117 2480 3192 d’Alexandre
2514 3146 2532 3200 ;
2586 3125 2648 3193 ie
2698 3121 2906 3226 penfe
2942 3148 3116 3197 auec
3160 3122 3392 3201 raifort

1181 3239 1226 3307 H
1235 3237 1322 3282 06
1375 3238 1456 3283 cc
1485 3212 1914 3317 Philofopnc
1979 3228 2208 3292 auroit
2245 3221 2436 3319 règle
2473 3246 2606 3294 vne
2645 3232 2866 3323 partie
2915 3225 3002 3296 de
3037 3226 3104 3302 fa
3139 3228 3384 3299 Poéti¬

1167 3333 1309 3403 que
1347 3308 1453 3378 fur
1485 3311 1659 3380 ccftc
1695 3316 2073 3385 excellente
2115 3321 2509 3415 Tragédie,
2543 3330 2611 3391 8c
2650 3324 2825 3418 qu’il
2863 3351 2947 3397 en
2989 3333 3217 3401 auroit
3259 3326 3389 3401 tiré

498 3396 733 3471 d’aulfi
768 3402 998 3477 beaux
1028 3403 1420 3505 exemples,
1466 3433 1606 3501 que
1634 3410 1720 3477 de
1768 3409 1940 3482 celle
1978 3414 2336 3509 d’Oedipe
2368 3471 2388 3501 ,
2434 3418 2612 3510 qu’il
2652 3422 2952 3497 cftimoit
2988 3424 3388 3527 fingulierc-

501 3521 717 3570 ment.

575 3602 839 3699 Depuis
876 3626 1017 3701 que
1047 3628 1123 3674 cc
1151 3600 1347 3677 diuin
1367 3604 1657 3680 homme
1686 3664 1707 3694 ,
1749 3628 1961 3705 ayant
1997 3615 2369 3713 remarqué
2403 3633 2565 3687 tous
2601 3613 2699 3688 les
2729 3612 3169 3693 deffautsdes
3204 3627 3387 3700 Por¬

490 3722 586 3772 tes
612 3703 826 3774 Grecs
856 3754 874 3784 ,
912 3709 978 3775 &
1008 3704 1242 3778 réduit
1268 3730 1352 3776 en
1386 3708 1610 3779 Artce
1628 3707 1802 3808 qu’il
1826 3717 2148 3785 rrouuoit
2178 3714 2584 3787 d’excellent
2606 3715 2784 3790 dans
2800 3720 2982 3792 leurs
3004 3748 3384 3828 oourages,

485 3822 667 3873 nous
699 3829 735 3873 a
783 3800 1106 3903 enfeigné
1149 3806 1389 3903 quelle
1435 3811 1731 3909 opinion
1795 3835 1981 3886 nous
2033 3813 2335 3889 deuions
2389 3822 2593 3890 auoir
2657 3819 2777 3890 des
2835 3821 3133 3895 Po'cmes
3177 3829 3387 3902 d'au-

486 3920 643 3997 truy
670 3959 693 3989 ,
738 3909 807 3974 8c
850 3928 923 3975 ce
950 3904 1133 4003 qu’il
1166 3905 1391 3980 falloir
1428 3904 1655 3982 fuiure
1688 3910 1865 3985 dans
1896 3912 1991 3984 les
2024 3916 2295 3991 noftrcs
2318 3943 2335 3993 ;
2380 3915 2427 3990 il
2452 3942 2539 3990 ne
2568 3921 3385 4024 fctrouuerapeut-cftro

480 4024 598 4096 pas
658 4025 748 4072 vn
784 4002 904 4073 des
948 4009 1442 4106 Dramatiques
1492 4063 1512 4095 ,
1549 4018 1678 4110 qui
1708 4019 1802 4087 ait
1840 4013 1888 4086 fi
1934 4014 2096 4088 bien
2133 4019 2390 4120 profité
2426 4018 2514 4090 de
2550 4019 3146 4124 fesRemarques,
3188 4053 3282 4128 ny
3328 4030 3376 4102 fi

477 4096 911 4175 fidellement
949 4101 1147 4200 fuiuy
1179 4103 1275 4177 fes
1299 4134 1657 4207 préceptes
1693 4138 1831 4213 que
1859 4117 2225 4192 Monfieur
2245 4120 2333 4193 de
2367 4120 2699 4217 Scudery.

562 4204 631 4277 Si
674 4209 737 4275 ie
776 4204 1097 4278 donnois
1122 4209 1549 4281 ceDilcours
1580 4212 1615 4280 à
1638 4238 1771 4283 vne
1808 4216 2159 4291 ambition
2194 4221 2905 4323 Ciytiquc,pluftoft
2926 4228 3136 4326 qu’au
3158 4238 3378 4306 méri¬

476 4322 540 4372 té
576 4302 660 4375 de
696 4329 1034 4400 monaray
1061 4358 1086 4390 ,
1148 4314 1220 4381 &
1258 4307 1294 4377 à
1326 4308 1388 4380 la
1416 4309 1546 4381 iuft
1572 4307 1858 4387 fication
1891 4314 1980 4388 de
2021 4319 2140 4389 ion
2177 4322 2482 4408 Poème,
2521 4323 2940 4423 i’auroisicy
2973 4330 3114 4403 lieu
3141 4333 3376 4406 défai¬

489 4420 557 4464 te
573 4426 657 4473 vn
679 4406 899 4505 grand
933 4433 1237 4479 examen
1271 4407 1391 4486 des
1419 4416 1819 4514 Tragiques
1861 4468 1877 4498 ,
1933 4424 2001 4491 &
2039 4417 2393 4495 d’amener
2431 4422 2799 4528 beaucoup
2821 4424 2909 4501 de
2945 4428 3363 4514 difficultez,

492 4488 575 4562 de
598 4497 944 4593 citations,
972 4515 1041 4584 &
1070 4506 1494 4614 d’exemples
1526 4543 1540 4587 :
1572 4519 1758 4589 Mais
1788 4543 2064 4591 comme
2094 4519 2338 4596 i’eferis
2376 4521 2752 4599 feulement
2798 4555 2980 4633 pour
3016 4528 3076 4602 fa
3112 4533 3358 4635 gloire,

487 4598 548 4662 ie
577 4616 686 4663 me
725 4623 1172 4709 contenteray
1217 4611 1306 4685 de
1355 4610 1526 4688 faire
1581 4622 1732 4691 voir
1775 4617 1874 4690 les
1901 4620 2200 4694 beatirez
2251 4624 2836 4732 defonouuragc
2875 4689 2893 4719 ,
2939 4631 3090 4704 fans
3135 4631 3332 4707 obfer

483 4716 605 4764 uer
655 4691 751 4764 les
791 4704 961 4777 vices
1021 4710 1149 4784 des
1201 4740 1431 4788 autres
1472 4769 1493 4801 ,
1553 4725 1623 4792 &
1661 4718 1807 4791 fans
1845 4721 2125 4797 eflablir
2175 4720 2237 4796 fa
2279 4735 2681 4829 réputation
2728 4738 2833 4807 lut
2870 4733 3053 4806 leurs
3088 4737 3351 4822 ruines;

484 4798 552 4866 &
576 4793 834 4898 l’auray
858 4801 1026 4878 allez
1068 4808 1248 4911 fait,
1280 4815 1328 4890 fi
1360 4824 1418 4892 ie
1454 4820 1790 4899 confirme
1816 4821 1910 4900 les
1934 4825 2204 4904 Doftcs
2240 4828 2412 4906 dans
2438 4830 2724 4908 l’eftime
2750 4833 2960 4934 qu’ils
2992 4830 3152 4907 font
3176 4833 3256 4907 de
3280 4858 3358 4904 ce

2990 4937 3057 5010 A
