4267 5517
1840 342 2772 472 EPISTRE.

849 566 949 637 re
970 525 1143 640 des
1160 530 1433 641 lieux
1469 529 1651 686 qui
1654 523 1951 681 fente
1955 558 2075 640 nt
2090 517 2441 682 d’Afy
2440 515 2575 628 les
2595 554 2808 624 aux
2830 501 3182 620 bonnes
3196 502 3616 617 Lettres.

851 686 1020 842 Ily
1040 734 1107 801 a
1133 690 1302 801 des
1311 684 1821 842 perfonnes
1867 688 1991 800 de
2001 687 2373 843 fcience
2425 719 2542 822 (g
2535 702 2562 739 3
2607 672 3145 823 d'intégrité
3169 670 3201 786 ;
3261 669 3412 776 Et
3453 667 3631 776 des

856 848 1133 1002 luges
1176 844 1629 1008 aufquels
1658 888 1791 962 on
1824 879 2062 1010 peut
2108 838 2529 1007 appeller
2570 835 2693 945 de
2736 832 2839 944 la
2882 823 3387 982 mauuaife
3428 862 3629 985 opi¬

851 1050 1082 1118 nion
1098 1007 1236 1118 du
1265 1006 1716 1164 vulgaire
1733 1101 1767 1140 y
1817 1038 1957 1156 çcp
1988 1009 2112 1121 de
2158 1010 2264 1121 la
2307 998 2887 1164 perfecution
2918 987 3083 1103 des
3108 988 3621 1141 demi-Jfa-

850 1210 1136 1280 uans.
1207 1171 1606 1283 Comme
1623 1181 1712 1285 ie
1737 1169 2196 1286 travaille
2233 1204 2494 1328 pour
2537 1160 2640 1273 la
2659 1149 2932 1310 feule
2937 1150 3238 1310 gloire
3267 1147 3434 1260 des
3459 1149 3628 1258 let-

852 1359 1097 1456 tres,
1124 1357 1261 1473 çtf
1284 1376 1471 1489 que
1492 1375 1581 1445 te
1600 1334 2283 1491 fbnbaitterois
2324 1369 2519 1486 que
2544 1366 2747 1435 mes
2746 1318 3089 1474 fautes
3116 1310 3637 1471 deuinffent

839 1485 1346 1650 publiques
1363 1582 1392 1622 y
1425 1491 1628 1642 afin
1653 1496 2034 1657 quelles
2047 1498 2470 1653 pcuffent
2493 1476 2903 1643 profiter
2927 1479 2950 1595 ;
2988 1478 3189 1634 Vay
3208 1469 3639 1627 dtufans

855 1652 1142 1764 doute
1157 1649 1584 1769 chercher
1618 1697 1762 1770 ces
1808 1655 2268 1770 excellens
2311 1649 2754 1764 hommes
2808 1681 2982 1802 qui
3025 1670 3196 1751 ont
3217 1633 3646 1791 conférue

859 1813 947 1924 le
987 1809 1167 1925 bon
1165 1813 1407 1969 fins
1428 1818 1815 1973 malgré
1840 1820 1943 1930 la
1978 1850 2475 1974 contagion
2503 1835 2533 1955 ,
2580 1834 2719 1954 &
2764 1802 2975 1915 leur
3010 1840 3415 1954 envoyer
3448 1838 3651 1904 mes

863 1980 1492 2131 Remarques
1491 2065 1524 2102 y
1551 1979 1756 2129 afin
1803 1979 2084 2136 quils
2129 2022 2248 2089 en
2281 2012 2652 2130 pronon
2639 1971 2999 2126 gaffent
3017 1959 3647 2115 fomerame-

859 2165 1136 2246 ment
1174 2132 1238 2245 b
1240 2137 1626 2292 Arrefi.
1684 2142 1840 2251 Et
1856 2136 2320 2248 d'autant
2342 2130 2590 2286 qu'il
2611 2128 2702 2235 ri
2667 2169 2763 2282 y
2789 2172 2854 2232 a
2869 2155 3146 2277 point
3166 2120 3465 2273 d'Af
3455 2158 3656 2223 em¬

861 2289 1061 2406 blée
1080 2337 1201 2404 en
1219 2293 1281 2404 t
1299 2300 1679 2453 Europe
1730 2288 1859 2403 oit
1897 2290 1985 2405 le
2024 2286 2417 2403 nombre
2445 2289 2575 2391 de
2594 2327 2739 2389 ces
2746 2280 3135 2430 grands
3163 2283 3519 2380 Cernes
3521 2268 3653 2419 fe

869 2487 1351 2569 rencontre
1378 2452 1603 2616 plus
1625 2454 2101 2612 aifément
2123 2492 2313 2611 que
2357 2443 2619 2556 dans
2645 2436 2747 2549 la
2785 2433 3123 2587 lofirey
3157 2425 3663 2580 Cefiauec

872 2614 1196 2774 raifon
1215 2660 1402 2780 que
1420 2660 1512 2728 te
1536 2657 1796 2729 vous
1820 2609 2312 2728 demande
2352 2605 2456 2717 la
2498 2598 2876 2753 cenfure
2900 2679 2930 2721 3
2974 2630 3098 2701 ou
3136 2586 3196 2699 b
3198 2579 3654 2746 approba¬

873 2784 1083 2894 tion
1111 2779 1243 2891 de
1275 2808 1513 2890 cette
1549 2779 1999 2936 Critique
2049 2816 2241 2933 que
2287 2774 2653 2880 levons
2697 2757 2817 2865 de
2820 2753 3007 2863 die.
3062 2752 3205 2860 Ce
3241 2747 3465 2899 nef
3481 2780 3665 2897 pas

882 2985 1073 3100 que
1133 2947 1223 3053 ie
1268 2971 1569 3053 mette
1592 2983 1717 3051 en
1767 2942 2055 3051 doute
2099 2933 2203 3045 la
2268 2923 2807 3089 perfection
2847 2911 2969 3024 de
3031 2908 3503 3059 bomrage
3545 2904 3665 3014 de

882 3111 1070 3224 M
1060 3136 1102 3179 r
1136 3102 1260 3215 de
1304 3101 1723 3255 Scudery
1746 3146 1778 3230 ,
1808 3144 1933 3260 ny
1974 3139 2166 3256 que
2206 3134 2296 3202 te
2370 3091 2752 3239 craigne
2788 3115 2978 3234 que
3024 3072 3336 3221 vofre
3368 3062 3668 3217 fenti-

891 3299 1167 3378 msnt
1205 3306 1329 3375 ne
1337 3262 1825 3418 foiteeluy
1869 3258 1989 3368 de
2037 3284 2299 3365 toute
2334 3211 2395 3348 l
2409 3286 2475 3353 a
2519 3250 2783 3352 Cour
2801 3242 3115 3342 .mais
3157 3228 3674 3379 tepourrois

894 3470 1179 3540 avoir
1188 3422 1403 3537 mal
1438 3417 1903 3535 travaillé
1907 3415 2105 3569 fur
2132 3402 2573 3525 vnbeau
2601 3403 2867 3552 fujet
2886 3416 2915 3531 ?
2943 3414 3085 3531 &
3101 3386 3308 3532 cefl
3315 3383 3686 3539 dequoy

896 3598 986 3708 ie
1006 3631 1284 3702 veux
1306 3631 1412 3697 m
1428 3579 1902 3740 éfclaircir
1932 3619 2056 3689 en
2100 3610 2358 3684 vous
2398 3561 2502 3673 la
2538 3552 3131 3718 prefentant.
3172 3547 3675 3658 Receuezr

899 3752 1007 3868 la
1030 3839 1059 3877 y
1113 3795 1165 3860 s
1189 3745 1271 3861 il
1303 3789 1553 3859 vous
1587 3744 1927 3907 piaf,
1983 3772 2222 3849 auec
2259 3753 2634 3840 autant
2668 3716 2792 3829 de
2831 3704 3257 3821 candeur
3285 3747 3314 3858 ,
3371 3741 3557 3857 que
3592 3704 3681 3810 ie

908 3954 1160 4028 vous
1203 3907 1480 4068 l'ojfre
1522 3934 1550 4052 )
1602 3932 1742 4052 &
1791 3895 2204 4061 laquelle
2255 3894 2342 4002 ie
2388 3927 2510 3997 ne
2539 3876 2924 4041 profejfe
2957 3903 3140 4028 pas
3163 3859 3692 4012 feulement

908 4076 1167 4190 dans
1188 4115 1387 4185 mes
1408 4110 1871 4225 ouvrages
1899 4108 1928 4193 ,
1956 4069 2219 4174 mais
2244 4089 2515 4164 encor
2554 4041 2813 4155 dans
2834 4073 3039 4146 mes
3060 4026 3526 4179 amitieT^j
3552 4040 3692 4172 Çf

915 4238 1174 4352 dans
1197 4266 1458 4349 toute
1503 4230 2112 4387 l'infitution
2137 4218 2262 4333 de
2283 4254 2458 4327 ma
2483 4208 2686 4319 vie.
2858 4197 2973 4304 le
2982 4188 3203 4349 fuis
3225 4271 3260 4314 ,

926 4562 1255 4682 ME
1298 4568 1501 4673 SS
1546 4551 1611 4665 l
1652 4560 1767 4669 E
1814 4555 2047 4674 FR
2104 4555 2233 4672 S,

2414 4808 2709 4897 Voftrc
2746 4780 3345 4886 très-humble,
3388 4788 3692 4865 &tre$-

2526 4915 2931 5010 obeïflant
2982 4904 3415 4989 fcruitcur,

2428 5046 2539 5131 SI
2578 5046 2727 5131 LL
2754 5035 2949 5122 AC
3044 5023 3243 5111 D’A
3269 5017 3431 5105 RB
3457 5002 3703 5098 OIS.
