4267 5654
1121 258 2731 389 TRAGI-COMEDIE.

3304 311 3352 396 3
1516 534 2318 655 HECVBE.

566 782 2189 950 Aîais,ALadame,fouffre&quc
2216 823 2397 895 ma
2422 816 2951 947 compagne
2980 808 3349 948 çfmoy

567 970 658 1074 S
635 953 1092 1115 fâchions
1139 950 1376 1117 quel
1415 954 1552 1111 efi
1589 949 1902 1094 l'objet
1943 992 2120 1109 qui
2148 944 2542 1062 charme
2590 949 2848 1104 ainfi
2882 948 2970 1062 le
3020 954 3282 1114 Roy,

583 1123 921 1239 Nulle
979 1130 1333 1237 Dame
1379 1162 1445 1226 a
1477 1115 1579 1233 la
1631 1121 1901 1232 Cour
1943 1111 2165 1228 rien
2200 1122 2749 1278 paroifiant
2797 1158 3171 1245 aimee,

560 1294 690 1403 T
698 1286 998 1403 eut-il
1030 1329 1312 1399 auoir
1350 1326 1512 1396 vn
1516 1283 1712 1443 feu
1730 1280 1992 1442 fans
2002 1277 2388 1436 famé,
2426 1308 2568 1432 çf
2580 1280 2848 1441 fans
2864 1282 3306 1440 fumee?

1454 1543 1575 1653 O
1640 1545 1743 1656 R
1790 1544 1933 1661 M
1982 1541 2075 1656 E
2126 1542 2251 1659 N
2314 1541 2441 1656 E.

577 1792 791 1903 Las
825 1795 852 1902 !
875 1788 954 1902 il
991 1789 1224 1947 nefi
1259 1828 1454 1948 que
1505 1819 1716 1950 trop
1741 1829 2010 1953 vray
2057 1832 2252 1952 que
2265 1783 2470 1947 fin
2519 1830 2776 1901 cœur
2825 1782 3247 1920 allumé,

566 1957 913 2105 Brufle
956 1952 1217 2067 d’vn
1240 1953 1421 2122 feu
1424 1950 1751 2111 fecret
1792 1954 2043 2069 dont
2078 1952 2161 2070 il
2206 1958 2345 2113 efi
2388 1954 2909 2115 confumé!

572 2120 750 2231 La
775 2121 1094 2280 famé
1141 2118 1750 2279 quideftruit
1802 2118 1908 2231 la
1962 2121 2478 2284 Capadoce
2518 2127 2914 2252 entière,

579 2291 891 2403 Vient
939 2284 1063 2395 de
1105 2281 1319 2394 celle
1361 2282 1817 2397 d'amour
1850 2291 2033 2441 qui
2073 2286 2241 2445 luy
2254 2283 2487 2439 firt
2533 2286 2663 2397 de
2713 2288 3131 2400 matière
3143 2375 3165 2399 .

568 2448 766 2555 Ne
788 2485 1046 2556 vous
1062 2441 1672 2595 fouuient-il
1696 2476 1884 2602 pas
1932 2485 2132 2607 que
2176 2444 2270 2559 le
2318 2453 2544 2612 Roy
2590 2455 2840 2565 vint
2882 2456 3030 2609 icy

543 2610 859 2723 *Tour
883 2606 1239 2761 vifiter
1271 2650 1505 2720 mon
1535 2645 1823 2771 pere,
1851 2637 1993 2759 &
2039 2658 2235 2774 que
2283 2659 2411 2777 ty
2461 2622 2709 2732 vins
2737 2620 2975 2776 aufii
3007 2626 3074 2727 ?

562 2772 665 2883 Jl
682 2773 883 2885 vid
900 2806 1153 2928 pour
1162 2816 1397 2884 mon
1422 2772 1982 2905 mal-heur,
2014 2777 2103 2890 le
2108 2778 2315 2932 fort
2348 2786 2807 2940 méfiant
2824 2789 3338 2916 contraire,

561 2932 740 3047 La
779 2931 1018 3048 belle
1057 2933 1564 3049 l?olixene
1621 2939 1998 3101 efpoufe
2047 2942 2174 3056 de
2213 2988 2448 3060 mon
2469 2952 2740 3110 frere
2765 3037 2799 3081 ,

568 3104 725 3215 Et
742 3099 859 3258 fi
891 3096 1035 3270 lai
1030 3102 1173 3271 fa
1213 3096 1665 3217 charmer
1709 3148 1779 3214 a
1824 3104 1999 3221 des
2052 3117 2469 3230 attraits
2504 3114 2585 3272 fi
2636 3115 2879 3231 dous
2908 3168 2943 3230 :

1363 3360 1458 3471 C
1507 3361 1782 3473 ASS
1819 3365 2509 3484 ANDRE.

558 3589 786 3713 Elle
810 3597 951 3752 efi
972 3590 1202 3709 belle
1212 3599 1277 3742 (
1292 3598 2130 3768 ilefivrdyjmais
2156 3647 2550 3774 nonpas
2560 3615 2792 3781 plus
2812 3666 3008 3784 que
3032 3671 3292 3742 vous
3300 3716 3324 3744 .

1481 3865 2367 3993 HECVBE.

549 4096 716 4207 Et
747 4098 1026 4251 puis,
1075 4106 1544 4266 quelques
1583 4148 1890 4276 appas
1939 4163 2136 4277 que
2185 4116 2374 4235 ton
2411 4167 2940 4290 remarque
2961 4174 3084 4245 en
3103 4133 3317 4270 elle,

555 4262 935 4415 Eflant
948 4262 1093 4421 fa
1133 4261 1371 4382 belle
1382 4270 1711 4431 fieur,
1736 4280 1877 4437 fa
1884 4281 2221 4435 fiame
2258 4293 2399 4447 efi
2428 4292 2993 4410 criminelle.

1447 4537 1720 4654 OR
1777 4545 2421 4672 MENE.

544 4756 651 4870 Il
668 4757 948 4884 brûla
986 4774 1582 4937 cependant,
1634 4786 1974 4950 depuis
2016 4833 2116 4904 ce
2150 4802 2582 4956 premier
2622 4807 2868 4934 iour,

545 4932 670 5039 D
695 4975 856 5044 vn
871 4938 1067 5092 feu
1107 4990 1281 5105 qui
1289 4948 1837 5108 furmonta
1881 4957 2143 5130 celuy
2189 4964 2313 5081 de
2373 4972 2687 5130 nofire
2727 5012 3133 5103 amour,

2738 5139 2827 5234 A
2914 5140 2975 5272 ij
