4267 5708
1028 321 1137 413 16
1320 279 2165 403 L'AMOVR
2268 282 3612 458 TIRANNIQYE,

1198 1191 3663 1513 SCENE

1404 1641 3412 1857 QVATR1ESME.

1368 1982 2452 2131 POLIXENE,
2524 1992 3446 2147 TIGRANE,

1887 2313 2935 2449 POLIXENE.

577 2625 957 2707 Ils ſont ſur
581 2720 950 2795 vn Baſtion.
1581 2634 1732 2750 N
1753 2633 1942 2747 FI
1959 2637 2114 2750 N
2147 2643 2638 2801 Seigneur
2649 2734 2680 2778 3
2735 2637 3002 2799 enfin
3047 2736 3080 2782 3
3149 2644 3522 2815 l'efpoir
3553 2704 3794 2781 nous

1736 2797 2338 2918 abandonne
2360 2892 2394 2934 3

1578 2972 1736 3082 Et
1762 3002 2026 3129 pour
2058 3014 2222 3082 me
2272 2975 2788 3130 conferuer
2822 3019 2854 3105 ,
2928 3016 3190 3088 vous
3232 2983 3638 3143 perdes
3676 2988 3786 3103 la

1739 3136 2262 3251 Couronne
2285 3181 2318 3247 :

967 3301 1163 3414 Ha
1191 3306 1237 3410 !
1263 3300 1985 3459 deflourne\ce
1987 3347 2035 3414 s
2046 3346 2345 3460 yeux
2374 3348 2567 3465 que
2595 3346 2683 3418 te
2709 3347 2911 3469 voy
2933 3339 3147 3420 tous
3171 3350 3295 3419 en
3298 3309 3669 3473 pleurs,

968 3471 1172 3582 Du
1224 3467 1580 3629 vtfage
1602 3464 1914 3624 fatal
1948 3512 2126 3628 qut
2184 3469 2470 3631 caufe
2508 3514 2702 3586 vos
2754 3467 3262 3589 malheurs
3266 3563 3286 3589 .

951 3634 1387 3757 Priuez
1389 3634 1555 3768 -le,
1569 3629 2084 3806 priuelffe
2127 3634 2252 3749 de
2297 3671 2544 3753 cette
2567 3677 2870 3796 grâce
2915 3640 3284 3814 infigne
3303 3683 3336 3765 i

967 3801 1165 3916 Ne
1211 3800 1297 3919 le
1353 3799 2405 3965 regardelfplus,puis
2434 3802 2679 3970 quil
2713 3847 2837 3919 en
2877 3811 3013 3966 efi
3053 3806 3513 3969 tndigne,

964 3963 1078 4082 le
1122 4002 1464 4087 trouue
1496 4014 1692 4134 que
1732 3967 2104 4086 chacun
2154 4012 2220 4084 a
2264 3973 2528 4088 droit
2564 3972 2690 4086 de
2714 4015 2874 4087 me
2916 3969 3344 4138 blafmer
3370 4019 3398 4103 ;

961 4143 1239 4254 Aies
1247 4184 1543 4299 yeux
1587 4170 1763 4254 ont
1775 4137 2011 4299 fait
2027 4180 2187 4252 vn
2215 4182 2509 4258 crime
2513 4184 2673 4276 ,en
2703 4139 3037 4302 mefat
3025 4142 3285 4304 fiant
3299 4149 3643 4258 aimer.

958 4309 1295 4420 Adais
1366 4315 1923 4470 Seigneur,
2000 4301 2267 4423 dans
2332 4309 2647 4468 befiat
2708 4349 2839 4423 ou
2908 4307 2997 4422 le
3086 4317 3443 4469 Defiin
3506 4350 3747 4425 nom

1130 4512 1470 4629 range.

961 4639 1315 4753 Faites
1363 4683 1561 4801 que
1599 4650 1925 4801 voftre
1959 4652 2247 4766 main
2289 4693 2449 4763 me
2487 4650 2859 4813 punijfe
2907 4673 3049 4798 çtf
3097 4683 3351 4757 vous
3371 4682 3749 4802 vange.

956 4809 1235 4924 Vous
1252 4842 1668 4969 pouuez>
1696 4813 2503 4975 reftablirvofire
2526 4856 2959 4986 premier
2976 4806 3480 4944 bon-heur,

948 4973 1114 5094 Et
1125 4972 1516 5138 fauuer
1538 4982 1864 5143 vofire
1918 4991 2394 5148 Eftat,en
2393 4987 2862 5158 fauuant
2878 5028 3110 5102 mon
3132 4980 3606 5100 honneur.

3302 5137 3762 5268 Accorde^
