4267 5575
887 342 948 427 4
1772 293 2776 396 D1SCOVRS

876 443 922 511 fi
944 462 1124 512 nous
1146 463 1230 511 en
1252 462 1478 513 allons
1500 441 1560 511 le
1590 434 1780 510 loifir
1808 441 1880 507 Sc
1916 438 2044 534 qui
2068 435 2436 535 regardent
2458 429 2744 506 l’Office
2774 428 2872 503 du
2898 431 3122 508 Pocte
3156 487 3174 517 ,
3206 445 3278 511 &:
3318 446 3474 514 voir
3508 443 3552 515 fi
3588 471 3726 522 no*

875 541 1002 611 ftre
1037 542 1098 614 A
1133 541 1366 611 uheur
1399 566 1490 609 en
1525 567 1562 609 a
1599 561 1684 606 eu
1719 536 1782 606 la
1819 530 2669 638 cognoifl'anceparfaite,
2705 542 2778 606 Si
2813 531 2916 605 s’il
2949 533 3112 608 lésa
3145 537 3725 630 iuftementmifes

871 639 1047 713 dans
1071 648 1191 711 ion
1217 643 1489 714 Amour
1521 641 2011 735 Tyrannique.

954 746 977 812 l
1014 770 1050 812 a
1086 741 1288 812 Fable
1338 733 1770 836 qu’Ariftote
1820 738 2045 837 prend
2076 762 2258 836 pour
2296 737 2360 808 la
2400 736 3290 840 matieredelaTragedic,
3332 750 3455 840 qui
3490 751 3722 828 eftl’a-

874 845 1066 913 £lion
1099 847 1118 921 ,
1146 847 1216 911 Si
1245 862 1424 937 pour
1462 837 1524 907 la
1562 835 1970 938 difpofition
2000 838 2084 910 de
2114 837 2292 911 celle
2328 840 2606 917 a&ion,
2645 836 2820 938 qu’il
2850 865 3136 914 nomme
3170 843 3232 913 la
3270 846 3718 932 conftirution

869 939 991 1011 des
1021 935 1257 1010 chofes
1293 988 1311 1020 ,
1341 936 1561 1008 cftint
1589 935 1657 1010 la
1685 943 2023 1038 première
2059 938 2231 1010 dans
2275 937 2527 1012 l’ordre
2563 939 2647 1008 de
2687 942 2751 1010 la
2779 940 3081 1016 diuifion
3125 1000 3139 1026 ,
3179 945 3321 1017 l’eff
3355 950 3513 1019 aulfi
3551 957 3719 1034 dans

862 1038 1065 1136 c<luy
1104 1038 1191 1111 de
1226 1036 1640 1114 l’cxellence.
1726 1039 1913 1112 C’cft
1948 1066 2037 1112 en
2084 1038 2149 1112 fa
2186 1037 2431 1115 faueur
2478 1065 2623 1141 que
2660 1040 2719 1112 le
2758 1041 3177 1144 Philofophe
3226 1048 3629 1151 apportée
3670 1064 3719 1138 fi

862 1136 1404 1224 bellesraifons,
1432 1139 1590 1213 c’eft
1622 1138 1750 1212 elle
1780 1141 1950 1241 qu’il
1986 1168 2272 1216 nomme
2298 1146 2520 1218 l’Ame
2558 1143 2642 1215 de
2678 1144 2742 1218 la
2774 1148 3160 1247 Tragédie,
3184 1155 3254 1221 Sc
3296 1149 3718 1261 fanslaqucl-

861 1241 890 1309 1
967 1240 1018 1310 il
1053 1238 1381 1311 fouftient
1411 1239 1665 1341 qu’elle
1693 1268 1777 1314 ne
1799 1267 1967 1343 peut
2003 1244 2171 1317 cftre
2195 1244 2513 1347 parfaire.

939 1339 1023 1410 Et
1059 1336 1143 1410 de
1179 1367 1343 1438 vray
1365 1343 1693 1443 .puifque
1721 1344 1779 1414 la
1809 1343 1901 1415 fin
1927 1346 2021 1417 eft
2053 1346 2111 1418 le
2152 1347 2491 1452 principal
2523 1347 2697 1422 dans
2737 1374 2971 1424 toutes
3009 1352 3103 1422 les
3121 1351 3357 1427 chofes
3378 1382 3397 1438 ;
3416 1384 3549 1458 que
3566 1369 3713 1444 c’eft

856 1463 1044 1541 pour
1078 1439 1208 1511 elle
1240 1467 1382 1540 que
1416 1442 1556 1515 l’on
1590 1443 1718 1516 fait
1758 1470 1956 1529 tout,
1996 1452 2068 1518 &
2092 1450 2126 1520 à
2146 1449 2272 1521 elle
2304 1478 2444 1550 que
2480 1473 2638 1523 tout
2660 1452 2718 1524 fe
2748 1478 3076 1555 rapporte
3110 1512 3130 1540 ,
3154 1455 3216 1527 la
3244 1455 3336 1528 fin
3364 1458 3446 1530 de
3470 1458 3722 1542 laTra.

853 1542 1062 1639 gedie
1105 1541 1326 1616 estant
1365 1544 1668 1618 d’imiter
1687 1546 1750 1618 le
1779 1546 2144 1623 bon-heur
2169 1577 2264 1625 ou
2295 1559 2358 1624 le
2389 1551 2738 1626 mal-heur
2773 1554 2894 1627 des
2915 1555 3287 1641 hommes,
3315 1565 3380 1632 Si
3407 1560 3502 1633 les
3523 1565 3721 1644 hom¬

851 1669 1003 1715 mes
1033 1640 1331 1718 n’eftans
1371 1646 1683 1719 heureux
1713 1674 1807 1720 ou
1839 1649 1977 1722 mal
2017 1650 2329 1728 heureux
2369 1708 2389 1738 ,
2421 1655 2789 1756 qu’entant
2823 1655 3027 1755 qu’ils
3049 1659 3337 1756 agiflent
3365 1688 3385 1744 ;
3423 1662 3483 1734 la
3527 1669 3725 1744 Fable

848 1741 1003 1816 fans
1038 1744 1258 1819 doute
1280 1748 1377 1818 cft
1394 1748 1452 1820 la
1476 1758 1814 1847 première
1834 1758 2050 1853 partie
2074 1752 2158 1827 de
2184 1757 2244 1827 la
2266 1757 2642 1856 Tragédie,
2664 1756 2982 1831 d’autant
3000 1759 3252 1860 qu’elle
3280 1770 3592 1841 contient
3612 1767 3726 1844 Fa¬

850 1845 1050 1914 ction
1078 1854 1094 1929 ,
1142 1855 1210 1919 Sc
1241 1873 1382 1948 que
1424 1850 1708 1925 l’aCtion
1742 1859 2058 1928 contient
2094 1856 2158 1929 la
2188 1855 2444 1932 félicité
2470 1885 2562 1935 ou
2602 1859 2662 1932 le
2700 1861 2842 1931 mal
2888 1861 3062 1936 heur
3091 1916 3106 1944 ,
3131 1869 3254 1965 qui
3292 1866 3388 1938 est
3426 1866 3488 1940 la
3518 1869 3614 1945 fin
3637 1873 3722 1948 de

845 1943 913 2015 la
945 1947 1321 2047 Tragédie.

920 2045 1011 2116 Et
1042 2071 1261 2117 certes
1300 2104 1313 2120 .
1364 2047 1653 2147 puisque
1708 2058 1857 2129 fans
1894 2059 1957 2129 la
1988 2060 2193 2133 Fable
2226 2115 2244 2143 ,
2286 2089 2379 2134 vn
2424 2070 2643 2139 Pocte
2684 2066 2747 2138 fe
2770 2066 3074 2146 feruant,
3096 2068 3217 2141 des
3244 2073 3572 2155 Moeurs,
3598 2075 3719 2150 des

844 2143 1286 2228 Sentimens,
1324 2146 1410 2216 de
1432 2146 1494 2217 la
1520 2153 1856 2235 DiCtion,
1882 2160 2012 2253 qui
2050 2160 2202 2227 font
2232 2161 2328 2228 les
2352 2188 2580 2233 autres
2604 2172 2896 2263 parties,
2918 2167 3222 2241 n’auroit
3246 2196 3388 2242 non
3414 2174 3570 2268 plus
3600 2171 3722 2250 fait

847 2267 938 2315 vn
983 2246 1250 2316 Poème
1283 2245 1623 2342 régulier,
1659 2252 1881 2340 qu’vn
1913 2259 2185 2319 Peintre
2217 2266 2447 2330 auroit
2471 2262 2597 2335 fait
2625 2262 2881 2339 vnbon
2907 2264 3529 2349 tableau,méfiant
3551 2301 3725 2348 con-

841 2341 1181 2414 fufement
1207 2343 1265 2413 la
1295 2346 1615 2441 Lacquc,
1635 2344 1889 2418 l’Azur
1927 2345 2395 2436 d’outremer,
2439 2362 2507 2423 &
2535 2361 2629 2425 les
2651 2388 2883 2428 autres
2917 2368 3241 2431 couleurs
3271 2363 3419 2434 fans
3451 2398 3727 2446 aucune

840 2448 1306 2545 portraiture;
1350 2450 1422 2516 Sc
1468 2443 1682 2543 qu’au
1712 2454 2058 2520 contraire
2104 2476 2196 2523 vn
2250 2453 2464 2524 Poète
2522 2479 2692 2526 aucc
2738 2454 2800 2526 la.
2836 2455 3014 2527 feule
3054 2460 3290 2531 aCtion
3338 2516 3358 2548 ,
3392 2478 3716 2564 pourroic

843 2541 1010 2617 auffi
1031 2546 1194 2618 bien
1230 2539 1400 2616 faire
1426 2569 1560 2615 vne
1596 2541 1776 2618 belle
1807 2550 2202 2652 Tragedie,
2231 2552 2448 2649 qu’vn
2485 2559 2760 2627 Peintre
2797 2582 2928 2629 vnc
2951 2555 3132 2630 belle
3157 2559 3413 2659 figure,
3437 2592 3604 2639 aucc
3625 2571 3714 2646 de

841 2647 905 2719 la
945 2650 1273 2748 sanguine
1313 2670 1407 2718 ou
1445 2646 1541 2717 du
1573 2645 1919 2735 charbon;
1963 2654 2013 2726 il
2057 2678 2165 2727 me
2209 2651 2463 2728 femblc
2499 2656 2673 2755 qu’il
2709 2656 2815 2755 n’y
2867 2683 2901 2725 a
2941 2658 3095 2757 plus
3139 2658 3277 2731 lieu
3331 2662 3417 2736 de
3457 2668 3711 2744 douter

838 2746 1097 2845 qu’elle
1124 2775 1207 2819 ne
1244 2745 1371 2820 foit
1408 2748 1471 2821 la
1510 2755 1889 2852 principale
1914 2762 2139 2857 partie
2160 2755 2369 2828 d’vnc
2400 2756 2603 2829 choie
2636 2809 2656 2840 >
2686 2756 2837 2828 fans
2864 2757 3165 2853 laquelle
3200 2761 3374 2834 celle
3412 2766 3610 2839 choie
3648 2771 3715 2842 11

834 2875 926 2923 ne
968 2874 1138 2952 peut
1172 2849 1382 2936 eftre,
1428 2858 1500 2925 Sc
1532 2852 1790 2953 quelle
1812 2883 1896 2927 ne
1918 2855 2328 2936 doiueestre
2356 2856 2520 2931 mife
2546 2857 2816 2932 deuant
2854 2855 2948 2927 les
2972 2880 3204 2932 autres
3227 2866 3520 2961 parties,
3555 2873 3712 2969 puis

835 2947 1127 3053 qu’elles
1147 2979 1233 3025 en
1253 2951 1661 3056 dépendent
1695 2954 1744 3028 fi
1777 2959 2379 3033 ncceflairemenr.

917 3053 1701 3159 Dauantagc,puifquc
1738 3056 2137 3135 laderniere
2172 3062 2377 3138 chofe
2414 3091 2557 3164 que
2578 3067 2673 3142 les
2706 3066 3033 3139 hommes
3066 3088 3501 3169 apprennent
3536 3071 3709 3144 dans

830 3153 930 3227 l'es
958 3158 1154 3243 Arts,
1196 3184 1394 3259 apres
1436 3158 1810 3263 beaucoup
1862 3163 1902 3235 d
1928 3171 2232 3238 cxcrcice
2276 3173 2346 3240 &
2388 3166 2472 3240 de
2506 3167 2854 3270 diligence
2886 3219 2906 3251 ,
2934 3167 3028 3240 est
3052 3196 3124 3238 ce
3160 3169 3328 3267 qu'il
3370 3198 3404 3266 y
3438 3196 3474 3240 a
3514 3171 3708 3244 d’ex-

829 3255 1288 3332 ceilcnt&de
1325 3258 1624 3360 parfait;
1669 3268 1798 3337 Les
1841 3271 2150 3340 Anciens
2177 3271 2572 3367 Poëtesqui
2603 3270 3072 3354 nefçauoient
3103 3293 3494 3368 pasencore
3517 3279 3711 3344 trair-

831 3381 935 3429 ter
967 3358 1035 3430 la
1073 3357 1277 3435 Fable
1297 3361 1881 3460 régulièrement,
1920 3393 2115 3468 quoy
2153 3367 2361 3467 qu’ils
2397 3352 2905 3469 employaient
2944 3392 3067 3468 par
3101 3369 3709 3444 tomdiuincment

822 3459 922 3531 les
946 3480 1180 3535 autres
1222 3468 1476 3561 parties
1514 3467 1958 3556 Tragiques,
1982 3472 2136 3534 font
2166 3471 2284 3531 des
2318 3468 2648 3536 tcfmoins
2676 3464 3142 3562 futfifansque
3166 3467 3228 3537 la
3260 3470 3506 3557 Fable,
3532 3477 3708 3544 don:

818 3557 912 3623 ils
942 3556 1384 3651 n'acquirent
1418 3558 1482 3627 la
1516 3557 2006 3656 cognoilfancc
2029 3586 2170 3660 que
2196 3561 2306 3632 fur
2344 3562 2402 3632 la
2434 3560 2684 3651 fin,est
2716 3562 2860 3635 fans
2894 3563 3342 3637 controuerfc
3378 3568 3440 3636 la
3475 3571 3710 3669 perfe¬

827 3657 1015 3728 ction
1039 3706 1061 3736 ,
1085 3662 1155 3727 3e
1181 3653 1695 3728 l’acheucmcnt
1739 3658 1825 3731 de
1863 3685 1937 3731 ce
1961 3661 2135 3735 beau
2175 3663 2457 3738 Poème.

900 3756 1149 3830 S’ilme
1174 3753 1405 3830 falloit
1422 3758 1699 3833 donner
1724 3760 1845 3831 des
1862 3762 2211 3864 exemples
2232 3763 2319 3836 de
2346 3766 2521 3841 celte
2542 3767 2861 3841 dernière
2882 3791 3182 3867 preuue,
3214 3772 3439 3842 noftre
3462 3773 3700 3845 Théâ¬

828 3881 930 3927 tre
972 3854 1152 3928 rn’cn
1190 3855 1570 3933 fourniroit
1602 3887 1636 3932 a
1646 3858 1778 3936 fiez
1812 3915 1830 3945 ,
1868 3859 2016 3936 fans
2050 3869 2272 3964 queie
2306 3866 2478 3941 fufi’e
2502 3895 2586 3943 en
2606 3872 2806 3972 peine
2832 3871 2984 3941 d’en
3008 3870 3170 3941 aller
3192 3871 3522 3945 chercher
3546 3899 3702 3975 par-

825 3985 937 4055 my
961 3956 1057 4030 les
1075 3961 1309 4032 ruines
1339 3960 1421 4032 de
1445 3958 1505 4035 la
1529 3965 1743 4035 Scène
1773 3968 2119 4064 Grecque.
2137 3971 2235 4039 La
2263 3973 2613 4072 Tragédie
2635 3970 2798 4042 n'est
2821 3997 2939 4071 pas
2973 3971 3018 4044 fi
3041 3971 3269 4045 vieille
3299 3972 3469 4044 chez
3491 4001 3693 4064 nous,

955 4085 1207 4133 encore
1242 4086 1379 4156 que
1401 4090 1579 4137 nous
1597 4065 1659 4136 la
1681 4092 1951 4163 voyons
1973 4068 2145 4141 dans
2169 4067 2231 4143 fa
2256 4072 2649 4171 perfection
2678 4132 2695 4158 ,
2717 4099 2899 4144 nous
2931 4097 3015 4143 ne
3051 4072 3313 4169 l’ayons
3343 4075 3695 4146 vcuëauiïi

827 4160 1136 4235 ansfon
1156 4161 1476 4255 enfance,
1504 4173 1574 4241 Sc
1606 4192 1748 4268 que
1784 4168 2192 4243 lesmefincs
2224 4178 2470 4251 Poètes
2504 4179 2626 4273 qui
2660 4197 2842 4244 nous
2862 4173 3184 4245 donnent
3206 4173 3326 4247 des
3346 4200 3488 4248 ouu
3500 4201 3650 4277 rage
3660 4201 3690 4248 s

823 4287 966 4335 très
1005 4262 1353 4346 achetiez,
1383 4292 1470 4337 ne
1499 4293 1680 4343 nous
1711 4296 1796 4344 en
1835 4298 2044 4369 ayent
2075 4273 2318 4348 donné
2353 4276 2440 4348 de
2475 4301 2608 4347 très
2657 4270 3097 4348 defcCtueux.

905 4364 965 4434 Il
1001 4368 1115 4461 n’y
1149 4391 1189 4435 a
1219 4390 1333 4463 pas
1373 4392 1621 4443 encore
1657 4370 1803 4446 fort
1841 4375 2011 4474 long
2043 4400 2267 4477 temps
2311 4404 2453 4478 que
2487 4377 2549 4447 la
2593 4374 2793 4448 Fable
2815 4375 3015 4448 estoit
3037 4404 3111 4450 ce
3149 4381 3269 4477 qui
3295 4377 3437 4450 leur
3457 4372 3545 4447 fai
3561 4373 3691 4448 foit

834 4465 894 4537 le
918 4468 1148 4538 moins
1188 4463 1272 4535 de
1300 4470 1502 4568 peine
1526 4497 1544 4551 ;
1578 4471 1658 4546 ils
1696 4474 2184 4549 n’eftudioient
2216 4483 2364 4550 rien
2398 4506 2538 4580 que
2582 4479 2644 4548 la
2664 4477 3162 4559 vérification;
3188 4477 3264 4547 ils
3296 4481 3690 4551 traittoient

830 4562 1436 4638 indifféremment
1472 4593 1706 4648 toutes
1726 4576 1940 4651 fortes
1970 4576 2054 4652 de
2078 4583 2438 4664 matières,
2488 4587 2558 4653 &
2587 4604 2904 4679 pourucu
2931 4604 3068 4677 que
3092 4576 3266 4648 dans
3304 4577 3488 4648 leurs
3514 4579 3690 4649 Poè¬

833 4691 981 4739 mes
1007 4664 1091 4738 ils
1121 4659 1389 4739 eustènt
1419 4673 1625 4744 méfié
1657 4679 2143 4753 confusément
2241 4679 2335 4753 les
2377 4680 2835 4764 Amours,les
2875 4676 3243 4761 Ialoufics,
3299 4679 3397 4750 les
3429 4679 3681 4760 Duels,

826 4763 929 4843 les
962 4761 1500 4877 Déguiferaens,
1548 4775 1643 4848 les
1674 4777 2000 4872 Prifons,
2054 4790 2095 4858 6
2094 4804 2125 4856 c
2162 4783 2257 4861 les
2276 4782 2710 4889 Naufrages,
2748 4784 2853 4862 fui
2888 4805 3019 4859 vne
3068 4778 3567 4861 Sccncdiuifce
3600 4801 3681 4848 en
