4267 5663
824 383 879 450 r
1075 302 1921 442 L’AMOYR
2027 298 2365 418 TIR
2403 291 3372 454 ANNIQVE,

1251 522 1397 648 (jf
1411 524 1629 651 trop
1652 482 2870 645 long-temps,mapamre
2895 516 3124 586 ame
3151 464 3547 602 abatué,

838 686 971 788 A
1001 666 1407 832 foujfert
1449 654 1587 769 les
1634 692 2083 810 rigueurs
2138 671 2261 757 de
2305 641 2698 798 l'ennuy
2738 642 2921 802 qui
2965 635 3073 748 la
3114 646 3289 751 tué
3308 687 3343 745 :

839 846 1233 1002 AjpZj,
1291 849 1439 976 &
1473 851 1685 978 trop
1730 817 2386 977 long-temps,
2445 850 2606 919 vn
2649 794 3074 956 mjidelle
3119 798 3454 964 efpoux

842 1016 973 1118 A
1034 986 1499 1164 mefprifé
1532 1029 1677 1099 ces
1714 982 2049 1148 pleurs
2088 982 2271 1143 qui
2312 1025 2361 1089 s
2373 969 2883 1136 ’adreffent
2927 963 2997 1080 à
3048 1013 3341 1084 vous.

846 1168 952 1281 Il
991 1167 1129 1321 efl
1165 1195 1533 1323 temps,
1560 1148 1620 1267 ô
1639 1147 2042 1314 grands
2090 1151 2499 1275 Dieux,
2528 1140 2654 1256 de
2668 1132 2912 1287 finir
2931 1178 3162 1248 mon
3189 1136 3634 1258 martire)

847 1325 1652 1487 AccordeT^moy
1693 1318 1803 1433 la
1840 1347 2158 1445 mort,
2168 1323 2399 1476 puis
2446 1352 2641 1473 que
2687 1312 2781 1419 ie
2825 1303 2933 1418 la
2989 1300 3291 1460 defire
3312 1349 3345 1414 :

860 1504 1016 1616 Et
1053 1540 1178 1610 ne
1221 1496 1438 1652 refis
1410 1490 1634 1656 fez,
1659 1520 1846 1647 pas
1888 1480 1958 1593 à
2013 1524 2110 1594 ce
2155 1519 2410 1594 cœur
2444 1476 3060 1634 langoureux
3088 1559 3120 1598 y

853 1668 1009 1782 Le
1056 1660 1443 1779 remede
1490 1656 1867 1820 ajfeuré
1896 1692 2073 1817 qui
2114 1648 2345 1806 rejle
2386 1687 2601 1757 aux
2646 1632 3383 1754 mal-heureux,

854 1837 962 1947 le
1009 1877 1134 1945 ne
1184 1822 1690 1942 demande
1727 1855 1914 1980 pas
1953 1859 2150 1978 que
2187 1855 2366 1928 ma
2406 1800 2556 1980 fin
2570 1807 2790 1969 foit
2841 1798 3274 1960 vangée,

857 2004 1075 2112 Car
1111 2005 1203 2109 ie
1248 2037 1373 2105 ne
1402 1988 1771 2140 change
1806 2014 2089 2143 point
2109 2028 2137 2141 ,
2168 2023 2420 2141 quoy
2446 2021 2641 2139 que
2665 1970 2851 2088 l'on
2870 2014 2977 2084 m
3006 1975 3155 2083 ait
3180 1959 3635 2124 changée:

860 2167 1208 2278 l'aime
1253 2196 1536 2269 encor
1568 2145 2046 2265 Tindate
2090 2145 2646 2295 inconfiant
2687 2178 3050 2248 comme
3079 2134 3350 2288 ilefi)

863 2331 977 2444 le
1018 2369 1230 2491 croy
1277 2321 1625 2434 deuoir
1661 2308 1895 2423 haïr
1930 2342 2149 2421 tout
2192 2349 2289 2416 ce
2338 2304 2521 2461 qui
2561 2300 2734 2460 luy
2779 2295 3196 2455 déplafi
3218 2337 3243 2413 ;

854 2500 1140 2612 "Puis
1181 2484 1428 2654 qu'il
1463 2510 1722 2597 veut
1769 2517 2002 2592 mon
2053 2466 2422 2635 trefipas
2448 2468 2478 2593 ,
2530 2467 2626 2578 ie
2674 2460 2764 2573 le
2800 2490 3056 2572 tiens
3110 2456 3574 2614 légitimé,

869 2670 1029 2782 Et
1073 2665 1167 2774 ie
1212 2696 1503 2768 veux
1528 2688 1723 2810 que
1746 2687 1923 2758 ma
1970 2671 2229 2752 mort
2280 2625 2897 2782 amoindrie
2909 2617 3101 2781 fon
3140 2624 3469 2735 crime:

870 2829 1158 2985 Fafie
1210 2819 1300 2933 le
1342 2818 1582 2974 itfie
1636 2806 1860 2920 Ciel
1899 2848 2022 2915 en
2069 2801 2518 2955 mofiant
2554 2793 2660 2905 la
2681 2784 3038 2909 clarté,

861 2992 1053 3144 Qu
1082 2988 1165 3104 il
1186 2987 1491 3156 puifie
1542 2982 1867 3092 aimer
1906 2964 2299 3082 ailleurs
2307 2960 2575 3118 [ans
2619 2939 3129 3111 infidélité.

1640 3225 2822 3368 CASSANDRE.

869 3520 1373 3690 Exemple
1418 3504 2069 3634 merueilleux
2104 3496 2234 3612 de
2276 3492 2700 3607 l'amour
2739 3472 3305 3639 conjugale,

868 3694 1114 3844 Que
1133 3734 1394 3809 vous
1398 3687 1736 3848 faites
1754 3671 1978 3792 bien
2020 3668 2259 3781 voir
2278 3701 2473 3823 que
2510 3659 2723 3768 rien
2748 3693 2871 3764 ne
2900 3686 3159 3759 vous
3186 3632 3517 3796 égalé,

863 3868 1151 3980 ‘Puis
1198 3901 1391 4024 que
1441 3848 1705 3966 dans
1753 3841 1889 3957 les
1909 3872 2387 3996 rigueurs,
2423 3849 2565 3972 çf
2588 3818 2850 3934 dans
2874 3809 2964 3926 le
2983 3804 3666 3964 changement,

890 4032 1032 4144 Ce
1067 4070 1322 4140 cœur
1332 4057 1500 4136 tou
1480 4017 1796 4181 fours
1820 4004 2266 4162 confiant
2304 4033 2571 4108 aime
2579 3987 2694 4145 fi
2724 3977 3305 4095 chèrement.

891 4187 1137 4338 Que
1180 4190 1501 4346 vofire
1551 4167 2033 4334 Adajefté
2073 4215 2123 4280 s
2151 4161 2233 4281 il
2250 4160 2415 4322 luy
2431 4154 2733 4322 plaifi
2742 4144 2868 4308 fie
2919 4133 3313 4298 confole,

898 4367 1062 4479 Et
1092 4395 1344 4518 pour
1340 4353 1466 4512 fie
1511 4344 1784 4510 confo
1790 4343 1990 4468 1er,
2016 4383 2060 4449 s
2090 4337 2450 4497 affeure
2496 4367 2619 4437 en
2646 4361 2823 4432 ma
2836 4303 3210 4473 parole,

889 4522 1121 4678 Qui
1159 4522 1326 4684 luy
1333 4549 1723 4684 promet
1766 4548 2091 4674 quvn
2141 4537 2362 4615 tour
2398 4490 2540 4604 les
2594 4488 2960 4601 Dieux
2989 4491 3354 4587 auront
3389 4452 3640 4621 pitié

902 4705 1142 4815 Des
1183 4728 1508 4802 maux
1559 4724 1750 4844 que
1796 4677 1888 4791 le
1926 4682 2146 4830 Roy
2158 4663 2390 4825 fait
2431 4653 2501 4768 d
2497 4651 2641 4823 fa
2660 4644 2975 4801 chafie
3002 4623 3355 4752 amitié
3368 4676 3403 4737 :

905 4869 1071 4983 Et
1122 4851 1375 5022 quil
1403 4850 1570 5011 luy
1613 4843 2059 4957 donnera
2107 4835 2213 4950 la
2241 4824 2580 4995 palme
2629 4816 3069 4937 meritee,

906 5030 1408 5147 Adorant
1442 5013 1550 5134 la
1588 5043 1900 5129 vertu
1938 5000 2188 5171 quil
2232 4979 2899 5162 aperfecutée.
