4267 5575
1988 808 2098 921 A
654 1019 3392 1347 MESSIEYRS

886 1395 1251 1585 de
1430 1395 3171 1607 lacademie

1260 1683 2839 1932 FRANÇOISE'

606 2008 721 2128 E
766 2019 850 2128 S

786 2641 1066 2758 ‘Fuis
1094 2686 1286 2804 que
1303 2697 1560 2773 rvous
1587 2664 1817 2823 efles
1837 2668 1975 2786 les
2001 2672 2283 2836 luges
2300 2680 2429 2796 de
2450 2729 2623 2801 nos
2674 2684 2957 2808 belles
2988 2698 3379 2820 Lettres
3378 2748 3413 2834 >

628 2793 868 2939 Que
877 2819 1402 2975 parvofre
1442 2867 1792 2990 moyen
1812 2831 1918 2948 la
1948 2843 2324 2957 France
2346 2845 2437 2961 ri
2440 2889 2508 2963 a
2520 2852 2744 3014 plus
2766 2862 2972 2976 rien
2990 2906 3057 2972 a
3086 2875 3421 2982 enuier

625 3005 695 3072 a
717 2966 819 3073 la
849 2970 1149 3081 Grece
1333 2980 1403 3094 à
1421 2978 1780 3108 lItalie
1802 3037 1832 3120 )
1864 2993 2106 3142 Que
2144 3047 2400 3126 vous
2424 3016 3148 3187 rendeTfParù
3176 3032 3424 3189 aufi

600 3120 1038 3276 fameux
1056 3177 1250 3291 que
1282 3150 1602 3264 Rome
1626 3182 1774 3304 çf
1812 3166 2275 3283 Athènes
2296 3200 2327 3319 ;
2386 3201 2526 3323 &
2543 3227 2739 3341 que
2763 3189 3079 3346 voflre
3111 3196 3425 3310 Com¬

624 3313 979 3436 pagnie
997 3291 1313 3410 donne
1337 3302 1404 3408 à
1451 3315 1750 3462 nofire
1770 3324 2064 3435 Siecle
2094 3330 2264 3439 des
2306 3338 2678 3452 'Poètes
2723 3372 2864 3490 Çjf
2908 3350 3080 3461 des
3134 3365 3409 3470 Ora¬

626 3469 890 3551 teurs
929 3488 1066 3557 au
1056 3455 1606 3622 fiparfaits
1622 3511 1816 3629 que
1837 3516 1984 3592 ces
2025 3490 2515 3629 Anciens,
2545 3498 2788 3618 dont
2810 3506 2915 3620 la
2956 3525 3423 3634 mémoire

588 3594 833 3762 fera
855 3615 1302 3767 toujiours
1355 3667 1476 3739 en
1499 3672 2086 3760 vénération
2110 3697 2144 3758 :
2188 3649 2295 3765 Il
2281 3700 2380 3817 y
2406 3672 2730 3779 auroit
2772 3711 2892 3784 eu
2918 3670 3040 3784 de
3078 3673 3407 3798 iiniu-

590 3762 827 3914 ftice
849 3764 969 3879 de
991 3817 1109 3887 ne
1133 3819 1387 3899 vous
1398 3822 1583 3949 pas
1603 3795 1943 3919 dedier
1957 3841 2196 3926 cette
2225 3818 2668 3984 Critique
2908 3834 3150 3956 delà
3179 3879 3417 4007 pre-

585 3918 1085 4083 fomption
1113 3941 1230 4055 de
1253 3948 1842 4080 déterminer
1858 3967 2174 4132 defon
2174 3989 2412 4143 prix
2416 3985 2682 4148 fans
2706 4036 2959 4112 vous
2986 4044 3111 4119 en
3133 4017 3417 4127 auoir

616 4086 1809 4268 confultefauparauant.
1853 4133 2162 4253 Nous
2173 4143 2596 4300 fommes
2622 4199 2744 4269 en
2764 4201 2920 4275 vn
2942 4197 3254 4332 temps
3278 4217 3408 4290 ou

614 4275 823 4362 tout
848 4251 937 4368 le
960 4264 1314 4382 monde
1335 4283 1566 4392 croit
1607 4295 1890 4404 auoir
1901 4292 2160 4412 droit
2183 4305 2306 4419 de
2331 4354 2604 4471 inger
2633 4316 2755 4435 de
2777 4320 3419 4488 laVoefe.de

626 4404 1021 4569 laquelle
1047 4431 1487 4588 Anftote
1509 4446 1795 4605 afait
1793 4451 1992 4612 fon
2012 4460 2682 4625 chef-dœrnre
2702 4491 2732 4610 ;
2786 4492 2960 4602 Ou
2984 4489 3120 4609 les
3146 4497 3419 4612 ruel¬

632 4557 758 4670 les
784 4575 941 4692 des
938 4584 1369 4737 femmes
1386 4598 1629 4758 font
1663 4613 1797 4727 les
1827 4618 2426 4749 Tribunaux
2451 4638 2618 4757 des
2647 4644 2866 4808 plus
2890 4648 3212 4772 beaux
3226 4704 3348 4774 ou
3355 4731 3403 4750 -

620 4762 961 4885 urages
983 4758 1011 4863 ;
1045 4759 1215 4867 Ou
1243 4800 1337 4872 ce
1364 4776 1541 4924 qui
1558 4770 1749 4927 fut
1770 4787 2236 4942 autrefois
2258 4794 2362 4911 la
2380 4842 2684 4923 vertu
2700 4812 2824 4924 de
2832 4850 3022 4970 peu
3042 4820 3163 4933 de
3173 4859 3399 4979 per-

593 4881 1004 5039 fonnes.
1044 4909 1429 5040 deuient
1449 4929 1553 5046 la
1577 4940 2014 5062 maladie
2041 4951 2180 5067 du
2201 4966 2593 5124 peuple,
2786 4974 2872 5086 le
2908 4983 3126 5090 vice
3150 4980 3272 5093 de
3298 4979 3406 5099 la

616 5051 1139 5182 multitude
1142 5086 1498 5204 .Mais
1506 5130 1864 5271 parmy
1881 5142 2116 5233 tant
2139 5120 2264 5237 de
2285 5163 2820 5293 corruption
2841 5134 2925 5248 il
2905 5179 3006 5297 y
3033 5182 3102 5253 a
3133 5184 3405 5263 enco~

2880 5297 3065 5406 ẽ ij
