4267 5708
908 319 1003 394 iz
1292 257 2059 383 L'AMOVR
2142 258 2431 370 TIR
2466 261 3381 417 ANNIQVE,

921 449 1076 564 Et
1114 485 1374 560 'vous
1416 434 1744 591 nefies
1749 424 2036 585 ferui
2087 426 2352 543 dans
2378 470 2478 544 ce
2502 474 2980 550 marnais
3003 440 3358 602 deffein
3384 530 3414 572 ,

919 613 1164 758 Que
1197 647 1490 777 parce
1541 623 1870 765 qu'vn
1891 595 2182 760 fujet
2225 597 2442 715 doit
2483 629 2704 716 tcut
2751 646 2892 716 au
2935 613 3528 724 Someram.

1875 873 1970 978 T
2001 870 2152 994 IR
2183 869 2224 974 I
2257 869 2754 981 DATE.

919 1143 1136 1250 Soit
1165 1118 1458 1286 qùon
1483 1095 1942 1274 mefiuue
1969 1109 2116 1273 icy
2135 1180 2166 1236 s
2181 1141 2386 1268 par
2397 1149 2760 1225 amour
2749 1150 2912 1235 .ou
2921 1145 3126 1272 par
3133 1113 3444 1272 force,

920 1289 1341 1454 L'efroir
1376 1283 1635 1400 d'vn
1660 1277 2017 1442 grand
2052 1272 2397 1410 butin,
2436 1280 2575 1439 efi
2616 1318 2835 1394 vne
2854 1272 3087 1393 belle
3114 1323 3501 1396 amorce
3518 1329 3557 1393 :

925 1469 1090 1580 Et
1116 1495 1408 1622 puis,
1459 1451 1676 1567 leur
1694 1442 2114 1563 volonté
2146 1489 2272 1560 ne
2289 1444 2524 1607 fait
2560 1482 2748 1609 pas
2796 1488 3010 1561 mes
3067 1446 3494 1608 deftins,

917 1628 1254 1793 lefuis
1305 1622 1774 1781 Maifre
1795 1660 1828 1768 ,
1891 1645 2032 1770 çf
2059 1659 2294 1729 mon
2313 1608 2808 1777 bras/fait
2817 1619 3130 1777 punir
3139 1616 3282 1735 les
3305 1623 3726 1739 mutins.

1693 1884 2900 2002 PHARNABASE.

917 2134 1278 2298 Efprit
1293 2126 1434 2243 du
1461 2122 1818 2285 grand
1841 2121 2442 2276 Hermon.fi
2455 2153 2628 2233 ton
2655 2119 2818 2235 œil
2825 2166 2990 2236 me
3015 2124 3422 2280 regarde
3449 2169 3480 2252 ;

910 2311 1029 2424 Si
1074 2334 1191 2416 tu
1236 2340 1463 2411 vois
1508 2291 1597 2407 le
1650 2289 1979 2449 depofi
2018 2332 2217 2449 que
2266 2321 2385 2401 tu
2432 2290 2635 2401 mis
2658 2329 2781 2399 en
2832 2329 3011 2402 ma
3034 2289 3365 2447 garde
3388 2330 3423 2412 >

910 2482 1132 2590 Sois
1176 2460 1590 2627 tefmom
1632 2449 2437 2620 qüauiourdhuy
2480 2492 2662 2561 ma
2712 2458 2970 2561 voix
3022 2496 3092 2561 a
3126 2450 3580 2567 combatu
3598 2540 3636 2582 ,

901 2643 1108 2753 Les
1107 2631 1670 2796 fentimens
1721 2621 1798 2735 d
1815 2663 1976 2735 vn
1991 2610 2169 2773 fils
2227 2620 2406 2781 qui
2461 2613 2630 2729 ria
2663 2649 2854 2778 pas
2885 2648 3004 2728 ta
3053 2649 3368 2731 vertu
3391 2658 3420 2740 5

908 2813 1067 2924 Et
1078 2798 1181 2968 fi
1218 2795 1265 2911 l
1278 2805 1419 2911 ire
1470 2791 1645 2905 des
1702 2794 2073 2903 Dieux
2122 2783 2387 2894 dans
2416 2780 2841 2942 quelque
2864 2814 3183 2939 temps
3230 2775 3703 2906 l’accable,

903 2963 1280 3092 Grand
1297 2954 2190 3117 Vrince.Jbuuiens
2216 2981 2379 3109 toj
2400 2942 2646 3106 quil
2666 2941 3222 3103 enfutfeul
3232 2938 3682 3106 coupable
3688 3027 3710 3054 .

1865 3213 2768 3332 TIRIDATE.

897 3483 1174 3600 Vous
1220 3516 1380 3587 me
1375 3467 1644 3630 fine.
1667 3467 1730 3510 r
1697 3448 2416 3611 Pharnabafe,
2456 3441 2854 3608 ayeTJle
2865 3439 3360 3600 fouuenir

903 3639 1280 3798 Quyn
1327 3635 1752 3800 difcours
1797 3625 2219 3788 infolent
2233 3618 2363 3777 fe
2399 3648 2651 3780 peut
2671 3611 2955 3772 faire
2985 3615 3319 3771 punir.

908 3809 1319 3923 Chacun
1344 3811 1525 3922 vit
1538 3798 1613 3915 à
1628 3799 1773 3960 fa
1814 3791 2105 3911 mode
2384 3781 2649 3898 dans
2674 3775 2975 3892 l'heur
3016 3820 3209 3941 que
3258 3768 3661 3934 i'efpere,

905 3975 1020 4091 le
1074 4018 1196 4088 ne
1242 4022 1400 4091 me
1448 3972 1702 4133 réglé
1738 3970 2030 4131 point
2066 4001 2204 4075 au
2263 3960 2620 4114 Régné
2661 3943 2788 4060 de
2820 3987 3056 4059 mon
3113 3980 3346 4104 pere
3376 3988 3408 4048 :

917 4147 1060 4258 Ce
1097 4147 1276 4306 qui
1291 4142 1482 4303 fut
1523 4136 1710 4257 bon
1755 4171 2004 4293 four
2045 4122 2579 4288 luy.ferott
2631 4113 3109 4230 marnais
3143 4145 3401 4272 pour
3439 4144 3701 4263 mojj

920 4317 1105 4428 En
1158 4351 1319 4422 vn
1370 4344 1581 4426 mot
1638 4303 1723 4422 il
1760 4332 2197 4464 regnoit.
2232 4320 2371 4445 &
2400 4333 2491 4406 te
2520 4277 2817 4451 penfe
2856 4279 3095 4438 eftre
3146 4281 3397 4437 Roy.

913 4487 1112 4596 Ad
1096 4519 1198 4588 ai
1202 4523 1248 4587 s
1297 4474 1384 4589 le
1395 4472 1894 4635 fafiheux
1934 4463 2190 4615 objet
2234 4504 2428 4625 que
2473 4455 2558 4569 le
2595 4459 2772 4568 De
2737 4454 2966 4609 fin
3004 4490 3106 4559 m
3140 4455 3528 4598 enuoyel

925 4653 1294 4764 Dieux
1293 4678 1520 4803 par
1539 4641 1852 4805 quelle
1875 4625 2698 4799 raifonfoujfrezs
2709 4659 2967 4736 vous
2981 4658 3119 4777 qu
3147 4607 3231 4726 il
3235 4650 3395 4723 me
3421 4638 3677 4763 voye
