4267 5708
948 235 1071 325 i4
1246 189 1478 307 L’A
1506 191 1798 309 MO
1832 190 1940 307 V
1970 194 2078 307 R
2232 196 3548 379 TIRANNIQVE,

974 369 1265 482 Cette
1316 410 1609 492 main
1636 365 1666 500 ,
1700 366 1949 484 dont
1986 370 2075 483 le
2118 366 2387 493 bruit
2410 422 2535 496 en
2549 380 2695 542 fa
2723 384 3039 544 gloire
3064 416 3602 568 naffante,

975 530 1270 659 Voila
1315 532 1500 650 des
1541 532 1826 648 bords
1874 532 2016 653 du
2043 537 2398 705 Tybre,
2429 593 2646 665 aux
2671 596 3062 722 nuages
3085 566 3228 681 du
3251 578 3662 698 Xanthe
3691 629 3720 711 ;

973 695 1202 843 Qm
1242 737 1444 860 par
1497 733 1728 816 tout
1730 700 2280 862 furmonta
2351 711 2486 827 les
2529 713 2974 877 obflacles
3017 732 3348 899 offerts
3374 830 3407 873 ,

973 873 1110 981 A
1155 856 1410 1029 laiffe
1449 863 1712 983 choir
1755 913 1916 985 vn
1973 884 2356 1037 Sceptre
2378 922 2409 1029 ,
2444 909 2586 1033 çf
2609 933 2657 998 s
2688 891 2824 1046 eft
2850 891 3273 1063 foumife
3300 950 3515 1024 aux
3514 914 3767 1074 fers:

972 1037 1161 1150 Ea
1190 1030 1559 1190 fraude
1586 1039 1619 1167 ,
1650 1039 1741 1152 ie
1766 1035 1808 1150 l
1834 1039 2226 1157 aduouë
2252 1088 2282 1177 ,
2316 1089 2385 1162 a
2438 1093 2821 1170 vaincu
2866 1107 3045 1176 ma
3057 1073 3553 1227 prudence
3576 1151 3604 1208 -

978 1196 1203 1361 Jay
1248 1214 1653 1317 commis
1702 1246 1919 1323 vne
1935 1207 2251 1369 faute
2279 1257 2310 1363 ,
2341 1246 2487 1367 çf
2532 1264 2723 1337 ten
2743 1223 2974 1387 fats
2997 1242 3510 1394 penitence
3529 1289 3562 1373 )

977 1354 1096 1477 le
1139 1412 1302 1481 me
1345 1367 1796 1529 confume
1835 1421 1960 1491 en
2009 1423 2276 1494 vain
2333 1427 2460 1501 en
2505 1428 2870 1552 regrets
2878 1395 3382 1565 fuperfus
3405 1453 3432 1535 ;

977 1530 1434 1650 N'es-tu
1462 1573 1658 1702 pas
1678 1538 2392 1703 fatisfait?çf
2438 1601 2632 1720 que
2677 1557 3282 1689 cherches-tu
3310 1579 3628 1741 plus?

978 1704 1289 1823 Veux
1328 1735 1443 1817 tu
1490 1701 1861 1826 bannir
1900 1711 2043 1827 du
2088 1717 2451 1835 monde
2488 1768 2651 1840 vn
2698 1735 3151 1853 innocent
3186 1738 3796 1915 beau-frere?

980 1870 1149 1985 Et
1155 1902 1451 2027 parce
1479 1918 1673 2036 que
1724 1910 1843 1992 tu
1866 1885 2095 1996 vois
2117 1931 2313 2047 que
2346 1885 2657 2050 lefort
2670 1902 2945 2060 mefl
2960 1941 3443 2028 contraire
3459 2006 3494 2048 ,

976 2036 1213 2148 Eon
1260 2024 1613 2195 iniujffe
1627 2041 2007 2201 fureur
2037 2057 2217 2206 qui
2264 2051 2468 2169 nia
2511 2094 2751 2177 tant
2791 2076 3237 2233 outragé\

975 2197 1480 2323 Veut-elle
1529 2200 2160 2327 doublement
2193 2220 2570 2380 affliger
2599 2223 2997 2390 taffligé
3015 2245 3072 2344 ?

977 2357 1182 2485 JSle
1225 2399 1324 2482 te
1336 2361 1792 2528 fuffit-il
1820 2408 2016 2533 pas
2041 2382 2069 2506 ,
2101 2382 2670 2500 inexorable
2711 2395 2834 2503 E
2837 2441 3131 2527 rince,

982 2542 1173 2652 De
1218 2575 1643 2649 mauoir
1678 2548 1875 2653 mis
1902 2540 2335 2702 auxfers
2360 2556 2420 2657 ?
2432 2545 2557 2661 de
2524 2548 2741 2708 foie
2794 2554 2901 2672 la
2934 2564 3457 2685 Erouince
3488 2580 3550 2683 ?

986 2691 1476 2855 Etverfé
1514 2734 1757 2816 tant
1806 2702 1931 2815 de
1945 2704 2278 2864 fang,
2311 2717 2490 2870 qui
2508 2757 2841 2833 monte
2870 2724 3161 2886 iufqu
3190 2777 3403 2845 aux
3432 2739 3790 2869 deux,

978 2866 1289 2982 Eour
1338 2859 1907 2981 demander
1940 2910 2533 3032 vangeance
2584 2875 2651 2986 à
2672 2878 2719 2993 l
2736 2887 3081 3047 équité
3103 2889 3276 3005 des
3309 2899 3676 3014 Dieux
3705 2909 3767 3010 ?

993 3034 1468 3158 Veux-tu
1509 3031 1762 3148 donc
1798 3033 2122 3201 qüvn
2171 3032 2598 3199 abifme,
2655 3053 2958 3210 apelle
2999 3098 3162 3168 vn
3205 3092 3492 3174 autre
3537 3060 3791 3227 abif

1181 3242 1342 3314 me
1393 3216 1436 3312 ?

1006 3366 1169 3484 Et
1186 3407 1515 3526 quvn
1536 3369 1835 3477 crime
1858 3405 1985 3478 en
2006 3395 2181 3478 ton
2226 3369 2801 3534 ame,apelle
2820 3417 2981 3495 vn
3010 3415 3299 3501 autre
3324 3395 3623 3508 crime
3650 3397 3708 3503 ?

994 3536 1199 3654 Ha
1226 3537 1269 3640 !
1313 3528 1839 3694 pardonne
1884 3525 1956 3640 d
2008 3535 2463 3694 Eigram
2486 3544 2518 3669 ,
2544 3537 2632 3653 il
2662 3582 2731 3653 a
2758 3574 2971 3707 trop
3014 3550 3402 3669 enduré
3410 3601 3445 3686 j

1004 3698 1338 3863 Laiffe
1388 3696 1459 3809 d
1506 3737 1607 3811 ce
1641 3733 2029 3862 panure
2076 3704 2463 3817 1?rince
2510 3748 2674 3822 vn
2720 3712 2988 3870 alyle
3039 3718 3357 3882 affuré
3365 3765 3396 3845 ;

1015 3868 1180 3986 Et
1194 3863 1456 4025 fans
1478 3874 2054 4030 pourjuiure
2109 3912 2390 3986 encor
2403 3915 2562 3989 vn
2591 3871 2942 4037 deffein
2960 3881 3344 4042 fifune
3316 3892 3513 4049 fie,

1009 4031 1388 4199 Souffre
1446 4076 1646 4198 que
1689 4034 1946 4148 d'vn
1995 4041 2536 4204 Royaume
2560 4083 2595 4174 ,
2617 4084 2834 4157 vne
2859 4043 3106 4161 vide
3153 4047 3322 4216 luy
3351 4057 3580 4215 reffe
3605 4104 3642 4167 :

1020 4203 1290 4314 Ceft
1308 4199 1527 4316 bien
1548 4198 1653 4314 la
1680 4200 2129 4319 moindre
2162 4240 2403 4368 part
2432 4250 2761 4368 quvn
2792 4204 2957 4365 fils
2961 4257 3059 4378 y
3098 4213 3311 4334 doit
3334 4227 3669 4337 auoir:

1014 4368 1345 4519 Ainfi
1392 4376 1765 4487 iamais
1806 4366 1895 4485 le
1909 4365 2141 4531 fort
2182 4366 2729 4490 riesbranle
2772 4410 2953 4493 ton
2987 4415 3447 4544 pouuoirj

1013 4534 1260 4648 Am
1241 4534 1343 4691 fi
1387 4534 1474 4647 le
1525 4534 1749 4653 Ciel
1783 4532 2082 4654 bénin
2113 4545 2410 4707 puiffe
2457 4537 2828 4659 oublier
2873 4579 2992 4662 ta
3005 4545 3316 4711 faute
3339 4638 3374 4681 ,

1015 4700 1182 4826 Et
1223 4732 1342 4818 ta
1391 4707 1680 4819 main
1723 4705 2226 4871 confruer
2267 4709 2358 4826 le
2409 4721 2800 4880 Sceptre
2842 4712 3178 4876 quelle
3217 4711 3540 4878 niofte
3545 4807 3571 4838 .
