<?xml version="1.0" encoding="UTF-8" standalone="yes"?>
<PcGts xmlns="http://schema.primaresearch.org/PAGE/gts/pagecontent/2013-07-15" xmlns:xsi="http://www.w3.org/2001/XMLSchema-instance" xsi:schemaLocation="http://schema.primaresearch.org/PAGE/gts/pagecontent/2013-07-15 http://schema.primaresearch.org/PAGE/gts/pagecontent/2013-07-15/pagecontent.xsd">
    <Metadata>
        <Creator></Creator>
        <Created>2019-01-04T18:16:07.428+01:00</Created>
        <LastChange>2019-07-24T15:31:32.799+02:00</LastChange>
        <Comments>
                Measurement unit: pixel
                PrimaryLanguage: English
                Language: FrenchStandard
                Producer: ABBYY FineReader Engine 11</Comments>
        <TranskribusMetadata docId="187497" pageId="7458046" pageNr="46" tsid="13101504" status="DONE" userId="10612" imgUrl="https://files.transkribus.eu/Get?id=OCMFDCNNXELMVHAOODLNTBJG&amp;fileType=view" xmlUrl="https://files.transkribus.eu/Get?id=CKLRSNJAFTZAKQJJPBJQGRXN" imageId="2289672"/>
    </Metadata>
    <Page imageFilename="Scudery1639_Amour_btv1b8607044w_corrected_0046.png" imageWidth="4267" imageHeight="5671">
        <PrintSpace>
            <Coords points="0,145 4267,145 4267,5671 0,5671"/>
        </PrintSpace>
        <ReadingOrder>
            <OrderedGroup id="ro_1604223074042" caption="Regions reading order">
                <RegionRefIndexed index="0" regionRef="r_1_1"/>
                <RegionRefIndexed index="1" regionRef="r_1_2"/>
                <RegionRefIndexed index="2" regionRef="r_1_3"/>
                <RegionRefIndexed index="3" regionRef="r_1_4"/>
                <RegionRefIndexed index="4" regionRef="r_1_5"/>
                <RegionRefIndexed index="5" regionRef="r_1_6"/>
                <RegionRefIndexed index="6" regionRef="r_1_7"/>
                <RegionRefIndexed index="7" regionRef="r_1_8"/>
                <RegionRefIndexed index="8" regionRef="r_1_9"/>
                <RegionRefIndexed index="9" regionRef="r_1_10"/>
                <RegionRefIndexed index="10" regionRef="r_1_11"/>
                <RegionRefIndexed index="11" regionRef="r_1_12"/>
                <RegionRefIndexed index="12" regionRef="r_1_13"/>
                <RegionRefIndexed index="13" regionRef="r_1_14"/>
                <RegionRefIndexed index="14" regionRef="r_1_15"/>
                <RegionRefIndexed index="15" regionRef="r_1_16"/>
            </OrderedGroup>
        </ReadingOrder>
        <TextRegion type="paragraph" id="r_1_1" custom="readingOrder {index:0;}">
            <Coords points="931,260 3448,260 3448,428 931,428"/>
            <TextLine id="tl_1" primaryLanguage="English" custom="readingOrder {index:0;}">
                <Coords points="932,261 3447,261 3447,427 932,427"/>
                <Baseline points="932,419 1013,419 2020,376 3447,413"/>
                <Word id="w_w2aab1b1b2b1b1ab1" language="English" custom="readingOrder {index:0;}">
                    <Coords points="932,331 1013,331 1013,419 932,419"/>
                    <TextEquiv>
                        <Unicode>4</Unicode>
                    </TextEquiv>
                    <TextStyle fontFamily="Times New Roman" fontSize="13.0"/>
                </Word>
                <Word id="w_w2aab1b1b2b1b1ab5" language="English" custom="readingOrder {index:1;}">
                    <Coords points="1188,264 2020,264 2020,393 1188,393"/>
                    <TextEquiv>
                        <Unicode>LAMOVR</Unicode>
                    </TextEquiv>
                    <TextStyle fontFamily="Times New Roman" fontSize="13.0"/>
                </Word>
                <Word id="w_w2aab1b1b2b1b1ac19" language="English" custom="readingOrder {index:2;}">
                    <Coords points="2134,262 3447,262 3447,424 2134,424"/>
                    <TextEquiv>
                        <Unicode>TIRANNIQVE,</Unicode>
                    </TextEquiv>
                    <TextStyle fontFamily="Times New Roman" fontSize="13.0"/>
                </Word>
                <TextEquiv>
                    <Unicode>4 L'AMOVR TIRANNIQVE,</Unicode>
                </TextEquiv>
                <TextStyle fontFamily="Times New Roman" fontSize="13.0"/>
            </TextLine>
            <TextEquiv>
                <Unicode>4 L'AMOVR TIRANNIQVE,</Unicode>
            </TextEquiv>
        </TextRegion>
        <TextRegion type="paragraph" id="r_1_2" custom="readingOrder {index:1;}">
            <Coords points="944,432 3682,432 3682,782 944,782"/>
            <TextLine id="tl_2" primaryLanguage="English" custom="readingOrder {index:0;}">
                <Coords points="945,433 3681,433 3681,617 945,617"/>
                <Baseline points="945,575 1107,569 1327,567 1749,554 2197,555 2405,549 2567,553 3073,598 3555,605 3681,585"/>
                <Word id="w_w2aab1b1b2b3b1ab1" language="English" custom="readingOrder {index:0;}">
                    <Coords points="945,461 1107,461 1107,575 945,575"/>
                    <TextEquiv>
                        <Unicode>Et</Unicode>
                    </TextEquiv>
                    <TextStyle fontFamily="Times New Roman" fontSize="11.0" italic="true"/>
                </Word>
                <Word id="w_w2aab1b1b2b3b1ab7" language="English" custom="readingOrder {index:1;}">
                    <Coords points="1151,459 1327,459 1327,617 1151,617"/>
                    <TextEquiv>
                        <Unicode>qui</Unicode>
                    </TextEquiv>
                    <TextStyle fontFamily="Times New Roman" fontSize="11.0" italic="true"/>
                </Word>
                <Word id="w_w2aab1b1b2b3b1ac15" language="English" custom="readingOrder {index:2;}">
                    <Coords points="1361,444 1749,444 1749,615 1361,615"/>
                    <TextEquiv>
                        <Unicode>parfis</Unicode>
                    </TextEquiv>
                    <TextStyle fontFamily="Times New Roman" fontSize="11.0" italic="true"/>
                </Word>
                <Word id="w_w2aab1b1b2b3b1ac29" language="English" custom="readingOrder {index:3;}">
                    <Coords points="1789,437 2197,437 2197,600 1789,600"/>
                    <TextEquiv>
                        <Unicode>regards</Unicode>
                    </TextEquiv>
                    <TextStyle fontFamily="Times New Roman" fontSize="11.0" italic="true"/>
                </Word>
                <Word id="w_w2aab1b1b2b3b1ac45" language="English" custom="readingOrder {index:4;}">
                    <Coords points="2243,487 2405,487 2405,557 2243,557"/>
                    <TextEquiv>
                        <Unicode>me</Unicode>
                    </TextEquiv>
                    <TextStyle fontFamily="Times New Roman" fontSize="11.0" italic="true"/>
                </Word>
                <Word id="w_w2aab1b1b2b3b1ac51" language="English" custom="readingOrder {index:5;}">
                    <Coords points="2439,435 2567,435 2567,601 2439,601"/>
                    <TextEquiv>
                        <Unicode>ft</Unicode>
                    </TextEquiv>
                    <TextStyle fontFamily="Times New Roman" fontSize="11.0" italic="true"/>
                </Word>
                <Word id="w_w2aab1b1b2b3b1ac57" language="English" custom="readingOrder {index:6;}">
                    <Coords points="2607,435 3073,435 3073,598 2607,598"/>
                    <TextEquiv>
                        <Unicode>bien-tofi</Unicode>
                    </TextEquiv>
                    <TextStyle fontFamily="Times New Roman" fontSize="11.0" italic="true"/>
                </Word>
                <Word id="w_w2aab1b1b2b3b1ac77" language="English" custom="readingOrder {index:7;}">
                    <Coords points="3119,453 3649,453 3649,605 3119,605"/>
                    <TextEquiv>
                        <Unicode>connaifire</Unicode>
                    </TextEquiv>
                    <TextStyle fontFamily="Times New Roman" fontSize="11.0" italic="true"/>
                </Word>
                <Word id="w_w2aab1b1b2b3b1b1b1" language="English" custom="readingOrder {index:8;}">
                    <Coords points="3649,545 3681,545 3681,585 3649,585"/>
                    <TextEquiv>
                        <Unicode>,</Unicode>
                    </TextEquiv>
                    <TextStyle fontFamily="Times New Roman" fontSize="11.0" bold="true"/>
                </Word>
                <TextEquiv>
                    <Unicode>Et qui par ſes regards me fit bien-toſt connaiſtre,</Unicode>
                </TextEquiv>
            </TextLine>
            <TextLine id="tl_3" primaryLanguage="English" custom="readingOrder {index:1;}">
                <Coords points="949,603 3651,603 3651,781 949,781"/>
                <Baseline points="949,743 1107,735 1319,733 1487,727 1687,740 1859,758 1923,718 2329,743 2501,759 2747,719 2939,720 3075,720 3237,724 3651,727"/>
                <Word id="w_w2aab1b1b2b3b3ab1" language="English" custom="readingOrder {index:0;}">
                    <Coords points="949,629 1107,629 1107,743 949,743"/>
                    <TextEquiv>
                        <Unicode>Et</Unicode>
                    </TextEquiv>
                    <TextStyle fontFamily="Times New Roman" fontSize="11.0" italic="true"/>
                </Word>
                <Word id="w_w2aab1b1b2b3b3ab7" language="English" custom="readingOrder {index:1;}">
                    <Coords points="1141,663 1319,663 1319,735 1141,735"/>
                    <TextEquiv>
                        <Unicode>ma</Unicode>
                    </TextEquiv>
                    <TextStyle fontFamily="Times New Roman" fontSize="11.0" italic="true"/>
                </Word>
                <Word id="w_w2aab1b1b2b3b3ac13" language="English" custom="readingOrder {index:2;}">
                    <Coords points="1361,646 1637,646 1637,781 1361,781"/>
                    <TextEquiv>
                        <Unicode>perte</Unicode>
                    </TextEquiv>
                    <TextStyle fontFamily="Times New Roman" fontSize="11.0" italic="true"/>
                </Word>
                <Word id="w_w2aab1b1b2b3b3b1b1" language="English" custom="readingOrder {index:3;}">
                    <Coords points="1655,648 1687,648 1687,756 1655,756"/>
                    <TextEquiv>
                        <Unicode>,</Unicode>
                    </TextEquiv>
                    <TextStyle fontFamily="Times New Roman" fontSize="11.0" bold="true"/>
                </Word>
                <Word id="w_w2aab1b1b2b3b3b2b1" language="English" custom="readingOrder {index:4;}">
                    <Coords points="1717,634 1859,634 1859,758 1717,758"/>
                    <TextEquiv>
                        <Unicode>(f</Unicode>
                    </TextEquiv>
                    <TextStyle fontFamily="Times New Roman" fontSize="11.0" italic="true"/>
                </Word>
                <Word id="w_w2aab1b1b2b3b3b2b7" language="English" custom="readingOrder {index:5;}">
                    <Coords points="1879,610 1923,610 1923,718 1879,718"/>
                    <TextEquiv>
                        <Unicode>l</Unicode>
                    </TextEquiv>
                    <TextStyle fontFamily="Times New Roman" fontSize="11.0" italic="true"/>
                </Word>
                <Word id="w_w2aab1b1b2b3b3b2c11" language="English" custom="readingOrder {index:6;}">
                    <Coords points="1943,651 2329,651 2329,743 1943,743"/>
                    <TextEquiv>
                        <Unicode>amour,</Unicode>
                    </TextEquiv>
                    <TextStyle fontFamily="Times New Roman" fontSize="11.0" italic="true"/>
                </Word>
                <Word id="w_w2aab1b1b2b3b3b2c25" language="English" custom="readingOrder {index:7;}">
                    <Coords points="2357,637 2501,637 2501,759 2357,759"/>
                    <TextEquiv>
                        <Unicode>çf</Unicode>
                    </TextEquiv>
                    <TextStyle fontFamily="Times New Roman" fontSize="11.0" italic="true"/>
                </Word>
                <Word id="w_w2aab1b1b2b3b3b2c31" language="English" custom="readingOrder {index:8;}">
                    <Coords points="2519,604 2747,604 2747,721 2519,721"/>
                    <TextEquiv>
                        <Unicode>i'œil</Unicode>
                    </TextEquiv>
                    <TextStyle fontFamily="Times New Roman" fontSize="11.0" italic="true"/>
                </Word>
                <Word id="w_w2aab1b1b2b3b3b2c43" language="English" custom="readingOrder {index:9;}">
                    <Coords points="2761,650 2939,650 2939,772 2761,772"/>
                    <TextEquiv>
                        <Unicode>qui</Unicode>
                    </TextEquiv>
                    <TextStyle fontFamily="Times New Roman" fontSize="11.0" italic="true"/>
                </Word>
                <Word id="w_w2aab1b1b2b3b3b2c51" language="English" custom="readingOrder {index:10;}">
                    <Coords points="2985,606 3075,606 3075,720 2985,720"/>
                    <TextEquiv>
                        <Unicode>le</Unicode>
                    </TextEquiv>
                    <TextStyle fontFamily="Times New Roman" fontSize="11.0" italic="true"/>
                </Word>
                <Word id="w_w2aab1b1b2b3b3b2c57" language="English" custom="readingOrder {index:11;}">
                    <Coords points="3089,604 3237,604 3237,766 3089,766"/>
                    <TextEquiv>
                        <Unicode>fit</Unicode>
                    </TextEquiv>
                    <TextStyle fontFamily="Times New Roman" fontSize="11.0" italic="true"/>
                </Word>
                <Word id="w_w2aab1b1b2b3b3b2c65" language="English" custom="readingOrder {index:12;}">
                    <Coords points="3259,619 3651,619 3651,773 3259,773"/>
                    <TextEquiv>
                        <Unicode>natfire.</Unicode>
                    </TextEquiv>
                    <TextStyle fontFamily="Times New Roman" fontSize="11.0" italic="true"/>
                </Word>
                <TextEquiv>
                    <Unicode>Et ma perte, &amp; l'amour, &amp; l'œil qui le fit naiſtre.</Unicode>
                </TextEquiv>
            </TextLine>
            <TextEquiv>
                <Unicode>Et qui par ſes regards me fit bien-toſt connaiſtre,
Et ma perte, &amp; l'amour, &amp; l'œil qui le fit naiſtre.</Unicode>
            </TextEquiv>
        </TextRegion>
        <TextRegion type="paragraph" id="r_1_3" custom="readingOrder {index:2;}">
            <Coords points="1720,865 2882,865 2882,995 1720,995"/>
            <TextLine id="tl_4" primaryLanguage="English" custom="readingOrder {index:0;}">
                <Coords points="1721,866 2881,866 2881,994 1721,994"/>
                <Baseline points="1721,988 2881,992"/>
                <Word id="w_w2aab1b1b2b5b1ab1" language="English" custom="readingOrder {index:0;}">
                    <Coords points="1721,867 2881,867 2881,992 1721,992"/>
                    <TextEquiv>
                        <Unicode>CASSANDRE.</Unicode>
                    </TextEquiv>
                    <TextStyle fontFamily="Times New Roman" fontSize="13.0"/>
                </Word>
                <TextEquiv>
                    <Unicode>CASSANDRE.</Unicode>
                </TextEquiv>
                <TextStyle fontFamily="Times New Roman" fontSize="13.0"/>
            </TextLine>
            <TextEquiv>
                <Unicode>CASSANDRE.</Unicode>
            </TextEquiv>
        </TextRegion>
        <TextRegion type="paragraph" id="r_1_4" custom="readingOrder {index:3;}">
            <Coords points="947,1106 3507,1106 3507,1290 947,1290"/>
            <TextLine id="tl_5" primaryLanguage="English" custom="readingOrder {index:0;}">
                <Coords points="948,1107 3506,1107 3506,1289 948,1289"/>
                <Baseline points="948,1239 1386,1241 1932,1234 2196,1232 2550,1227 2852,1232 3506,1225"/>
                <Word id="w_w2aab1b1b2b7b1ab1" language="English" custom="readingOrder {index:0;}">
                    <Coords points="948,1125 1386,1125 1386,1241 948,1241"/>
                    <TextEquiv>
                        <Unicode>Fut-elle</Unicode>
                    </TextEquiv>
                    <TextStyle fontFamily="Times New Roman" fontSize="11.0" italic="true"/>
                </Word>
                <Word id="w_w2aab1b1b2b7b1ac19" language="English" custom="readingOrder {index:1;}">
                    <Coords points="1398,1116 1932,1116 1932,1289 1398,1289"/>
                    <TextEquiv>
                        <Unicode>fiauorable</Unicode>
                    </TextEquiv>
                    <TextStyle fontFamily="Times New Roman" fontSize="11.0" italic="true"/>
                </Word>
                <Word id="w_w2aab1b1b2b7b1ac41" language="English" custom="readingOrder {index:2;}">
                    <Coords points="1980,1164 2196,1164 2196,1234 1980,1234"/>
                    <TextEquiv>
                        <Unicode>aux</Unicode>
                    </TextEquiv>
                    <TextStyle fontFamily="Times New Roman" fontSize="11.0" italic="true"/>
                </Word>
                <Word id="w_w2aab1b1b2b7b1ac49" language="English" custom="readingOrder {index:3;}">
                    <Coords points="2232,1157 2550,1157 2550,1229 2232,1229"/>
                    <TextEquiv>
                        <Unicode>vœux</Unicode>
                    </TextEquiv>
                    <TextStyle fontFamily="Times New Roman" fontSize="11.0" italic="true"/>
                </Word>
                <Word id="w_w2aab1b1b2b7b1ac59" language="English" custom="readingOrder {index:4;}">
                    <Coords points="2592,1109 2852,1109 2852,1232 2592,1232"/>
                    <TextEquiv>
                        <Unicode>d'vn</Unicode>
                    </TextEquiv>
                    <TextStyle fontFamily="Times New Roman" fontSize="11.0" italic="true"/>
                </Word>
                <Word id="w_w2aab1b1b2b7b1ac69" language="English" custom="readingOrder {index:5;}">
                    <Coords points="2866,1112 3506,1112 3506,1276 2866,1276"/>
                    <TextEquiv>
                        <Unicode>fuborneur?</Unicode>
                    </TextEquiv>
                    <TextStyle fontFamily="Times New Roman" fontSize="11.0" italic="true"/>
                </Word>
                <TextEquiv>
                    <Unicode>Fut-elle fauorable aux vœux d'vn ſuborneur?</Unicode>
                </TextEquiv>
                <TextStyle fontFamily="Times New Roman" fontSize="11.0" italic="true"/>
            </TextLine>
            <TextEquiv>
                <Unicode>Fut-elle fauorable aux vœux d'vn ſuborneur?</Unicode>
            </TextEquiv>
        </TextRegion>
        <TextRegion type="paragraph" id="r_1_5" custom="readingOrder {index:4;}">
            <Coords points="1819,1371 2797,1371 2797,1501 1819,1501"/>
            <TextLine id="tl_6" primaryLanguage="English" custom="readingOrder {index:0;}">
                <Coords points="1820,1372 2796,1372 2796,1500 1820,1500"/>
                <Baseline points="1820,1496 1942,1496 2110,1496 2312,1495 2454,1487 2624,1491 2796,1498"/>
                <Word id="w_w2aab1b1b2b9b1ab1" language="English" custom="readingOrder {index:0;}">
                    <Coords points="1820,1384 1942,1384 1942,1496 1820,1496"/>
                    <TextEquiv>
                        <Unicode>O</Unicode>
                    </TextEquiv>
                    <TextStyle fontFamily="Times New Roman" fontSize="13.0"/>
                </Word>
                <Word id="w_w2aab1b1b2b9b1ab5" language="English" custom="readingOrder {index:1;}">
                    <Coords points="2004,1380 2110,1380 2110,1496 2004,1496"/>
                    <TextEquiv>
                        <Unicode>R</Unicode>
                    </TextEquiv>
                    <TextStyle fontFamily="Times New Roman" fontSize="13.0"/>
                </Word>
                <Word id="w_w2aab1b1b2b9b1ab9" language="English" custom="readingOrder {index:2;}">
                    <Coords points="2168,1379 2312,1379 2312,1495 2168,1495"/>
                    <TextEquiv>
                        <Unicode>M</Unicode>
                    </TextEquiv>
                    <TextStyle fontFamily="Times New Roman" fontSize="13.0"/>
                </Word>
                <Word id="w_w2aab1b1b2b9b1ac13" language="English" custom="readingOrder {index:3;}">
                    <Coords points="2364,1373 2454,1373 2454,1487 2364,1487"/>
                    <TextEquiv>
                        <Unicode>E</Unicode>
                    </TextEquiv>
                    <TextStyle fontFamily="Times New Roman" fontSize="13.0"/>
                </Word>
                <Word id="w_w2aab1b1b2b9b1ac17" language="English" custom="readingOrder {index:4;}">
                    <Coords points="2504,1377 2624,1377 2624,1491 2504,1491"/>
                    <TextEquiv>
                        <Unicode>N</Unicode>
                    </TextEquiv>
                    <TextStyle fontFamily="Times New Roman" fontSize="13.0"/>
                </Word>
                <Word id="w_w2aab1b1b2b9b1ac21" language="English" custom="readingOrder {index:5;}">
                    <Coords points="2670,1376 2796,1376 2796,1498 2670,1498"/>
                    <TextEquiv>
                        <Unicode>E.</Unicode>
                    </TextEquiv>
                    <TextStyle fontFamily="Times New Roman" fontSize="13.0"/>
                </Word>
                <TextEquiv>
                    <Unicode>ORMENE.</Unicode>
                </TextEquiv>
                <TextStyle fontFamily="Times New Roman" fontSize="13.0"/>
            </TextLine>
            <TextEquiv>
                <Unicode>ORMENE.</Unicode>
            </TextEquiv>
        </TextRegion>
        <TextRegion type="paragraph" id="r_1_6" custom="readingOrder {index:5;}">
            <Coords points="927,1614 3662,1614 3662,2126 927,2126"/>
            <TextLine id="tl_7" primaryLanguage="English" custom="readingOrder {index:0;}">
                <Coords points="928,1615 3661,1615 3661,1791 928,1791"/>
                <Baseline points="929,1673 1239,1741 1539,1743 1835,1738 1993,1738 2221,1755 2423,1733 3053,1788 3613,1739 3661,1735"/>
                <Word id="w_w2aab1b1b2c11b1ab1" language="English" custom="readingOrder {index:0;}">
                    <Coords points="929,1631 1239,1631 1239,1743 929,1743"/>
                    <TextEquiv>
                        <Unicode>‘Pour</Unicode>
                    </TextEquiv>
                    <TextStyle fontFamily="Times New Roman" fontSize="11.0" italic="true"/>
                </Word>
                <Word id="w_w2aab1b1b2c11b1ac13" language="English" custom="readingOrder {index:1;}">
                    <Coords points="1255,1625 1539,1625 1539,1789 1255,1789"/>
                    <TextEquiv>
                        <Unicode>faire</Unicode>
                    </TextEquiv>
                    <TextStyle fontFamily="Times New Roman" fontSize="11.0" italic="true"/>
                </Word>
                <Word id="w_w2aab1b1b2c11b1ac25" language="English" custom="readingOrder {index:2;}">
                    <Coords points="1589,1658 1835,1658 1835,1742 1589,1742"/>
                    <TextEquiv>
                        <Unicode>cette</Unicode>
                    </TextEquiv>
                    <TextStyle fontFamily="Times New Roman" fontSize="11.0" italic="true"/>
                </Word>
                <Word id="w_w2aab1b1b2c11b1ac37" language="English" custom="readingOrder {index:3;}">
                    <Coords points="1851,1628 2165,1628 2165,1784 1851,1784"/>
                    <TextEquiv>
                        <Unicode>faute</Unicode>
                    </TextEquiv>
                    <TextStyle fontFamily="Times New Roman" fontSize="11.0" italic="true"/>
                </Word>
                <Word id="w_w2aab1b1b2c11b1b1b1" language="English" custom="readingOrder {index:4;}">
                    <Coords points="2189,1663 2221,1663 2221,1755 2189,1755"/>
                    <TextEquiv>
                        <Unicode>,</Unicode>
                    </TextEquiv>
                    <TextStyle fontFamily="Times New Roman" fontSize="11.0" bold="true"/>
                </Word>
                <Word id="w_w2aab1b1b2c11b1b2b1" language="English" custom="readingOrder {index:5;}">
                    <Coords points="2247,1617 2423,1617 2423,1735 2247,1735"/>
                    <TextEquiv>
                        <Unicode>elle</Unicode>
                    </TextEquiv>
                    <TextStyle fontFamily="Times New Roman" fontSize="11.0" italic="true"/>
                </Word>
                <Word id="w_w2aab1b1b2c11b1b2c11" language="English" custom="readingOrder {index:6;}">
                    <Coords points="2469,1627 3053,1627 3053,1788 2469,1788"/>
                    <TextEquiv>
                        <Unicode>aimoittrop</Unicode>
                    </TextEquiv>
                    <TextStyle fontFamily="Times New Roman" fontSize="11.0" italic="true"/>
                </Word>
                <Word id="w_w2aab1b1b2c11b1b2c33" language="English" custom="readingOrder {index:7;}">
                    <Coords points="3105,1620 3613,1620 3613,1739 3105,1739"/>
                    <TextEquiv>
                        <Unicode>lhonneur</Unicode>
                    </TextEquiv>
                    <TextStyle fontFamily="Times New Roman" fontSize="11.0" italic="true"/>
                </Word>
                <Word id="w_w2aab1b1b2c11b1b2c51" language="English" custom="readingOrder {index:8;}">
                    <Coords points="3629,1677 3661,1677 3661,1735 3629,1735"/>
                    <TextEquiv>
                        <Unicode>:</Unicode>
                    </TextEquiv>
                    <TextStyle fontFamily="Times New Roman" fontSize="11.0" italic="true"/>
                </Word>
                <TextEquiv>
                    <Unicode>Pour faire cette faute, elle aimoit trop l'honneur:</Unicode>
                </TextEquiv>
            </TextLine>
            <TextLine id="tl_8" primaryLanguage="English" custom="readingOrder {index:1;}">
                <Coords points="941,1783 3353,1783 3353,1959 941,1959"/>
                <Baseline points="941,1909 1145,1911 1721,1926 2093,1906 2347,1901 2495,1901 2835,1902 3283,1906 3353,1924"/>
                <Word id="w_w2aab1b1b2c11b3ab1" language="English" custom="readingOrder {index:0;}">
                    <Coords points="941,1803 1145,1803 1145,1911 941,1911"/>
                    <TextEquiv>
                        <Unicode>-Au</Unicode>
                    </TextEquiv>
                    <TextStyle fontFamily="Times New Roman" fontSize="11.0" italic="true"/>
                </Word>
                <Word id="w_w2aab1b1b2c11b3ab9" language="English" custom="readingOrder {index:1;}">
                    <Coords points="1189,1833 1721,1833 1721,1926 1189,1926"/>
                    <TextEquiv>
                        <Unicode>contraire,</Unicode>
                    </TextEquiv>
                    <TextStyle fontFamily="Times New Roman" fontSize="11.0" italic="true"/>
                </Word>
                <Word id="w_w2aab1b1b2c11b3ac31" language="English" custom="readingOrder {index:2;}">
                    <Coords points="1759,1800 2093,1800 2093,1956 1759,1956"/>
                    <TextEquiv>
                        <Unicode>ïapris</Unicode>
                    </TextEquiv>
                    <TextStyle fontFamily="Times New Roman" fontSize="11.0" italic="true"/>
                </Word>
                <Word id="w_w2aab1b1b2c11b3ac45" language="English" custom="readingOrder {index:3;}">
                    <Coords points="2153,1833 2347,1833 2347,1957 2153,1957"/>
                    <TextEquiv>
                        <Unicode>que</Unicode>
                    </TextEquiv>
                    <TextStyle fontFamily="Times New Roman" fontSize="11.0" italic="true"/>
                </Word>
                <Word id="w_w2aab1b1b2c11b3ac53" language="English" custom="readingOrder {index:4;}">
                    <Coords points="2397,1831 2495,1831 2495,1901 2397,1901"/>
                    <TextEquiv>
                        <Unicode>ce</Unicode>
                    </TextEquiv>
                    <TextStyle fontFamily="Times New Roman" fontSize="11.0" italic="true"/>
                </Word>
                <Word id="w_w2aab1b1b2c11b3ac59" language="English" custom="readingOrder {index:5;}">
                    <Coords points="2563,1784 2835,1784 2835,1905 2563,1905"/>
                    <TextEquiv>
                        <Unicode>noble</Unicode>
                    </TextEquiv>
                    <TextStyle fontFamily="Times New Roman" fontSize="11.0" italic="true"/>
                </Word>
                <Word id="w_w2aab1b1b2c11b3ac71" language="English" custom="readingOrder {index:6;}">
                    <Coords points="2877,1832 3283,1832 3283,1952 2877,1952"/>
                    <TextEquiv>
                        <Unicode>courage</Unicode>
                    </TextEquiv>
                    <TextStyle fontFamily="Times New Roman" fontSize="11.0" italic="true"/>
                </Word>
                <Word id="w_w2aab1b1b2c11b3ac87" language="English" custom="readingOrder {index:7;}">
                    <Coords points="3309,1881 3353,1881 3353,1924 3309,1924"/>
                    <TextEquiv>
                        <Unicode>,</Unicode>
                    </TextEquiv>
                    <TextStyle fontFamily="Times New Roman" fontSize="11.0" italic="true"/>
                </Word>
                <TextEquiv>
                    <Unicode>Au contraire, i'apris que ce noble courage,</Unicode>
                </TextEquiv>
                <TextStyle fontFamily="Times New Roman" fontSize="11.0" italic="true"/>
            </TextLine>
            <TextLine id="tl_9" primaryLanguage="English" custom="readingOrder {index:2;}">
                <Coords points="941,1953 3507,1953 3507,2125 941,2125"/>
                <Baseline points="941,2075 1435,2077 1625,2074 2041,2074 2287,2069 2485,2069 3011,2072 3507,2089"/>
                <Word id="w_w2aab1b1b2c11b5ab1" language="English" custom="readingOrder {index:0;}">
                    <Coords points="941,1967 1435,1967 1435,2123 941,2123"/>
                    <TextEquiv>
                        <Unicode>Repoufia</Unicode>
                    </TextEquiv>
                    <TextStyle fontFamily="Times New Roman" fontSize="11.0" italic="true"/>
                </Word>
                <Word id="w_w2aab1b1b2c11b5ac19" language="English" custom="readingOrder {index:1;}">
                    <Coords points="1477,1996 1625,1996 1625,2074 1477,2074"/>
                    <TextEquiv>
                        <Unicode>cet</Unicode>
                    </TextEquiv>
                    <TextStyle fontFamily="Times New Roman" fontSize="11.0" italic="true"/>
                </Word>
                <Word id="w_w2aab1b1b2c11b5ac27" language="English" custom="readingOrder {index:2;}">
                    <Coords points="1675,1960 2041,1960 2041,2124 1675,2124"/>
                    <TextEquiv>
                        <Unicode>affront</Unicode>
                    </TextEquiv>
                    <TextStyle fontFamily="Times New Roman" fontSize="11.0" italic="true"/>
                </Word>
                <Word id="w_w2aab1b1b2c11b5ac43" language="English" custom="readingOrder {index:3;}">
                    <Coords points="2087,1993 2287,1993 2287,2118 2087,2118"/>
                    <TextEquiv>
                        <Unicode>par</Unicode>
                    </TextEquiv>
                    <TextStyle fontFamily="Times New Roman" fontSize="11.0" italic="true"/>
                </Word>
                <Word id="w_w2aab1b1b2c11b5ac51" language="English" custom="readingOrder {index:4;}">
                    <Coords points="2325,2001 2485,2001 2485,2069 2325,2069"/>
                    <TextEquiv>
                        <Unicode>vn</Unicode>
                    </TextEquiv>
                    <TextStyle fontFamily="Times New Roman" fontSize="11.0" italic="true"/>
                </Word>
                <Word id="w_w2aab1b1b2c11b5ac57" language="English" custom="readingOrder {index:5;}">
                    <Coords points="2501,1955 3011,1955 3011,2119 2501,2119"/>
                    <TextEquiv>
                        <Unicode>fanglant</Unicode>
                    </TextEquiv>
                    <TextStyle fontFamily="Times New Roman" fontSize="11.0" italic="true"/>
                </Word>
                <Word id="w_w2aab1b1b2c11b5ac75" language="English" custom="readingOrder {index:6;}">
                    <Coords points="3049,1992 3507,1992 3507,2118 3049,2118"/>
                    <TextEquiv>
                        <Unicode>outrage,</Unicode>
                    </TextEquiv>
                    <TextStyle fontFamily="Times New Roman" fontSize="11.0" italic="true"/>
                </Word>
                <TextEquiv>
                    <Unicode>Repouſſa cet affront par vn ſanglant outrage,</Unicode>
                </TextEquiv>
                <TextStyle fontFamily="Times New Roman" fontSize="11.0" italic="true"/>
            </TextLine>
            <TextEquiv>
                <Unicode>Pour faire cette faute, elle aimoit trop l'honneur:
Au contraire, i'apris que ce noble courage,
Repouſſa cet affront par vn ſanglant outrage,</Unicode>
            </TextEquiv>
        </TextRegion>
        <TextRegion type="paragraph" id="r_1_7" custom="readingOrder {index:6;}">
            <Coords points="950,2120 3447,2120 3447,2454 950,2454"/>
            <TextLine id="tl_10" primaryLanguage="English" custom="readingOrder {index:0;}">
                <Coords points="951,2121 3446,2121 3446,2291 951,2291"/>
                <Baseline points="951,2241 1114,2239 1352,2239 1582,2238 1776,2238 2233,2227 2428,2267 2718,2235 2912,2270 3446,2233"/>
                <Word id="w_w2aab1b1b2c13b1ab1" language="English" custom="readingOrder {index:0;}">
                    <Coords points="951,2131 1114,2131 1114,2241 951,2241"/>
                    <TextEquiv>
                        <Unicode>Et</Unicode>
                    </TextEquiv>
                    <TextStyle fontFamily="Times New Roman" fontSize="11.0" italic="true"/>
                </Word>
                <Word id="w_w2aab1b1b2c13b1ab7" language="English" custom="readingOrder {index:1;}">
                    <Coords points="1155,2171 1352,2171 1352,2291 1155,2291"/>
                    <TextEquiv>
                        <Unicode>que</Unicode>
                    </TextEquiv>
                    <TextStyle fontFamily="Times New Roman" fontSize="11.0" italic="true"/>
                </Word>
                <Word id="w_w2aab1b1b2c13b1ac15" language="English" custom="readingOrder {index:2;}">
                    <Coords points="1379,2163 1582,2163 1582,2287 1379,2287"/>
                    <TextEquiv>
                        <Unicode>par</Unicode>
                    </TextEquiv>
                    <TextStyle fontFamily="Times New Roman" fontSize="11.0" italic="true"/>
                </Word>
                <Word id="w_w2aab1b1b2c13b1ac23" language="English" custom="readingOrder {index:3;}">
                    <Coords points="1615,2170 1776,2170 1776,2238 1615,2238"/>
                    <TextEquiv>
                        <Unicode>vn</Unicode>
                    </TextEquiv>
                    <TextStyle fontFamily="Times New Roman" fontSize="11.0" italic="true"/>
                </Word>
                <Word id="w_w2aab1b1b2c13b1ac29" language="English" custom="readingOrder {index:4;}">
                    <Coords points="1829,2124 2233,2124 2233,2284 1829,2284"/>
                    <TextEquiv>
                        <Unicode>mefpris</Unicode>
                    </TextEquiv>
                    <TextStyle fontFamily="Times New Roman" fontSize="11.0" italic="true"/>
                </Word>
                <Word id="w_w2aab1b1b2c13b1ac45" language="English" custom="readingOrder {index:5;}">
                    <Coords points="2285,2149 2428,2149 2428,2267 2285,2267"/>
                    <TextEquiv>
                        <Unicode>çf</Unicode>
                    </TextEquiv>
                    <TextStyle fontFamily="Times New Roman" fontSize="11.0" italic="true"/>
                </Word>
                <Word id="w_w2aab1b1b2c13b1ac51" language="English" custom="readingOrder {index:6;}">
                    <Coords points="2481,2129 2718,2129 2718,2277 2481,2277"/>
                    <TextEquiv>
                        <Unicode>iufie</Unicode>
                    </TextEquiv>
                    <TextStyle fontFamily="Times New Roman" fontSize="11.0" italic="true"/>
                </Word>
                <Word id="w_w2aab1b1b2c13b1ac63" language="English" custom="readingOrder {index:7;}">
                    <Coords points="2771,2154 2912,2154 2912,2270 2771,2270"/>
                    <TextEquiv>
                        <Unicode>çtf</Unicode>
                    </TextEquiv>
                    <TextStyle fontFamily="Times New Roman" fontSize="11.0" italic="true"/>
                </Word>
                <Word id="w_w2aab1b1b2c13b1ac71" language="English" custom="readingOrder {index:8;}">
                    <Coords points="2941,2166 3446,2166 3446,2282 2941,2282"/>
                    <TextEquiv>
                        <Unicode>genereux</Unicode>
                    </TextEquiv>
                    <TextStyle fontFamily="Times New Roman" fontSize="11.0" italic="true"/>
                </Word>
                <TextEquiv>
                    <Unicode>Et que par vn meſpris &amp; iuſte &amp; genereux</Unicode>
                </TextEquiv>
                <TextStyle fontFamily="Times New Roman" fontSize="11.0" italic="true"/>
            </TextLine>
            <TextLine id="tl_11" primaryLanguage="English" custom="readingOrder {index:1;}">
                <Coords points="952,2286 3326,2286 3326,2453 952,2453"/>
                <Baseline points="952,2411 1186,2405 1618,2404 1992,2400 2108,2396 2258,2395 2418,2399 2688,2397 3326,2398"/>
                <Word id="w_w2aab1b1b2c13b3ab1" language="English" custom="readingOrder {index:0;}">
                    <Coords points="952,2291 1186,2291 1186,2411 952,2411"/>
                    <TextEquiv>
                        <Unicode>Elle</Unicode>
                    </TextEquiv>
                    <TextStyle fontFamily="Times New Roman" fontSize="11.0" italic="true"/>
                </Word>
                <Word id="w_w2aab1b1b2c13b3ac11" language="English" custom="readingOrder {index:1;}">
                    <Coords points="1240,2290 1618,2290 1618,2453 1240,2453"/>
                    <TextEquiv>
                        <Unicode>tmpofa</Unicode>
                    </TextEquiv>
                    <TextStyle fontFamily="Times New Roman" fontSize="11.0" italic="true"/>
                </Word>
                <Word id="w_w2aab1b1b2c13b3ac25" language="English" custom="readingOrder {index:2;}">
                    <Coords points="1628,2288 1992,2288 1992,2442 1628,2442"/>
                    <TextEquiv>
                        <Unicode>filence</Unicode>
                    </TextEquiv>
                    <TextStyle fontFamily="Times New Roman" fontSize="11.0" italic="true"/>
                </Word>
                <Word id="w_w2aab1b1b2c13b3ac41" language="English" custom="readingOrder {index:3;}">
                    <Coords points="2040,2334 2108,2334 2108,2396 2040,2396"/>
                    <TextEquiv>
                        <Unicode>a</Unicode>
                    </TextEquiv>
                    <TextStyle fontFamily="Times New Roman" fontSize="11.0" italic="true"/>
                </Word>
                <Word id="w_w2aab1b1b2c13b3ac45" language="English" custom="readingOrder {index:4;}">
                    <Coords points="2156,2329 2258,2329 2258,2395 2156,2395"/>
                    <TextEquiv>
                        <Unicode>ce</Unicode>
                    </TextEquiv>
                    <TextStyle fontFamily="Times New Roman" fontSize="11.0" italic="true"/>
                </Word>
                <Word id="w_w2aab1b1b2c13b3ac51" language="English" custom="readingOrder {index:5;}">
                    <Coords points="2298,2289 2418,2289 2418,2399 2298,2399"/>
                    <TextEquiv>
                        <Unicode>E</Unicode>
                    </TextEquiv>
                    <TextStyle fontFamily="Times New Roman" fontSize="11.0" italic="true"/>
                </Word>
                <Word id="w_w2aab1b1b2c13b3ac55" language="English" custom="readingOrder {index:6;}">
                    <Coords points="2430,2327 2688,2327 2688,2401 2430,2401"/>
                    <TextEquiv>
                        <Unicode>rince</Unicode>
                    </TextEquiv>
                    <TextStyle fontFamily="Times New Roman" fontSize="11.0" italic="true"/>
                </Word>
                <Word id="w_w2aab1b1b2c13b3ac67" language="English" custom="readingOrder {index:7;}">
                    <Coords points="2744,2332 3326,2332 3326,2402 2744,2402"/>
                    <TextEquiv>
                        <Unicode>amoureux.</Unicode>
                    </TextEquiv>
                    <TextStyle fontFamily="Times New Roman" fontSize="11.0" italic="true"/>
                </Word>
                <TextEquiv>
                    <Unicode>Elle impoſa ſilence à ce Prince amoureux.</Unicode>
                </TextEquiv>
                <TextStyle fontFamily="Times New Roman" fontSize="11.0" italic="true"/>
            </TextLine>
            <TextEquiv>
                <Unicode>Et que par vn meſpris &amp; iuſte &amp; genereux
Elle impoſa ſilence à ce Prince amoureux.</Unicode>
            </TextEquiv>
        </TextRegion>
        <TextRegion type="paragraph" id="r_1_8" custom="readingOrder {index:7;}">
            <Coords points="1835,2535 2745,2535 2745,2665 1835,2665"/>
            <TextLine id="tl_12" primaryLanguage="English" custom="readingOrder {index:0;}">
                <Coords points="1836,2536 2744,2536 2744,2664 1836,2664"/>
                <Baseline points="1836,2664 1956,2664 2106,2660 2256,2659 2426,2661 2568,2655 2744,2663"/>
                <Word id="w_w2aab1b1b2c15b1ab1" language="English" custom="readingOrder {index:0;}">
                    <Coords points="1836,2548 1956,2548 1956,2664 1836,2664"/>
                    <TextEquiv>
                        <Unicode>H</Unicode>
                    </TextEquiv>
                    <TextStyle fontFamily="Times New Roman" fontSize="13.0"/>
                </Word>
                <Word id="w_w2aab1b1b2c15b1ab5" language="English" custom="readingOrder {index:1;}">
                    <Coords points="2012,2546 2106,2546 2106,2660 2012,2660"/>
                    <TextEquiv>
                        <Unicode>E</Unicode>
                    </TextEquiv>
                    <TextStyle fontFamily="Times New Roman" fontSize="13.0"/>
                </Word>
                <Word id="w_w2aab1b1b2c15b1ab9" language="English" custom="readingOrder {index:2;}">
                    <Coords points="2160,2545 2256,2545 2256,2659 2160,2659"/>
                    <TextEquiv>
                        <Unicode>C</Unicode>
                    </TextEquiv>
                    <TextStyle fontFamily="Times New Roman" fontSize="13.0"/>
                </Word>
                <Word id="w_w2aab1b1b2c15b1ac13" language="English" custom="readingOrder {index:3;}">
                    <Coords points="2306,2537 2426,2537 2426,2661 2306,2661"/>
                    <TextEquiv>
                        <Unicode>V</Unicode>
                    </TextEquiv>
                    <TextStyle fontFamily="Times New Roman" fontSize="13.0"/>
                </Word>
                <Word id="w_w2aab1b1b2c15b1ac17" language="English" custom="readingOrder {index:4;}">
                    <Coords points="2476,2541 2568,2541 2568,2655 2476,2655"/>
                    <TextEquiv>
                        <Unicode>B</Unicode>
                    </TextEquiv>
                    <TextStyle fontFamily="Times New Roman" fontSize="13.0"/>
                </Word>
                <Word id="w_w2aab1b1b2c15b1ac21" language="English" custom="readingOrder {index:5;}">
                    <Coords points="2620,2541 2744,2541 2744,2663 2620,2663"/>
                    <TextEquiv>
                        <Unicode>E.</Unicode>
                    </TextEquiv>
                    <TextStyle fontFamily="Times New Roman" fontSize="13.0"/>
                </Word>
                <TextEquiv>
                    <Unicode>HECVBE.</Unicode>
                </TextEquiv>
                <TextStyle fontFamily="Times New Roman" fontSize="13.0"/>
            </TextLine>
            <TextEquiv>
                <Unicode>HECVBE.</Unicode>
            </TextEquiv>
        </TextRegion>
        <TextRegion type="paragraph" id="r_1_9" custom="readingOrder {index:8;}">
            <Coords points="929,2782 3602,2782 3602,3122 929,3122"/>
            <TextLine id="tl_13" primaryLanguage="English" custom="readingOrder {index:0;}">
                <Coords points="930,2783 3601,2783 3601,2955 930,2955"/>
                <Baseline points="930,2907 1059,2907 1231,2905 1777,2902 2041,2904 2267,2901 2527,2901 2983,2896 3167,2896 3445,2896 3601,2911"/>
                <Word id="w_w2aab1b1b2c17b1ab1" language="English" custom="readingOrder {index:0;}">
                    <Coords points="930,2793 1059,2793 1059,2907 930,2907"/>
                    <TextEquiv>
                        <Unicode>Je</Unicode>
                    </TextEquiv>
                    <TextStyle fontFamily="Times New Roman" fontSize="11.0" italic="true"/>
                </Word>
                <Word id="w_w2aab1b1b2c17b1ab7" language="English" custom="readingOrder {index:1;}">
                    <Coords points="1111,2835 1231,2835 1231,2907 1111,2907"/>
                    <TextEquiv>
                        <Unicode>ne</Unicode>
                    </TextEquiv>
                    <TextStyle fontFamily="Times New Roman" fontSize="11.0" italic="true"/>
                </Word>
                <Word id="w_w2aab1b1b2c17b1ac13" language="English" custom="readingOrder {index:2;}">
                    <Coords points="1274,2791 1777,2791 1777,2907 1274,2907"/>
                    <TextEquiv>
                        <Unicode>demande</Unicode>
                    </TextEquiv>
                    <TextStyle fontFamily="Times New Roman" fontSize="11.0" italic="true"/>
                </Word>
                <Word id="w_w2aab1b1b2c17b1ac29" language="English" custom="readingOrder {index:3;}">
                    <Coords points="1812,2792 2041,2792 2041,2954 1812,2954"/>
                    <TextEquiv>
                        <Unicode>plus</Unicode>
                    </TextEquiv>
                    <TextStyle fontFamily="Times New Roman" fontSize="11.0" italic="true"/>
                </Word>
                <Word id="w_w2aab1b1b2c17b1ac39" language="English" custom="readingOrder {index:4;}">
                    <Coords points="2087,2795 2267,2795 2267,2952 2087,2952"/>
                    <TextEquiv>
                        <Unicode>qui</Unicode>
                    </TextEquiv>
                    <TextStyle fontFamily="Times New Roman" fontSize="11.0" italic="true"/>
                </Word>
                <Word id="w_w2aab1b1b2c17b1ac47" language="English" custom="readingOrder {index:5;}">
                    <Coords points="2298,2787 2527,2787 2527,2947 2298,2947"/>
                    <TextEquiv>
                        <Unicode>fait</Unicode>
                    </TextEquiv>
                    <TextStyle fontFamily="Times New Roman" fontSize="11.0" italic="true"/>
                </Word>
                <Word id="w_w2aab1b1b2c17b1ac57" language="English" custom="readingOrder {index:6;}">
                    <Coords points="2554,2784 2983,2784 2983,2947 2554,2947"/>
                    <TextEquiv>
                        <Unicode>prendre</Unicode>
                    </TextEquiv>
                    <TextStyle fontFamily="Times New Roman" fontSize="11.0" italic="true"/>
                </Word>
                <Word id="w_w2aab1b1b2c17b1ac73" language="English" custom="readingOrder {index:7;}">
                    <Coords points="3032,2784 3167,2784 3167,2896 3032,2896"/>
                    <TextEquiv>
                        <Unicode>les</Unicode>
                    </TextEquiv>
                    <TextStyle fontFamily="Times New Roman" fontSize="11.0" italic="true"/>
                </Word>
                <Word id="w_w2aab1b1b2c17b1ac81" language="English" custom="readingOrder {index:8;}">
                    <Coords points="3220,2825 3549,2825 3549,2897 3220,2897"/>
                    <TextEquiv>
                        <Unicode>armes</Unicode>
                    </TextEquiv>
                    <TextStyle fontFamily="Times New Roman" fontSize="11.0" italic="true"/>
                </Word>
                <Word id="w_w2aab1b1b2c17b1b1b1" language="English" custom="readingOrder {index:9;}">
                    <Coords points="3571,2867 3601,2867 3601,2911 3571,2911"/>
                    <TextEquiv>
                        <Unicode>,</Unicode>
                    </TextEquiv>
                    <TextStyle fontFamily="Times New Roman" fontSize="11.0" bold="true"/>
                </Word>
                <TextEquiv>
                    <Unicode>Ie ne demande plus qui fait prendre les armes,</Unicode>
                </TextEquiv>
            </TextLine>
            <TextLine id="tl_14" primaryLanguage="English" custom="readingOrder {index:1;}">
                <Coords points="971,2949 3475,2949 3475,3121 971,3121"/>
                <Baseline points="971,3077 1071,3077 1191,3077 1415,3073 1849,3072 2115,3072 2269,3067 2625,3065 2797,3064 3033,3064 3475,3055"/>
                <Word id="w_w2aab1b1b2c17b3ab1" language="English" custom="readingOrder {index:0;}">
                    <Coords points="971,2963 1115,2963 1115,3077 971,3077"/>
                    <TextEquiv>
                        <Unicode>Et</Unicode>
                    </TextEquiv>
                    <TextStyle fontFamily="Times New Roman" fontSize="11.0" italic="true"/>
                </Word>
                <Word id="w_w2aab1b1b2c17b3b1b1" language="English" custom="readingOrder {index:1;}">
                    <Coords points="1157,3003 1247,3003 1247,3077 1157,3077"/>
                    <TextEquiv>
                        <Unicode>le</Unicode>
                    </TextEquiv>
                    <TextStyle fontFamily="Times New Roman" fontSize="9.5" bold="true" italic="true"/>
                </Word>
                <Word id="w_w2aab1b1b2c17b3b2b1" language="English" custom="readingOrder {index:2;}">
                    <Coords points="1293,3003 1415,3003 1415,3075 1293,3075"/>
                    <TextEquiv>
                        <Unicode>ne</Unicode>
                    </TextEquiv>
                    <TextStyle fontFamily="Times New Roman" fontSize="11.0" italic="true"/>
                </Word>
                <Word id="w_w2aab1b1b2c17b3b2b7" language="English" custom="readingOrder {index:3;}">
                    <Coords points="1465,2952 1849,2952 1849,3072 1465,3072"/>
                    <TextEquiv>
                        <Unicode>cherche</Unicode>
                    </TextEquiv>
                    <TextStyle fontFamily="Times New Roman" fontSize="11.0" italic="true"/>
                </Word>
                <Word id="w_w2aab1b1b2c17b3b2c23" language="English" custom="readingOrder {index:4;}">
                    <Coords points="1881,2956 2115,2956 2115,3120 1881,3120"/>
                    <TextEquiv>
                        <Unicode>pim</Unicode>
                    </TextEquiv>
                    <TextStyle fontFamily="Times New Roman" fontSize="11.0" italic="true"/>
                </Word>
                <Word id="w_w2aab1b1b2c17b3b2c31" language="English" custom="readingOrder {index:5;}">
                    <Coords points="2161,2953 2269,2953 2269,3067 2161,3067"/>
                    <TextEquiv>
                        <Unicode>la</Unicode>
                    </TextEquiv>
                    <TextStyle fontFamily="Times New Roman" fontSize="11.0" italic="true"/>
                </Word>
                <Word id="w_w2aab1b1b2c17b3b2c37" language="English" custom="readingOrder {index:6;}">
                    <Coords points="2277,2955 2625,2955 2625,3113 2277,3113"/>
                    <TextEquiv>
                        <Unicode>fource</Unicode>
                    </TextEquiv>
                    <TextStyle fontFamily="Times New Roman" fontSize="11.0" italic="true"/>
                </Word>
                <Word id="w_w2aab1b1b2c17b3b2c51" language="English" custom="readingOrder {index:7;}">
                    <Coords points="2671,2950 2797,2950 2797,3064 2671,3064"/>
                    <TextEquiv>
                        <Unicode>de</Unicode>
                    </TextEquiv>
                    <TextStyle fontFamily="Times New Roman" fontSize="11.0" italic="true"/>
                </Word>
                <Word id="w_w2aab1b1b2c17b3b2c57" language="English" custom="readingOrder {index:8;}">
                    <Coords points="2841,2994 3033,2994 3033,3064 2841,3064"/>
                    <TextEquiv>
                        <Unicode>vos</Unicode>
                    </TextEquiv>
                    <TextStyle fontFamily="Times New Roman" fontSize="11.0" italic="true"/>
                </Word>
                <Word id="w_w2aab1b1b2c17b3b2c65" language="English" custom="readingOrder {index:9;}">
                    <Coords points="3077,2950 3475,2950 3475,3064 3077,3064"/>
                    <TextEquiv>
                        <Unicode>larmes.</Unicode>
                    </TextEquiv>
                    <TextStyle fontFamily="Times New Roman" fontSize="11.0" italic="true"/>
                </Word>
                <TextEquiv>
                    <Unicode>Et ie ne cherche plus la ſource de vos larmes.</Unicode>
                </TextEquiv>
            </TextLine>
            <TextEquiv>
                <Unicode>Ie ne demande plus qui fait prendre les armes,
Et ie ne cherche plus la ſource de vos larmes.</Unicode>
            </TextEquiv>
        </TextRegion>
        <TextRegion type="paragraph" id="r_1_10" custom="readingOrder {index:9;}">
            <Coords points="1820,3207 2806,3207 2806,3333 1820,3333"/>
            <TextLine id="tl_15" primaryLanguage="English" custom="readingOrder {index:0;}">
                <Coords points="1821,3208 2805,3208 2805,3332 1821,3332"/>
                <Baseline points="1821,3326 1943,3326 2103,3328 2805,3326"/>
                <Word id="w_w2aab1b1b2c19b1ab1" language="English" custom="readingOrder {index:0;}">
                    <Coords points="1821,3216 1943,3216 1943,3326 1821,3326"/>
                    <TextEquiv>
                        <Unicode>O</Unicode>
                    </TextEquiv>
                    <TextStyle fontFamily="Times New Roman" fontSize="13.0"/>
                </Word>
                <Word id="w_w2aab1b1b2c19b1ab5" language="English" custom="readingOrder {index:1;}">
                    <Coords points="2005,3218 2103,3218 2103,3328 2005,3328"/>
                    <TextEquiv>
                        <Unicode>R</Unicode>
                    </TextEquiv>
                    <TextStyle fontFamily="Times New Roman" fontSize="13.0"/>
                </Word>
                <Word id="w_w2aab1b1b2c19b1ab9" language="English" custom="readingOrder {index:2;}">
                    <Coords points="2165,3209 2805,3209 2805,3331 2165,3331"/>
                    <TextEquiv>
                        <Unicode>MENE.</Unicode>
                    </TextEquiv>
                    <TextStyle fontFamily="Times New Roman" fontSize="13.0"/>
                </Word>
                <TextEquiv>
                    <Unicode>ORMENE.</Unicode>
                </TextEquiv>
                <TextStyle fontFamily="Times New Roman" fontSize="13.0"/>
            </TextLine>
            <TextEquiv>
                <Unicode>ORMENE.</Unicode>
            </TextEquiv>
        </TextRegion>
        <TextRegion type="paragraph" id="r_1_11" custom="readingOrder {index:10;}">
            <Coords points="965,3447 3129,3447 3129,3626 965,3626"/>
            <TextLine id="tl_16" primaryLanguage="English" custom="readingOrder {index:0;}">
                <Coords points="966,3448 3128,3448 3128,3625 966,3625"/>
                <Baseline points="966,3579 1306,3573 1644,3570 1970,3570 2272,3567 2514,3563 2712,3561 3128,3576"/>
                <Word id="w_w2aab1b1b2c21b1ab1" language="English" custom="readingOrder {index:0;}">
                    <Coords points="966,3471 1306,3471 1306,3625 966,3625"/>
                    <TextEquiv>
                        <Unicode>Apres</Unicode>
                    </TextEquiv>
                    <TextStyle fontFamily="Times New Roman" fontSize="11.0" italic="true"/>
                </Word>
                <Word id="w_w2aab1b1b2c21b1ac13" language="English" custom="readingOrder {index:1;}">
                    <Coords points="1356,3503 1644,3503 1644,3575 1356,3575"/>
                    <TextEquiv>
                        <Unicode>auotr</Unicode>
                    </TextEquiv>
                    <TextStyle fontFamily="Times New Roman" fontSize="11.0" italic="true"/>
                </Word>
                <Word id="w_w2aab1b1b2c21b1ac25" language="English" custom="readingOrder {index:2;}">
                    <Coords points="1690,3454 1970,3454 1970,3572 1690,3572"/>
                    <TextEquiv>
                        <Unicode>tenté</Unicode>
                    </TextEquiv>
                    <TextStyle fontFamily="Times New Roman" fontSize="11.0" italic="true"/>
                </Word>
                <Word id="w_w2aab1b1b2c21b1ac37" language="English" custom="readingOrder {index:3;}">
                    <Coords points="2010,3451 2272,3451 2272,3570 2010,3570"/>
                    <TextEquiv>
                        <Unicode>mille</Unicode>
                    </TextEquiv>
                    <TextStyle fontFamily="Times New Roman" fontSize="11.0" italic="true"/>
                </Word>
                <Word id="w_w2aab1b1b2c21b1ac49" language="English" custom="readingOrder {index:4;}">
                    <Coords points="2296,3451 2514,3451 2514,3611 2296,3611"/>
                    <TextEquiv>
                        <Unicode>fois</Unicode>
                    </TextEquiv>
                    <TextStyle fontFamily="Times New Roman" fontSize="11.0" italic="true"/>
                </Word>
                <Word id="w_w2aab1b1b2c21b1ac59" language="English" custom="readingOrder {index:5;}">
                    <Coords points="2538,3449 2712,3449 2712,3607 2538,3607"/>
                    <TextEquiv>
                        <Unicode>fis</Unicode>
                    </TextEquiv>
                    <TextStyle fontFamily="Times New Roman" fontSize="11.0" italic="true"/>
                </Word>
                <Word id="w_w2aab1b1b2c21b1ac67" language="English" custom="readingOrder {index:6;}">
                    <Coords points="2768,3480 3128,3480 3128,3608 2768,3608"/>
                    <TextEquiv>
                        <Unicode>appas,</Unicode>
                    </TextEquiv>
                    <TextStyle fontFamily="Times New Roman" fontSize="11.0" italic="true"/>
                </Word>
                <TextEquiv>
                    <Unicode>Apres auoir tenté mille fois ſes appas,</Unicode>
                </TextEquiv>
                <TextStyle fontFamily="Times New Roman" fontSize="11.0" italic="true"/>
            </TextLine>
            <TextEquiv>
                <Unicode>Apres auoir tenté mille fois ſes appas,</Unicode>
            </TextEquiv>
        </TextRegion>
        <TextRegion type="paragraph" id="r_1_12" custom="readingOrder {index:11;}">
            <Coords points="963,3608 3727,3608 3727,4130 963,4130"/>
            <TextLine id="tl_17" primaryLanguage="English" custom="readingOrder {index:0;}">
                <Coords points="966,3609 3726,3609 3726,3791 966,3791"/>
                <Baseline points="966,3741 1122,3741 1398,3791 1766,3736 2030,3738 2360,3751 2538,3767 2904,3726 3076,3734 3262,3722 3726,3713"/>
                <Word id="w_w2aab1b1b2c23b1ab1" language="English" custom="readingOrder {index:0;}">
                    <Coords points="966,3633 1122,3633 1122,3741 966,3741"/>
                    <TextEquiv>
                        <Unicode>Le</Unicode>
                    </TextEquiv>
                    <TextStyle fontFamily="Times New Roman" fontSize="11.0" italic="true"/>
                </Word>
                <Word id="w_w2aab1b1b2c23b1ab7" language="English" custom="readingOrder {index:1;}">
                    <Coords points="1176,3635 1398,3635 1398,3791 1176,3791"/>
                    <TextEquiv>
                        <Unicode>Roy</Unicode>
                    </TextEquiv>
                    <TextStyle fontFamily="Times New Roman" fontSize="11.0" italic="true"/>
                </Word>
                <Word id="w_w2aab1b1b2c23b1ac15" language="English" custom="readingOrder {index:2;}">
                    <Coords points="1440,3658 1766,3658 1766,3789 1440,3789"/>
                    <TextEquiv>
                        <Unicode>quitte</Unicode>
                    </TextEquiv>
                    <TextStyle fontFamily="Times New Roman" fontSize="11.0" italic="true"/>
                </Word>
                <Word id="w_w2aab1b1b2c23b1ac29" language="English" custom="readingOrder {index:3;}">
                    <Coords points="1792,3666 2030,3666 2030,3738 1792,3738"/>
                    <TextEquiv>
                        <Unicode>mon</Unicode>
                    </TextEquiv>
                    <TextStyle fontFamily="Times New Roman" fontSize="11.0" italic="true"/>
                </Word>
                <Word id="w_w2aab1b1b2c23b1ac37" language="English" custom="readingOrder {index:4;}">
                    <Coords points="2066,3657 2360,3657 2360,3784 2066,3784"/>
                    <TextEquiv>
                        <Unicode>pere,</Unicode>
                    </TextEquiv>
                    <TextStyle fontFamily="Times New Roman" fontSize="11.0" italic="true"/>
                </Word>
                <Word id="w_w2aab1b1b2c23b1ac49" language="English" custom="readingOrder {index:5;}">
                    <Coords points="2394,3645 2538,3645 2538,3767 2394,3767"/>
                    <TextEquiv>
                        <Unicode>çf</Unicode>
                    </TextEquiv>
                    <TextStyle fontFamily="Times New Roman" fontSize="11.0" italic="true"/>
                </Word>
                <Word id="w_w2aab1b1b2c23b1ac55" language="English" custom="readingOrder {index:6;}">
                    <Coords points="2580,3648 2904,3648 2904,3727 2580,3727"/>
                    <TextEquiv>
                        <Unicode>rentre</Unicode>
                    </TextEquiv>
                    <TextStyle fontFamily="Times New Roman" fontSize="11.0" italic="true"/>
                </Word>
                <Word id="w_w2aab1b1b2c23b1ac69" language="English" custom="readingOrder {index:7;}">
                    <Coords points="2950,3656 3076,3656 3076,3734 2950,3734"/>
                    <TextEquiv>
                        <Unicode>en</Unicode>
                    </TextEquiv>
                    <TextStyle fontFamily="Times New Roman" fontSize="11.0" italic="true"/>
                </Word>
                <Word id="w_w2aab1b1b2c23b1ac75" language="English" custom="readingOrder {index:8;}">
                    <Coords points="3100,3610 3262,3610 3262,3766 3100,3766"/>
                    <TextEquiv>
                        <Unicode>fis</Unicode>
                    </TextEquiv>
                    <TextStyle fontFamily="Times New Roman" fontSize="11.0" italic="true"/>
                </Word>
                <Word id="w_w2aab1b1b2c23b1ac83" language="English" custom="readingOrder {index:9;}">
                    <Coords points="3322,3609 3726,3609 3726,3765 3322,3765"/>
                    <TextEquiv>
                        <Unicode>Eftats:</Unicode>
                    </TextEquiv>
                    <TextStyle fontFamily="Times New Roman" fontSize="11.0" italic="true"/>
                </Word>
                <TextEquiv>
                    <Unicode>Le Roy quitte mon pere, &amp; rentre en ſes Eſtats:</Unicode>
                </TextEquiv>
                <TextStyle fontFamily="Times New Roman" fontSize="11.0" italic="true"/>
            </TextLine>
            <TextLine id="tl_18" primaryLanguage="English" custom="readingOrder {index:1;}">
                <Coords points="966,3787 3680,3787 3680,3957 966,3957"/>
                <Baseline points="966,3909 1070,3909 1386,3909 2054,3904 2108,3916 2540,3899 2944,3890 3126,3890 3680,3901"/>
                <Word id="w_w2aab1b1b2c23b3ab1" language="English" custom="readingOrder {index:0;}">
                    <Coords points="966,3797 1070,3797 1070,3909 966,3909"/>
                    <TextEquiv>
                        <Unicode>Il</Unicode>
                    </TextEquiv>
                    <TextStyle fontFamily="Times New Roman" fontSize="11.0" italic="true"/>
                </Word>
                <Word id="w_w2aab1b1b2c23b3ab7" language="English" custom="readingOrder {index:1;}">
                    <Coords points="1106,3839 1386,3839 1386,3909 1106,3909"/>
                    <TextEquiv>
                        <Unicode>arme</Unicode>
                    </TextEquiv>
                    <TextStyle fontFamily="Times New Roman" fontSize="11.0" italic="true"/>
                </Word>
                <Word id="w_w2aab1b1b2c23b3ac17" language="English" custom="readingOrder {index:2;}">
                    <Coords points="1398,3790 2054,3790 2054,3957 1398,3957"/>
                    <TextEquiv>
                        <Unicode>fourdement</Unicode>
                    </TextEquiv>
                    <TextStyle fontFamily="Times New Roman" fontSize="11.0" italic="true"/>
                </Word>
                <Word id="w_w2aab1b1b2c23b3ac39" language="English" custom="readingOrder {index:3;}">
                    <Coords points="2082,3832 2108,3832 2108,3916 2082,3916"/>
                    <TextEquiv>
                        <Unicode>)</Unicode>
                    </TextEquiv>
                    <TextStyle fontFamily="Times New Roman" fontSize="11.0" italic="true"/>
                </Word>
                <Word id="w_w2aab1b1b2c23b3ac43" language="English" custom="readingOrder {index:4;}">
                    <Coords points="2134,3797 2540,3797 2540,3947 2134,3947"/>
                    <TextEquiv>
                        <Unicode>çcfpuis</Unicode>
                    </TextEquiv>
                    <TextStyle fontFamily="Times New Roman" fontSize="11.0" italic="true"/>
                </Word>
                <Word id="w_w2aab1b1b2c23b3ac59" language="English" custom="readingOrder {index:5;}">
                    <Coords points="2576,3822 2944,3822 2944,3895 2576,3895"/>
                    <TextEquiv>
                        <Unicode>comme</Unicode>
                    </TextEquiv>
                    <TextStyle fontFamily="Times New Roman" fontSize="11.0" italic="true"/>
                </Word>
                <Word id="w_w2aab1b1b2c23b3ac71" language="English" custom="readingOrder {index:6;}">
                    <Coords points="2968,3820 3126,3820 3126,3890 2968,3890"/>
                    <TextEquiv>
                        <Unicode>vn</Unicode>
                    </TextEquiv>
                    <TextStyle fontFamily="Times New Roman" fontSize="11.0" italic="true"/>
                </Word>
                <Word id="w_w2aab1b1b2c23b3ac77" language="English" custom="readingOrder {index:7;}">
                    <Coords points="3174,3808 3680,3808 3680,3901 3174,3901"/>
                    <TextEquiv>
                        <Unicode>tonnerre,</Unicode>
                    </TextEquiv>
                    <TextStyle fontFamily="Times New Roman" fontSize="11.0" italic="true"/>
                </Word>
                <TextEquiv>
                    <Unicode>Il arme ſourdement; &amp; puis comme vn tonnerre,</Unicode>
                </TextEquiv>
                <TextStyle fontFamily="Times New Roman" fontSize="11.0" italic="true"/>
            </TextLine>
            <TextLine id="tl_19" primaryLanguage="English" custom="readingOrder {index:2;}">
                <Coords points="964,3943 3351,3943 3351,4129 964,4129"/>
                <Baseline points="964,4075 1071,4077 1405,4077 1567,4077 1849,4074 2125,4070 2565,4065 2751,4097 2895,4058 3291,4054 3351,4052"/>
                <Word id="w_w2aab1b1b2c23b5ab1" language="English" custom="readingOrder {index:0;}">
                    <Coords points="964,3963 1071,3963 1071,4077 964,4077"/>
                    <TextEquiv>
                        <Unicode>Il</Unicode>
                    </TextEquiv>
                    <TextStyle fontFamily="Times New Roman" fontSize="11.0" italic="true"/>
                </Word>
                <Word id="w_w2aab1b1b2c23b5ab7" language="English" custom="readingOrder {index:1;}">
                    <Coords points="1102,3969 1405,3969 1405,4079 1102,4079"/>
                    <TextEquiv>
                        <Unicode>vient</Unicode>
                    </TextEquiv>
                    <TextStyle fontFamily="Times New Roman" fontSize="11.0" italic="true"/>
                </Word>
                <Word id="w_w2aab1b1b2c23b5ac19" language="English" custom="readingOrder {index:2;}">
                    <Coords points="1434,3994 1781,3994 1781,4129 1434,4129"/>
                    <TextEquiv>
                        <Unicode>porter</Unicode>
                    </TextEquiv>
                    <TextStyle fontFamily="Times New Roman" fontSize="11.0" italic="true"/>
                </Word>
                <Word id="w_w2aab1b1b2c23b5b1b1" language="English" custom="readingOrder {index:3;}">
                    <Coords points="1816,3954 1963,3954 1963,4122 1816,4122"/>
                    <TextEquiv>
                        <Unicode>tCy</Unicode>
                    </TextEquiv>
                    <TextStyle fontFamily="Times New Roman" fontSize="9.5" bold="true" italic="true"/>
                </Word>
                <Word id="w_w2aab1b1b2c23b5b2b1" language="English" custom="readingOrder {index:4;}">
                    <Coords points="2016,3954 2125,3954 2125,4072 2016,4072"/>
                    <TextEquiv>
                        <Unicode>là</Unicode>
                    </TextEquiv>
                    <TextStyle fontFamily="Times New Roman" fontSize="11.0" italic="true"/>
                </Word>
                <Word id="w_w2aab1b1b2c23b5b2b7" language="English" custom="readingOrder {index:5;}">
                    <Coords points="2154,3961 2565,3961 2565,4117 2154,4117"/>
                    <TextEquiv>
                        <Unicode>frayeur</Unicode>
                    </TextEquiv>
                    <TextStyle fontFamily="Times New Roman" fontSize="11.0" italic="true"/>
                </Word>
                <Word id="w_w2aab1b1b2c23b5b2c23" language="English" custom="readingOrder {index:6;}">
                    <Coords points="2610,3976 2751,3976 2751,4097 2610,4097"/>
                    <TextEquiv>
                        <Unicode>çtf</Unicode>
                    </TextEquiv>
                    <TextStyle fontFamily="Times New Roman" fontSize="11.0" italic="true"/>
                </Word>
                <Word id="w_w2aab1b1b2c23b5b2c31" language="English" custom="readingOrder {index:7;}">
                    <Coords points="2790,3944 2895,3944 2895,4058 2790,4058"/>
                    <TextEquiv>
                        <Unicode>la</Unicode>
                    </TextEquiv>
                    <TextStyle fontFamily="Times New Roman" fontSize="11.0" italic="true"/>
                </Word>
                <Word id="w_w2aab1b1b2c23b5b2c37" language="English" custom="readingOrder {index:8;}">
                    <Coords points="2926,3984 3291,3984 3291,4104 2926,4104"/>
                    <TextEquiv>
                        <Unicode>guerre</Unicode>
                    </TextEquiv>
                    <TextStyle fontFamily="Times New Roman" fontSize="11.0" italic="true"/>
                </Word>
                <Word id="w_w2aab1b1b2c23b5b2c51" language="English" custom="readingOrder {index:9;}">
                    <Coords points="3316,3989 3351,3989 3351,4052 3316,4052"/>
                    <TextEquiv>
                        <Unicode>:</Unicode>
                    </TextEquiv>
                    <TextStyle fontFamily="Times New Roman" fontSize="11.0" italic="true"/>
                </Word>
                <TextEquiv>
                    <Unicode>Il vient porter icy la frayeur &amp; la guerre:</Unicode>
                </TextEquiv>
            </TextLine>
            <TextEquiv>
                <Unicode>Le Roy quitte mon pere, &amp; rentre en ſes Eſtats:
Il arme ſourdement; &amp; puis comme vn tonnerre,
Il vient porter icy la frayeur &amp; la guerre:</Unicode>
            </TextEquiv>
        </TextRegion>
        <TextRegion type="paragraph" id="r_1_13" custom="readingOrder {index:12;}">
            <Coords points="966,4106 3568,4106 3568,4292 966,4292"/>
            <TextLine id="tl_20" primaryLanguage="English" custom="readingOrder {index:0;}">
                <Coords points="967,4107 3567,4107 3567,4291 967,4291"/>
                <Baseline points="967,4249 1131,4243 1411,4243 1841,4240 2273,4235 2451,4233 2863,4226 3061,4222 3171,4222 3283,4220 3435,4217 3567,4231"/>
                <Word id="w_w2aab1b1b2c25b1ab1" language="English" custom="readingOrder {index:0;}">
                    <Coords points="967,4135 1131,4135 1131,4249 967,4249"/>
                    <TextEquiv>
                        <Unicode>Et</Unicode>
                    </TextEquiv>
                    <TextStyle fontFamily="Times New Roman" fontSize="11.0" italic="true"/>
                </Word>
                <Word id="w_w2aab1b1b2c25b1ab7" language="English" custom="readingOrder {index:1;}">
                    <Coords points="1163,4167 1411,4167 1411,4291 1163,4291"/>
                    <TextEquiv>
                        <Unicode>pour</Unicode>
                    </TextEquiv>
                    <TextStyle fontFamily="Times New Roman" fontSize="11.0" italic="true"/>
                </Word>
                <Word id="w_w2aab1b1b2c25b1ac17" language="English" custom="readingOrder {index:2;}">
                    <Coords points="1453,4129 1841,4129 1841,4245 1453,4245"/>
                    <TextEquiv>
                        <Unicode>donner</Unicode>
                    </TextEquiv>
                    <TextStyle fontFamily="Times New Roman" fontSize="11.0" italic="true"/>
                </Word>
                <Word id="w_w2aab1b1b2c25b1ac31" language="English" custom="readingOrder {index:3;}">
                    <Coords points="1885,4126 2273,4126 2273,4242 1885,4242"/>
                    <TextEquiv>
                        <Unicode>couleur</Unicode>
                    </TextEquiv>
                    <TextStyle fontFamily="Times New Roman" fontSize="11.0" italic="true"/>
                </Word>
                <Word id="w_w2aab1b1b2c25b1ac47" language="English" custom="readingOrder {index:4;}">
                    <Coords points="2315,4165 2451,4165 2451,4233 2315,4233"/>
                    <TextEquiv>
                        <Unicode>au</Unicode>
                    </TextEquiv>
                    <TextStyle fontFamily="Times New Roman" fontSize="11.0" italic="true"/>
                </Word>
                <Word id="w_w2aab1b1b2c25b1ac53" language="English" custom="readingOrder {index:5;}">
                    <Coords points="2507,4117 2863,4117 2863,4279 2507,4279"/>
                    <TextEquiv>
                        <Unicode>dejfem</Unicode>
                    </TextEquiv>
                    <TextStyle fontFamily="Times New Roman" fontSize="11.0" italic="true"/>
                </Word>
                <Word id="w_w2aab1b1b2c25b1ac67" language="English" custom="readingOrder {index:6;}">
                    <Coords points="2921,4154 3061,4154 3061,4272 2921,4272"/>
                    <TextEquiv>
                        <Unicode>qit</Unicode>
                    </TextEquiv>
                    <TextStyle fontFamily="Times New Roman" fontSize="11.0" italic="true"/>
                </Word>
                <Word id="w_w2aab1b1b2c25b1ac75" language="English" custom="readingOrder {index:7;}">
                    <Coords points="3091,4108 3171,4108 3171,4222 3091,4222"/>
                    <TextEquiv>
                        <Unicode>U</Unicode>
                    </TextEquiv>
                    <TextStyle fontFamily="Times New Roman" fontSize="11.0" italic="true"/>
                </Word>
                <Word id="w_w2aab1b1b2c25b1ac79" language="English" custom="readingOrder {index:8;}">
                    <Coords points="3217,4148 3283,4148 3283,4220 3217,4220"/>
                    <TextEquiv>
                        <Unicode>a</Unicode>
                    </TextEquiv>
                    <TextStyle fontFamily="Times New Roman" fontSize="11.0" italic="true"/>
                </Word>
                <Word id="w_w2aab1b1b2c25b1ac83" language="English" custom="readingOrder {index:9;}">
                    <Coords points="3301,4115 3515,4115 3515,4272 3301,4272"/>
                    <TextEquiv>
                        <Unicode>pris</Unicode>
                    </TextEquiv>
                    <TextStyle fontFamily="Times New Roman" fontSize="11.0" italic="true"/>
                </Word>
                <Word id="w_w2aab1b1b2c25b1b1b1" language="English" custom="readingOrder {index:10;}">
                    <Coords points="3533,4191 3567,4191 3567,4231 3533,4231"/>
                    <TextEquiv>
                        <Unicode>,</Unicode>
                    </TextEquiv>
                    <TextStyle fontFamily="Times New Roman" fontSize="11.0" bold="true"/>
                </Word>
                <TextEquiv>
                    <Unicode>Et pour donner couleur au deſſein qu'il a pris,</Unicode>
                </TextEquiv>
            </TextLine>
            <TextEquiv>
                <Unicode>Et pour donner couleur au deſſein qu'il a pris,</Unicode>
            </TextEquiv>
        </TextRegion>
        <TextRegion type="paragraph" id="r_1_14" custom="readingOrder {index:13;}">
            <Coords points="964,4268 3492,4268 3492,4460 964,4460"/>
            <TextLine id="tl_21" primaryLanguage="English" custom="readingOrder {index:0;}">
                <Coords points="965,4269 3491,4269 3491,4459 965,4459"/>
                <Baseline points="965,4407 1071,4407 1435,4453 1715,4410 1985,4408 2069,4424 2197,4405 2329,4451 2707,4399 3015,4388 3305,4432 3491,4389"/>
                <Word id="w_w2aab1b1b2c27b1ab1" language="English" custom="readingOrder {index:0;}">
                    <Coords points="965,4293 1071,4293 1071,4407 965,4407"/>
                    <TextEquiv>
                        <Unicode>Il</Unicode>
                    </TextEquiv>
                    <TextStyle fontFamily="Times New Roman" fontSize="11.0" italic="true"/>
                </Word>
                <Word id="w_w2aab1b1b2c27b1ab7" language="English" custom="readingOrder {index:1;}">
                    <Coords points="1113,4297 1435,4297 1435,4453 1113,4453"/>
                    <TextEquiv>
                        <Unicode>accufi</Unicode>
                    </TextEquiv>
                    <TextStyle fontFamily="Times New Roman" fontSize="11.0" italic="true"/>
                </Word>
                <Word id="w_w2aab1b1b2c27b1ac21" language="English" custom="readingOrder {index:2;}">
                    <Coords points="1483,4342 1715,4342 1715,4411 1483,4411"/>
                    <TextEquiv>
                        <Unicode>mon</Unicode>
                    </TextEquiv>
                    <TextStyle fontFamily="Times New Roman" fontSize="11.0" italic="true"/>
                </Word>
                <Word id="w_w2aab1b1b2c27b1ac29" language="English" custom="readingOrder {index:3;}">
                    <Coords points="1755,4332 1985,4332 1985,4458 1755,4458"/>
                    <TextEquiv>
                        <Unicode>pere</Unicode>
                    </TextEquiv>
                    <TextStyle fontFamily="Times New Roman" fontSize="11.0" italic="true"/>
                </Word>
                <Word id="w_w2aab1b1b2c27b1ac39" language="English" custom="readingOrder {index:4;}">
                    <Coords points="2039,4384 2069,4384 2069,4424 2039,4424"/>
                    <TextEquiv>
                        <Unicode>,</Unicode>
                    </TextEquiv>
                    <TextStyle fontFamily="Times New Roman" fontSize="11.0" italic="true"/>
                </Word>
                <Word id="w_w2aab1b1b2c27b1ac43" language="English" custom="readingOrder {index:5;}">
                    <Coords points="2115,4289 2197,4289 2197,4408 2115,4408"/>
                    <TextEquiv>
                        <Unicode>il</Unicode>
                    </TextEquiv>
                    <TextStyle fontFamily="Times New Roman" fontSize="11.0" italic="true"/>
                </Word>
                <Word id="w_w2aab1b1b2c27b1ac49" language="English" custom="readingOrder {index:6;}">
                    <Coords points="2203,4285 2329,4285 2329,4451 2203,4451"/>
                    <TextEquiv>
                        <Unicode>fi</Unicode>
                    </TextEquiv>
                    <TextStyle fontFamily="Times New Roman" fontSize="11.0" italic="true"/>
                </Word>
                <Word id="w_w2aab1b1b2c27b1ac55" language="English" custom="readingOrder {index:7;}">
                    <Coords points="2361,4285 2707,4285 2707,4453 2361,4453"/>
                    <TextEquiv>
                        <Unicode>plaint</Unicode>
                    </TextEquiv>
                    <TextStyle fontFamily="Times New Roman" fontSize="11.0" italic="true"/>
                </Word>
                <Word id="w_w2aab1b1b2c27b1ac69" language="English" custom="readingOrder {index:8;}">
                    <Coords points="2753,4280 3015,4280 3015,4394 2753,4394"/>
                    <TextEquiv>
                        <Unicode>dvn</Unicode>
                    </TextEquiv>
                    <TextStyle fontFamily="Times New Roman" fontSize="11.0" italic="true"/>
                </Word>
                <Word id="w_w2aab1b1b2c27b1ac77" language="English" custom="readingOrder {index:9;}">
                    <Coords points="3061,4270 3439,4270 3439,4432 3061,4432"/>
                    <TextEquiv>
                        <Unicode>mefiris</Unicode>
                    </TextEquiv>
                    <TextStyle fontFamily="Times New Roman" fontSize="11.0" italic="true"/>
                </Word>
                <Word id="w_w2aab1b1b2c27b1b1b3" language="English" custom="readingOrder {index:10;}">
                    <Coords points="3461,4311 3491,4311 3491,4389 3461,4389"/>
                    <TextEquiv>
                        <Unicode>&gt;</Unicode>
                    </TextEquiv>
                    <TextStyle fontFamily="Times New Roman" fontSize="11.0" bold="true"/>
                </Word>
                <TextEquiv>
                    <Unicode>Il accuſe mon pere, il ſe plaint d'vn meſpris;</Unicode>
                </TextEquiv>
            </TextLine>
            <TextEquiv>
                <Unicode>Il accuſe mon pere, il ſe plaint d'vn meſpris;</Unicode>
            </TextEquiv>
        </TextRegion>
        <TextRegion type="paragraph" id="r_1_15" custom="readingOrder {index:14;}">
            <Coords points="954,4442 3502,4442 3502,4958 954,4958"/>
            <TextLine id="tl_22" primaryLanguage="English" custom="readingOrder {index:0;}">
                <Coords points="971,4443 3501,4443 3501,4625 971,4625"/>
                <Baseline points="971,4581 1135,4575 1519,4625 1753,4576 2173,4574 2407,4619 2835,4562 3057,4556 3345,4552 3501,4565"/>
                <Word id="w_w2aab1b1b2c29b1ab1" language="English" custom="readingOrder {index:0;}">
                    <Coords points="971,4469 1135,4469 1135,4581 971,4581"/>
                    <TextEquiv>
                        <Unicode>Et</Unicode>
                    </TextEquiv>
                    <TextStyle fontFamily="Times New Roman" fontSize="11.0" italic="true"/>
                </Word>
                <Word id="w_w2aab1b1b2c29b1ab7" language="English" custom="readingOrder {index:1;}">
                    <Coords points="1161,4499 1519,4499 1519,4625 1161,4625"/>
                    <TextEquiv>
                        <Unicode>parmy</Unicode>
                    </TextEquiv>
                    <TextStyle fontFamily="Times New Roman" fontSize="11.0" italic="true"/>
                </Word>
                <Word id="w_w2aab1b1b2c29b1ac19" language="English" custom="readingOrder {index:2;}">
                    <Coords points="1579,4510 1753,4510 1753,4578 1579,4578"/>
                    <TextEquiv>
                        <Unicode>nos</Unicode>
                    </TextEquiv>
                    <TextStyle fontFamily="Times New Roman" fontSize="11.0" italic="true"/>
                </Word>
                <Word id="w_w2aab1b1b2c29b1ac27" language="English" custom="readingOrder {index:3;}">
                    <Coords points="1799,4462 2173,4462 2173,4624 1799,4624"/>
                    <TextEquiv>
                        <Unicode>voifins</Unicode>
                    </TextEquiv>
                    <TextStyle fontFamily="Times New Roman" fontSize="11.0" italic="true"/>
                </Word>
                <Word id="w_w2aab1b1b2c29b1ac43" language="English" custom="readingOrder {index:4;}">
                    <Coords points="2241,4455 2407,4455 2407,4619 2241,4619"/>
                    <TextEquiv>
                        <Unicode>luy</Unicode>
                    </TextEquiv>
                    <TextStyle fontFamily="Times New Roman" fontSize="11.0" italic="true"/>
                </Word>
                <Word id="w_w2aab1b1b2c29b1ac51" language="English" custom="readingOrder {index:5;}">
                    <Coords points="2419,4446 2835,4446 2835,4615 2419,4615"/>
                    <TextEquiv>
                        <Unicode>fuppofe</Unicode>
                    </TextEquiv>
                    <TextStyle fontFamily="Times New Roman" fontSize="11.0" italic="true"/>
                </Word>
                <Word id="w_w2aab1b1b2c29b1ac67" language="English" custom="readingOrder {index:6;}">
                    <Coords points="2883,4444 3057,4444 3057,4556 2883,4556"/>
                    <TextEquiv>
                        <Unicode>des</Unicode>
                    </TextEquiv>
                    <TextStyle fontFamily="Times New Roman" fontSize="11.0" italic="true"/>
                </Word>
                <Word id="w_w2aab1b1b2c29b1ac75" language="English" custom="readingOrder {index:7;}">
                    <Coords points="3109,4479 3449,4479 3449,4554 3109,4554"/>
                    <TextEquiv>
                        <Unicode>crimes</Unicode>
                    </TextEquiv>
                    <TextStyle fontFamily="Times New Roman" fontSize="11.0" italic="true"/>
                </Word>
                <Word id="w_w2aab1b1b2c29b1b1b1" language="English" custom="readingOrder {index:8;}">
                    <Coords points="3469,4525 3501,4525 3501,4565 3469,4565"/>
                    <TextEquiv>
                        <Unicode>,</Unicode>
                    </TextEquiv>
                    <TextStyle fontFamily="Times New Roman" fontSize="11.0" bold="true"/>
                </Word>
                <TextEquiv>
                    <Unicode>Et parmy nos voiſins luy ſuppoſe des crimes,</Unicode>
                </TextEquiv>
            </TextLine>
            <TextLine id="tl_23" primaryLanguage="English" custom="readingOrder {index:1;}">
                <Coords points="955,4611 3450,4611 3450,4795 955,4795"/>
                <Baseline points="955,4745 1268,4741 1566,4739 1912,4746 2028,4740 2284,4737 2496,4735 2874,4728 3394,4716 3450,4711"/>
                <Word id="w_w2aab1b1b2c29b3ab1" language="English" custom="readingOrder {index:0;}">
                    <Coords points="955,4635 1268,4635 1268,4745 955,4745"/>
                    <TextEquiv>
                        <Unicode>Eour</Unicode>
                    </TextEquiv>
                    <TextStyle fontFamily="Times New Roman" fontSize="11.0" italic="true"/>
                </Word>
                <Word id="w_w2aab1b1b2c29b3ac11" language="English" custom="readingOrder {index:1;}">
                    <Coords points="1283,4625 1566,4625 1566,4795 1283,4795"/>
                    <TextEquiv>
                        <Unicode>faire</Unicode>
                    </TextEquiv>
                    <TextStyle fontFamily="Times New Roman" fontSize="11.0" italic="true"/>
                </Word>
                <Word id="w_w2aab1b1b2c29b3ac23" language="English" custom="readingOrder {index:2;}">
                    <Coords points="1622,4670 1912,4670 1912,4746 1622,4746"/>
                    <TextEquiv>
                        <Unicode>croire</Unicode>
                    </TextEquiv>
                    <TextStyle fontFamily="Times New Roman" fontSize="11.0" italic="true"/>
                </Word>
                <Word id="w_w2aab1b1b2c29b3ac37" language="English" custom="readingOrder {index:3;}">
                    <Coords points="1959,4628 2028,4628 2028,4740 1959,4740"/>
                    <TextEquiv>
                        <Unicode>à</Unicode>
                    </TextEquiv>
                    <TextStyle fontFamily="Times New Roman" fontSize="11.0" italic="true"/>
                </Word>
                <Word id="w_w2aab1b1b2c29b3ac41" language="English" custom="readingOrder {index:4;}">
                    <Coords points="2070,4664 2284,4664 2284,4744 2070,4744"/>
                    <TextEquiv>
                        <Unicode>tous</Unicode>
                    </TextEquiv>
                    <TextStyle fontFamily="Times New Roman" fontSize="11.0" italic="true"/>
                </Word>
                <Word id="w_w2aab1b1b2c29b3ac51" language="English" custom="readingOrder {index:5;}">
                    <Coords points="2321,4619 2496,4619 2496,4785 2321,4785"/>
                    <TextEquiv>
                        <Unicode>fis</Unicode>
                    </TextEquiv>
                    <TextStyle fontFamily="Times New Roman" fontSize="11.0" italic="true"/>
                </Word>
                <Word id="w_w2aab1b1b2c29b3ac59" language="English" custom="readingOrder {index:6;}">
                    <Coords points="2544,4658 2874,4658 2874,4735 2544,4735"/>
                    <TextEquiv>
                        <Unicode>armes</Unicode>
                    </TextEquiv>
                    <TextStyle fontFamily="Times New Roman" fontSize="11.0" italic="true"/>
                </Word>
                <Word id="w_w2aab1b1b2c29b3ac71" language="English" custom="readingOrder {index:7;}">
                    <Coords points="2925,4612 3394,4612 3394,4770 2925,4770"/>
                    <TextEquiv>
                        <Unicode>légitimés</Unicode>
                    </TextEquiv>
                    <TextStyle fontFamily="Times New Roman" fontSize="11.0" italic="true"/>
                </Word>
                <Word id="w_w2aab1b1b2c29b3ac91" language="English" custom="readingOrder {index:8;}">
                    <Coords points="3415,4651 3450,4651 3450,4711 3415,4711"/>
                    <TextEquiv>
                        <Unicode>:</Unicode>
                    </TextEquiv>
                    <TextStyle fontFamily="Times New Roman" fontSize="11.0" italic="true"/>
                </Word>
                <TextEquiv>
                    <Unicode>Pour faire croire à tous ſes armes legitimes:</Unicode>
                </TextEquiv>
                <TextStyle fontFamily="Times New Roman" fontSize="11.0" italic="true"/>
            </TextLine>
            <TextLine id="tl_24" primaryLanguage="English" custom="readingOrder {index:2;}">
                <Coords points="976,4776 3046,4776 3046,4957 976,4957"/>
                <Baseline points="976,4913 1538,4905 1954,4910 2134,4914 2436,4909 3046,4906"/>
                <Word id="w_w2aab1b1b2c29b5ab1" language="English" custom="readingOrder {index:0;}">
                    <Coords points="976,4795 1538,4795 1538,4955 976,4955"/>
                    <TextEquiv>
                        <Unicode>Orofmane</Unicode>
                    </TextEquiv>
                    <TextStyle fontFamily="Times New Roman" fontSize="11.0" italic="true"/>
                </Word>
                <Word id="w_w2aab1b1b2c29b5ac19" language="English" custom="readingOrder {index:1;}">
                    <Coords points="1560,4794 1954,4794 1954,4956 1560,4956"/>
                    <TextEquiv>
                        <Unicode>furpris</Unicode>
                    </TextEquiv>
                    <TextStyle fontFamily="Times New Roman" fontSize="11.0" italic="true"/>
                </Word>
                <Word id="w_w2aab1b1b2c29b5ac35" language="English" custom="readingOrder {index:2;}">
                    <Coords points="2008,4842 2134,4842 2134,4914 2008,4914"/>
                    <TextEquiv>
                        <Unicode>en</Unicode>
                    </TextEquiv>
                    <TextStyle fontFamily="Times New Roman" fontSize="11.0" italic="true"/>
                </Word>
                <Word id="w_w2aab1b1b2c29b5ac41" language="English" custom="readingOrder {index:3;}">
                    <Coords points="2188,4823 2436,4823 2436,4909 2188,4909"/>
                    <TextEquiv>
                        <Unicode>cette</Unicode>
                    </TextEquiv>
                    <TextStyle fontFamily="Times New Roman" fontSize="11.0" italic="true"/>
                </Word>
                <Word id="w_w2aab1b1b2c29b5ac53" language="English" custom="readingOrder {index:4;}">
                    <Coords points="2486,4776 3046,4776 3046,4906 2486,4906"/>
                    <TextEquiv>
                        <Unicode>extrémité,</Unicode>
                    </TextEquiv>
                    <TextStyle fontFamily="Times New Roman" fontSize="11.0" italic="true"/>
                </Word>
                <TextEquiv>
                    <Unicode>Oroſmane ſurpris en cette extremité,</Unicode>
                </TextEquiv>
                <TextStyle fontFamily="Times New Roman" fontSize="11.0" italic="true"/>
            </TextLine>
            <TextEquiv>
                <Unicode>Et parmy nos voiſins luy ſuppoſe des crimes,
Pour faire croire à tous ſes armes legitimes:
Oroſmane ſurpris en cette extremité,</Unicode>
            </TextEquiv>
        </TextRegion>
        <TextRegion type="paragraph" id="r_1_16" custom="readingOrder {index:15;}">
            <Coords points="979,4928 3415,4928 3415,5126 979,5126"/>
            <TextLine id="tl_25" primaryLanguage="English" custom="readingOrder {index:0;}">
                <Coords points="980,4929 3414,4929 3414,5125 980,5125"/>
                <Baseline points="980,5083 1420,5097 1614,5104 1912,5078 2066,5078 2576,5091 2858,5060 3004,5064 3290,5052 3414,5043"/>
                <Word id="w_w2aab1b1b2c31b1ab1" language="English" custom="readingOrder {index:0;}">
                    <Coords points="980,4975 1420,4975 1420,5097 980,5097"/>
                    <TextEquiv>
                        <Unicode>Donne,</Unicode>
                    </TextEquiv>
                    <TextStyle fontFamily="Times New Roman" fontSize="11.0" italic="true"/>
                </Word>
                <Word id="w_w2aab1b1b2c31b1ac15" language="English" custom="readingOrder {index:1;}">
                    <Coords points="1470,4988 1614,4988 1614,5113 1470,5113"/>
                    <TextEquiv>
                        <Unicode>ççf</Unicode>
                    </TextEquiv>
                    <TextStyle fontFamily="Times New Roman" fontSize="11.0" italic="true"/>
                </Word>
                <Word id="w_w2aab1b1b2c31b1ac23" language="English" custom="readingOrder {index:2;}">
                    <Coords points="1652,4960 1912,4960 1912,5124 1652,5124"/>
                    <TextEquiv>
                        <Unicode>perd</Unicode>
                    </TextEquiv>
                    <TextStyle fontFamily="Times New Roman" fontSize="11.0" italic="true"/>
                </Word>
                <Word id="w_w2aab1b1b2c31b1ac33" language="English" custom="readingOrder {index:3;}">
                    <Coords points="1962,4964 2066,4964 2066,5078 1962,5078"/>
                    <TextEquiv>
                        <Unicode>la</Unicode>
                    </TextEquiv>
                    <TextStyle fontFamily="Times New Roman" fontSize="11.0" italic="true"/>
                </Word>
                <Word id="w_w2aab1b1b2c31b1ac39" language="English" custom="readingOrder {index:4;}">
                    <Coords points="2110,4955 2576,4955 2576,5091 2110,5091"/>
                    <TextEquiv>
                        <Unicode>bataille,</Unicode>
                    </TextEquiv>
                    <TextStyle fontFamily="Times New Roman" fontSize="11.0" italic="true"/>
                </Word>
                <Word id="w_w2aab1b1b2c31b1ac59" language="English" custom="readingOrder {index:5;}">
                    <Coords points="2620,4988 2858,4988 2858,5069 2620,5069"/>
                    <TextEquiv>
                        <Unicode>auec</Unicode>
                    </TextEquiv>
                    <TextStyle fontFamily="Times New Roman" fontSize="11.0" italic="true"/>
                </Word>
                <Word id="w_w2aab1b1b2c31b1ac69" language="English" custom="readingOrder {index:6;}">
                    <Coords points="2898,4946 3004,4946 3004,5064 2898,5064"/>
                    <TextEquiv>
                        <Unicode>la</Unicode>
                    </TextEquiv>
                    <TextStyle fontFamily="Times New Roman" fontSize="11.0" italic="true"/>
                </Word>
                <Word id="w_w2aab1b1b2c31b1ac75" language="English" custom="readingOrder {index:7;}">
                    <Coords points="3048,4930 3382,4930 3382,5056 3048,5056"/>
                    <TextEquiv>
                        <Unicode>liberté</Unicode>
                    </TextEquiv>
                    <TextStyle fontFamily="Times New Roman" fontSize="11.0" italic="true"/>
                </Word>
                <Word id="w_w2aab1b1b2c31b1b1b1" language="English" custom="readingOrder {index:8;}">
                    <Coords points="3400,5027 3414,5027 3414,5043 3400,5043"/>
                    <TextEquiv>
                        <Unicode>.</Unicode>
                    </TextEquiv>
                    <TextStyle fontFamily="Times New Roman" fontSize="11.0" bold="true"/>
                </Word>
                <TextEquiv>
                    <Unicode>Donne, &amp; perd la bataille, auec la liberté.</Unicode>
                </TextEquiv>
            </TextLine>
            <TextEquiv>
                <Unicode>Donne, &amp; perd la bataille, auec la liberté.</Unicode>
            </TextEquiv>
        </TextRegion>
        <SeparatorRegion id="r_2" custom="readingOrder {index:16;}">
            <Coords points="0,5659 4267,5659 4267,5671 0,5671"/>
        </SeparatorRegion>
        <SeparatorRegion id="r_3" custom="readingOrder {index:17;}">
            <Coords points="4164,145 4218,145 4218,5433 4164,5433"/>
        </SeparatorRegion>
    </Page>
</PcGts>
