4267 5696
1118 240 2715 381 TRAGI-COMEDIE.
3282 295 3325 382 -

545 461 646 571 T
645 454 994 610 igrane
1038 484 1278 558 mon
1321 429 1810 594 cherfirere
1832 512 1866 556 ,
1917 459 2166 534 avec
2171 429 2338 580 J+
2363 417 2910 547 TPolixene,

535 631 665 735 Se
694 615 1027 776 famé
1076 607 1339 724 dans
1377 645 1525 715 ces
1568 607 1875 718 Mur
1865 638 1949 726 s,
1970 585 2225 703 dont
2256 587 2363 701 la
2397 584 2659 754 prife
2685 589 2825 750 eft
2839 615 3271 699 certaine
3299 629 3329 712 >

550 792 711 905 Et
758 776 1226 900 Tindate
1272 755 2074 926 alors,fauortfé
2115 755 2244 872 de
2290 765 2668 888 Mars,

539 952 944 1069 T>lante
955 942 1128 1106 fis
1169 946 1468 1059 Tarn
1471 940 1710 1052 lions
1759 972 1896 1049 au
1931 924 2176 1089 pied
2211 923 2340 1037 de
2383 964 2534 1040 ces
2577 951 3119 1083 ramparts.

560 1129 893 1241 Mais
928 1151 1431 1279 pourquoy
1484 1145 1743 1219 vous
1790 1128 2219 1259 compter
2256 1136 2419 1205 vn
2458 1093 2537 1260 fi
2578 1093 2855 1250 trifte
2870 1129 3301 1250 voyage,

547 1291 832 1403 T^uis
882 1280 1278 1445 quaufi
1321 1271 1542 1388 bien
1562 1311 1758 1434 que
1801 1309 2022 1425 moy
2061 1301 2326 1376 vous
2371 1239 2606 1418 eftes
2651 1260 2916 1372 dans
2943 1254 3362 1417 l’orage?

573 1460 733 1571 Et
775 1492 965 1614 que
1009 1489 1265 1560 vous
1313 1446 1837 1602 auefveu
1880 1431 2019 1550 les
2089 1427 2517 1589 mftgnes
2559 1419 3069 1541 malheurs

566 1618 788 1765 Qui
822 1612 1240 1777 perdent
1284 1651 1458 1726 ma
1508 1639 1836 1770 patrie
1864 1625 1897 1750 ,
1942 1624 2089 1749 &
2114 1639 2290 1764 qui
2320 1638 2502 1710 eau
2502 1595 2724 1751 fient
2740 1634 2948 1706 mes
2966 1585 3294 1752 pleurs
3320 1599 3378 1697 ?

569 1803 678 1905 Si
725 1790 766 1900 l
787 1781 1278 1942 efperance
1321 1754 1686 1935 mefme
1725 1816 1792 1881 a
1849 1768 1958 1884 la
1975 1758 2142 1921 fin
2197 1766 2464 1922 meft
2507 1766 2787 1874 rauie
2815 1847 2850 1889 ,

566 1946 1039 2121 VoyeJJfi
1074 1991 1273 2113 lay
1332 1940 1657 2105 raifon
1704 1932 2463 2055 d’abandonner
2504 1927 2609 2043 la
2680 1971 2861 2044 vie
2890 1936 2949 2037 ?

1380 2187 2535 2320 CASSANDRE.

570 2455 904 2565 Mais
928 2448 1018 2555 le
1050 2453 1281 2607 Roy
1294 2431 1716 2600 fiait-il
1752 2432 1974 2548 bien
1998 2474 2194 2597 que
2212 2473 2476 2545 vous
2508 2473 2576 2543 n
2602 2436 3266 2594 ignorez^pas,

565 2606 1110 2771 Laucugle
1151 2634 1794 2723 mouuement
1829 2605 2012 2766 qui
2037 2597 2362 2761 guide
2413 2639 2566 2770 icy
2589 2600 2772 2761 fies
2809 2635 3002 2763 pas
3029 2609 3088 2710 ?

1467 2868 1585 2981 O
1649 2861 1755 2973 R
1821 2859 1963 2974 M
2007 2858 2099 2969 E
2151 2857 2279 2974 N
2329 2856 2455 2973 E.

578 3118 875 3231 Mon
913 3107 1265 3270 vifage
1319 3101 1631 3224 abatu
1676 3105 1945 3220 dans
1996 3103 2085 3223 le
2131 3102 2359 3220 mal
2395 3109 2575 3270 qui
2621 3149 2783 3220 me
2829 3101 3201 3235 touche,

594 3278 748 3391 Et
792 3323 994 3390 mes
1040 3275 1408 3435 fbüpirs
1432 3278 1580 3429 fie
1588 3319 1778 3432 que
1782 3320 1902 3387 ns
1926 3312 2102 3389 ont
2112 3266 2404 3430 parlé
2436 3305 2692 3430 pour
2702 3319 2882 3386 ma
2906 3268 3256 3386 bouche
3276 3322 3312 3386 :

595 3450 872 3557 Mes
879 3484 1180 3601 jeux
1229 3469 1406 3552 ont
1447 3434 1914 3599 ajfèXjdit
1967 3437 2072 3551 la
2119 3434 2534 3548 douleur
2573 3481 2888 3601 queie
2901 3438 3150 3597 fins
3167 3480 3202 3563 )

590 3614 923 3723 Mais
970 3607 1429 3765 toufiours
1472 3606 1565 3719 le
1610 3600 1975 3765 refpeft
2012 3648 2085 3721 a
2128 3600 2431 3763 régné
2448 3601 2637 3762 fur
2680 3649 2893 3720 mes
2908 3600 3189 3766 fins.

1506 3872 1635 3985 H
1680 3867 1773 3981 E
1826 3868 1927 3986 C
1988 3868 2107 3987 Y
2166 3871 2257 3986 B
2314 3872 2439 3992 E.

594 4110 694 4221 L
728 4118 1198 4272 excefen
1240 4146 1506 4229 toute
1554 4111 1819 4273 chofi
1856 4121 2184 4278 efiant
2224 4113 2763 4280 illégitime,

591 4279 932 4436 Vofire
939 4276 1350 4439 facilité
1363 4283 1630 4440 fiait
1659 4290 2196 4441 peut-eftre
2211 4285 2412 4443 fin
2457 4291 2790 4399 crime.

1495 4546 1615 4659 O
1677 4551 1780 4663 R
1837 4551 1986 4670 M
2035 4546 2130 4663 E
2179 4547 2310 4666 N
2355 4550 2482 4668 E.

604 4770 1063 4947 Quelque
1112 4785 1473 4950 injufte
1513 4835 1921 4954 rigueur
1969 4792 2583 4961 qüilexerce
2629 4833 2981 4912 enuers
3023 4829 3299 4951 moy,

605 4940 720 5057 le
762 4989 918 5061 me
938 4952 1406 5111 fouitiens
1462 4961 1715 5129 qu’il
1754 4968 1893 5127 eft
1930 5010 2169 5085 mon
2220 4964 2637 5135 efpoux,
2696 4991 2837 5114 çg
2866 5001 3100 5077 mon
3154 4960 3410 5112 Roy.

2759 5119 2848 5226 A
2947 5130 3044 5256 iij
