4267 8223
691 669 907 815 *4
1771 616 3085 779 BERENICE,

700 911 1147 1041 Tandis
1198 948 1355 1078 qu
1392 943 1795 1035 autour
1836 911 1977 1035 de
2028 954 2315 1078 moy
2360 915 2753 1041 voftre
2816 922 3143 1034 Cour
3196 911 3823 1082 aflemblée
3876 932 3937 1082 ^

700 1088 1216 1211 Retentit
1280 1088 1474 1200 des
1526 1077 2062 1207 bienfaits
2184 1092 2480 1207 dont
2532 1125 2818 1207 vous
2908 1096 3352 1211 m’avez
3406 1092 4016 1254 comblée,,

708 1247 1058 1377 Eft-il
1145 1254 1436 1420 jufte
1474 1354 1512 1408 ,
1558 1259 2186 1425 Seigneur,
2215 1297 2438 1426 que
2484 1259 2764 1377 feule
2806 1296 2952 1372 en
3016 1302 3144 1378 ce
3192 1296 3744 1384 moment

713 1429 859 1591 je
921 1429 1469 1548 demeure
1515 1424 1757 1543 fans
1809 1430 2083 1549 voix
2157 1446 2265 1548 &
2335 1428 2587 1549 fans
2649 1467 2763 1549 re
2773 1420 3005 1548 lien
3015 1430 3433 1549 riment
3501 1455 3525 1553 !

713 1601 1029 1721 Mais
1163 1602 1715 1768 Seigneur
1767 1693 1801 1747 ,
1885 1611 1919 1757 [
1959 1638 2143 1720 car
2181 1616 2293 1768 je
2345 1596 2587 1769 fçay
2629 1637 2849 1767 que
2897 1634 3075 1720 cet
3159 1610 3465 1763 Amy
3507 1595 3943 1726 fincere

712 1777 913 1885 Du
980 1761 1309 1886 secret
1376 1772 1517 1886 de
1558 1805 1773 1885 nos
1852 1803 2235 1892 coeurs
2276 1761 2835 1892 connoift
2874 1804 3123 1892 tout
3176 1773 3289 1893 le
3358 1767 3947 1939 myftere)

712 1927 1132 2058 Voftre
1200 1938 1500 2062 deuil
1564 1933 1726 2057 eft
1768 1927 1928 2057 fin
1944 1982 2090 2102 y,
2158 1950 2406 2063 rien
2480 1938 3016 2063 n’arrefte
3052 1983 3262 2068 vos
3314 1987 3604 2111 pas,

712 2121 1034 2229 Vous
1072 2100 1356 2224 eftes
1426 2104 1640 2225 £ul
1676 2103 1994 2230 enfin
2039 2212 2074 2260 ,
2116 2130 2224 2228 &
2282 2153 2426 2233 ne
2490 2157 2688 2233 me
2736 2110 3300 2240 cherchez
3341 2153 3604 2277 pas,

707 2275 1233 2437 j’entens
1291 2318 1511 2442 que
1547 2319 1831 2399 vous
1875 2276 2405 2401 m’offrez
2469 2323 2631 2405 un
2671 2323 3203 2422 nouveau
3277 2282 3953 2454 Diadème^

717 2457 863 2571 Et
915 2489 1067 2565 ne
1131 2452 1377 2608 puis
1441 2451 2089 2605 cependant
2153 2489 2437 2573 vous
2511 2458 3069 2577 entendre
3111 2501 3395 2581 vous
3437 2458 3905 2588 mefîne.

712 2623 1062 2737 Helas
1136 2640 1157 2738 !
1206 2618 1453 2780 plus
1494 2618 1640 2737 de
1686 2661 2088 2785 repos,
2174 2630 2828 2791 Seigneur,
2892 2640 3011 2748 &
3062 2635 3460 2749 moins
3518 2630 3926 2758 d’éclat
3930 2634 3985 2774 j

712 2785 1142 2913 Voftre
1210 2828 1628 2908 amour
1676 2833 1822 2909 ne
1874 2800 2282 2952 peut-il
2334 2789 2886 2953 paroiftre
2918 2800 3262 2968 qu’au
3336 2811 3706 2925 Sénat
3754 2832 3792 2930 ?

717 2951 908 3079 Ah
947 2965 1270 3085 Titus
1319 2976 1352 3080 ï
1435 2966 1662 3081 Car
1701 2955 2016 3080 enfin
2083 2966 2576 3085 l’amour
2617 2961 2830 3086 fuit
2901 2972 2994 3086 la
3073 2975 3738 3096 contrainte

713 3133 911 3245 De
953 3165 1201 3252 tous
1247 3170 1425 3252 ces
1467 3174 1891 3283 noms,
1949 3170 2173 3300 que
2259 3136 2453 3253 fuit
2489 3143 2587 3257 le
2639 3138 3069 3300 refpeél
3111 3154 3225 3261 &
3293 3143 3395 3261 la
3433 3148 3925 3278 crainte.

729 3303 917 3417 De
981 3304 1243 3465 quel
1307 3298 1559 3423 foin
1633 3299 2019 3423 voftre
2057 3346 2471 3426 amour
2539 3308 2951 3428 va-t-il
2993 3314 3819 3467 s’importuner
3881 3336 3931 3438 !

716 3469 1201 3590 N’a-t-il
1274 3512 1496 3636 que
1542 3469 1736 3593 des
1794 3469 2158 3593 Eftats
2222 3481 2497 3642 qu’il
2532 3523 2726 3599 me
2768 3474 3110 3632 puiffe
3200 3481 3668 3600 donner
3736 3506 3776 3578 >

718 3645 1164 3803 Depuis
1242 3647 1634 3808 quand
1708 3679 2126 3808 croyez
2164 3720 2218 3738 -
2270 3689 2550 3770 vous
2662 3688 2882 3813 que
2956 3688 3154 3770 ma
3260 3651 3856 3819 grandeur
3920 3689 4122 3787 me
4122 3685 4134 3715 1

1065 3806 1486 3930 touche
1525 3839 1564 3937 ?

713 3973 927 4103 Un
975 3977 1351 4146 foupir
1397 4080 1431 4134 ,
1479 4020 1635 4103 un
1687 3978 2181 4145 regard,
2217 4020 2373 4103 un
2409 4015 2667 4107 mot
2725 3983 2865 4108 de
2903 3978 3289 4108 voftre
3347 3984 3883 4146 bouche,

713 4149 1067 4269 Voilà
1097 4154 1753 4274 l’ambition
1795 4155 2063 4269 d’un
2109 4186 2449 4275 cœur
2507 4197 2979 4278 comme
3047 4160 3145 4274 le
3197 4165 3573 4299 mien.

722 4331 1468 4483 Voyez-moy
1516 4331 2260 4483 plusiouvent
2324 4342 2432 4445 &
2478 4369 2624 4445 ne
2694 4369 2886 4450 me
2950 4326 3422 4445 donnez
3458 4331 3760 4466 rien.

718 4493 1046 4611 Tous
1114 4540 1324 4616 vos
1360 4529 1920 4617 momens
1982 4482 2428 4617 font-ils
2474 4493 2996 4622 dévouez
3046 4498 3118 4616 à
3142 4501 3706 4653 l’Empire
3764 4518 3808 4610 ?

723 4663 896 4783 Ce
953 4695 1298 4782 cœur
1345 4706 1672 4830 apres
1741 4653 1978 4778 huit
2025 4674 2340 4824 jours
2413 4663 2862 4792 n’a-t-il
2907 4674 3156 4788 rien
3229 4663 3300 4783 à
3341 4707 3530 4787 me
3561 4663 3804 4788 dire
3845 4680 3910 4776 l

717 4835 1131 4981 Qifun
1195 4876 1453 4958 mot
1493 4883 1629 4965 va
1677 4823 2143 4953 rafiùrer
2185 4877 2431 4958 mes
2505 4839 2961 4960 timides
3009 4840 3401 4991 efprits
3453 4857 3513 4959 V

713 5001 1025 5125 Mais
1096 5012 1859 5164 parliez-vous
1901 5005 2041 5120 de
2067 5048 2443 5169 moy,
2488 5012 2877 5163 quand
2918 5022 3033 5168 je
3073 5043 3359 5130 vous
3423 5047 3561 5157 ay
3597 5000 4011 5172 surpris
4053 5017 4113 5125 $

712 5179 1056 5291 Dans
1124 5220 1334 5296 vos
1382 5172 1774 5301 fècrets
1842 5177 2336 5296 discours
2414 5171 2944 5344 eftois-je
2998 5171 3598 5297 imereflëe
3650 5278 3680 5314 .

712 5349 1280 5515 Seigneur
1318 5376 1356 5472 ?
1446 5349 2010 5510 Eftois-je
2050 5386 2192 5462 au
2228 5353 2614 5467 moins
2666 5348 3170 5511 prefènte
3212 5343 3278 5469 à
3320 5349 3438 5467 la
3502 5338 3904 5505 penfëe
3940 5364 4012 5469 ï

2029 5525 2711 5649 TITUS,

717 5697 1029 5817 N’en
1081 5691 1495 5816 doutez
1543 5697 1945 5853 point,
1991 5686 2619 5841 Madame,
2699 5701 2807 5810 &
2853 5684 3325 5852 j’attefte
3383 5695 3541 5815 les
3587 5686 3969 5806 Dieux

712 5863 1003 6013 Que
1070 5878 1587 6030 toujours
1645 5858 2197 5982 Bérénice
2249 5850 2411 5977 eft
2464 5851 3069 6025 prefenteà
3133 5879 3379 5981 m'es
3436 5893 3771 6019 yeux,

708 6033 1372 6184 ï/abfënce,
1420 6038 1544 6156 ni
1586 6041 1694 6153 le
1756 6065 2132 6184 temps
2184 6124 2212 6180 ,
2264 6040 2378 6190 je
2442 6065 2730 6153 vous
2784 6034 2886 6148 le
2960 6044 3198 6190 jure
3240 6065 3760 6168 encore,

712 6221 912 6339 Ne
964 6248 1248 6335 vous
1302 6243 1794 6372 peuvent
1842 6206 2148 6324 ravir
2206 6242 2336 6319 ce
2372 6231 2710 6319 cœur
2752 6200 2952 6362 qui
3004 6242 3284 6324 vous
3346 6195 3792 6330 adore».

1809 6377 2945 6506 BERENICE.

713 6553 911 6677 Hé
981 6574 1351 6721 quoy?
1419 6581 1703 6663 vous
1783 6589 1977 6668 me
2019 6558 2325 6710 jurez
2373 6585 2597 6661 une
2661 6537 3193 6666 éternelle
3229 6531 3631 6688 ardeur
3679 6628 3717 6688 9

716 6735 865 6853 Et
936 6762 1233 6853 vous
1318 6760 1511 6844 me
1558 6725 1663 6837 la
1718 6725 2041 6881 jurez
2108 6752 2383 6838 avec
2452 6745 2737 6837 cette
2768 6710 3277 6844 froideur
3322 6741 3379 6837 i

3484 6879 4092 7042 Pourquoy
