4267 7925
1331 520 2623 671 TRAGEDIE,

3435 551 3632 715 n

1153 1485 2292 1680 SCENE
2505 1480 2768 1665 IL

580 1884 705 2022 A
772 1891 913 2033 N
976 1886 1201 2027 TI
1256 1885 1397 2027 O
1444 1883 1933 2025 CHU
1980 1894 2169 2051 S,
2316 1872 2933 2017 A-RSA
2976 1874 3303 2018 CE.-

1561 2215 2050 2332 ARSA
2109 2213 2386 2341 CE.

322 2429 599 2710 A
635 2420 868 2545 Infî
903 2431 1004 2545 le
1063 2431 1302 2547 Ciel
1351 2420 1936 2582 s’apprefte
1981 2420 2044 2534 à
2075 2460 2344 2544 vous
2399 2420 2802 2540 rendre
2853 2409 3284 2577 juftice.

645 2599 940 2706 Vous
992 2595 1462 2752 partirez
1506 2684 1535 2742 ,
1606 2595 2164 2757 Seigneur
2208 2679 2240 2721 j
2306 2590 2586 2701 mais
2636 2625 2906 2701 avec
2951 2580 3524 2712 Bérénice*

320 2754 612 2872 Loin
664 2745 802 2871 de
840 2795 1112 2877 vous
1164 2766 1272 2876 la
1330 2766 1628 2872 ravir
1692 2800 1850 2871 on
1904 2792 2040 2871 va
2110 2790 2380 2872 vous
2424 2756 2530 2870 la
2568 2755 2943 2886 livrer,

1243 2919 2578 3047 ANTIOCHUS.

335 3084 724 3201 Arface
778 3179 811 3227 ,
881 3075 1503 3243 laiffè-moy
1548 3091 1648 3206 le
1718 3121 2080 3238 temps
2141 3081 2282 3198 de
2322 3085 2818 3242 refpirer.

346 3250 510 3362 Ce
552 3245 1320 3411 changement
1362 3246 1524 3367 eft
1568 3250 1926 3418 grand
1981 3344 2013 3396 ,
2058 3291 2250 3366 ma
2296 3244 2736 3406 fùrprifè
2784 3235 2944 3364 eft
2990 3224 3486 3356 extrême
3502 3317 3540 3356 0

335 3416 642 3528 Titus
682 3446 994 3530 entre
1052 3451 1288 3531 mes
1322 3422 1698 3533 mains
1740 3451 2090 3537 remet
2136 3452 2380 3530 tout
2430 3453 2556 3532 ce
2606 3410 2870 3572 qu’il
2915 3410 3212 3520 aime
3249 3426 3284 3515 ?

350 3580 806 3736 Dois-je
856 3579 1220 3692 croire
1264 3669 1307 3717 ,
1346 3581 1767 3747 grands
1810 3586 2174 3698 Dieux
2218 3607 2241 3695 l
2296 3622 2417 3697 ce
2464 3616 2674 3742 que
2714 3587 2818 3731 je
2854 3580 3158 3691 viens
3203 3552 3620 3697 d’oüiri

356 3740 488 3851 Et
546 3740 922 3902 quand
952 3752 1066 3901 je
1112 3745 1214 3860 le
1264 3752 1690 3908 croiray
1733 3839 1765 3891 ,
1832 3752 2252 3892 dois-je
2306 3752 2614 3860 m’en
2666 3735 3078 3897 réjouir
3120 3756 3160 3848 ?

1537 3921 1894 4032 ARS
1945 3910 2184 4026 AC
2233 3916 2364 4036 E.

362 4071 657 4182 Mais
690 4061 1519 4233 moy-mefiné,,
1572 4081 2163 4243 Seigneur,
2198 4112 2411 4233 que
2446 4066 2673 4186 faut
2740 4067 2820 4181 il
2848 4097 3054 4227 que
3090 4071 3194 4211 je
3236 4065 3625 4208 croyez

360 4225 672 4377 Quel
710 4235 1198 4356 obftacie
1232 4278 1736 4362 nouveau
1778 4237 2278 4398 s’oppofè
2316 4236 2386 4351 à
2426 4220 2798 4350 voftre
2836 4242 3094 4386 joye
3133 4250 3166 4342 ?

355 4395 554 4511 Me
614 4412 1514 4563 trompiez-vous
1584 4402 2004 4527 tantoft
2060 4442 2194 4520 au
2249 4396 2570 4517 fbrrir
2625 4394 2762 4511 de
2796 4431 2964 4510 ces
3013 4391 3416 4521 Lieux,

350 4556 621 4676 Lors
656 4566 1193 4728 qu*éncor
1228 4603 1477 4687 tout
1522 4567 1787 4692 ému
1832 4570 1969 4687 de
2008 4611 2215 4688 vos
2264 4570 2751 4687 derniers
2812 4556 3309 4693 Adieux,

346 4726 1014 4852 Tremblant
1056 4735 1482 4851 d’avoir
1512 4727 1698 4852 ofé
1744 4737 2396 4894 s’expliquer
2434 4732 2850 4846 devant
2889 4726 3082 4837 elle
3125 4808 3164 4862 ,

351 4887 760 5012 Voftre
796 4931 1122 5012 cœur
1160 4936 1342 5018 me
1378 4907 1818 5022 contoit
1861 4900 2060 5017 fbn
2106 4900 2514 5013 audace
2550 4892 3060 5011 nouvelle
3096 4907 3128 4995 ?

352 5056 661 5168 Vous
718 5057 1075 5214 fuyiez
1130 5102 1277 5178 un
1332 5056 1747 5217 hymen
1806 5072 1994 5223 qui
2044 5102 2317 5178 vous
2362 5055 2721 5177 faifôit
2756 5046 3319 5171 trembler.

365 5226 584 5331 Cet
619 5215 1042 5372 hymen
1073 5225 1234 5343 eft
1268 5269 1724 5388 rompu.
1800 5231 2102 5384 Quel
2144 5227 2376 5342 loin
2408 5257 2668 5383 peut
2702 5257 2976 5341 vous
3013 5196 3546 5326 troubler?

351 5382 766 5503 Suivez
809 5390 967 5517 les
1015 5392 1319 5517 doux
1372 5356 1972 5560 transports
2016 5433 2164 5504 oit
2208 5397 2684 5507 l’amour
2724 5422 3004 5507 vous
3033 5370 3428 5495 invite*

1346 5557 2649 5682 ANTIOCHUS.

361 5715 816 5867 Arfàce,
880 5743 992 5889 je
1037 5767 1230 5843 me
1285 5770 1505 5883 voy
1573 5722 1992 5889 chargé
2039 5723 2178 5838 de
2239 5716 2348 5837 fa
2390 5710 2958 5837 conduite.

356 5886 486 6034 Je
552 5893 787 6042 joui
806 5932 999 6049 ray
1036 5902 1689 6059 longtemps
1734 5893 1869 6007 de
1908 5886 2051 6003 fes
2090 5881 2404 6002 chers
2456 5882 3129 6014 entretiens,

364 6052 559 6162 Ses
618 6093 883 6210 yeux
974 6057 1399 6174 mefhie
1470 6088 2030 6208 pourront
2094 6054 2892 6167 s’accoutumer
2968 6072 3180 6158 aux
3246 6015 3662 6147 miens.

381 6217 508 6317 Et
551 6218 1152 6362 peut-eftre
1190 6217 1386 6338 fbn
1430 6253 1756 6333 cœur
1801 6212 2024 6333 fera
2069 6213 2168 6328 la
2217 6195 2810 6327 différence

378 6372 611 6490 Des
676 6377 1221 6512 froideurs
1248 6383 1385 6507 de
1446 6391 1751 6513 Titus
1806 6382 1875 6508 à
1940 6419 2137 6508 ma
2192 6366 3011 6533 perfeverance*
