4267 8041
1267 645 2567 829 TRAGEDIE:
3477 729 3599 849 l9

267 911 687 1053 Paulin.
781 921 913 1079 Je
969 959 1159 1039 me
1221 921 1425 1039 fuis
1467 921 1661 1043 fait
1723 969 1871 1043 un
1917 911 2273 1075 plaifir
2315 907 2917 1039 neceflaire

263 1095 447 1201 De
509 1089 615 1201 la
671 1131 917 1205 voir
969 1085 1399 1247 chaque
1425 1105 1687 1247 jour
1733 1183 1771 1227 ,
1807 1095 1943 1211 6c
1979 1089 2049 1205 ?
2063 1089 2415 1205 aimer
2471 1179 2499 1227 ,
2577 1079 2713 1201 de
2765 1089 2939 1247 luy
2979 1085 3389 1247 plaire,»

257 1251 505 1409 J’ay
545 1251 739 1383 fait
785 1263 1065 1405 plus.
1179 1263 1311 1415 Je
1351 1305 1421 1373 n
1467 1305 1599 1415 ay
1633 1267 1871 1373 rien
1921 1251 2059 1373 de
2105 1247 2435 1367 fècret
2497 1251 2561 1363 à
2629 1283 2787 1363 tes
2843 1293 3179 1409 yeux,

257 1419 505 1573 J’ay
581 1455 865 1573 pour
907 1425 1101 1535 elle
1153 1461 1409 1541 cent
1471 1419 1693 1541 fois
1769 1419 2127 1541 rendu
2189 1455 2571 1577 grâces
2623 1455 2839 1531 aux
2907 1425 3279 1583 Dieux
3315 1529 3353 1583 5

267 1587 745 1697 D’avoir
785 1577 1137 1703 choifi
1237 1629 1525 1709 mon
1619 1603 1887 1709 Pere
1927 1623 2059 1703 au
2125 1581 2415 1703 fond
2467 1581 2603 1703 de
2645 1587 3283 1751 l’Iduniée,

263 1755 761 1871 D’avoir
791 1749 1153 1917 rangé
1189 1743 1425 1871 fous
1497 1755 1677 1917 luy
1723 1755 2227 1881 l’Orient
2303 1765 2409 1871 &
2487 1755 3079 1907 PArmee,

277 1921 409 2033 Et
477 1911 1043 2037 foulevant
1105 1959 1457 2037 encor
1497 1921 1599 2037 le
1655 1917 1939 2043 refte
1985 1921 2179 2033 des
2235 1917 2807 2033 Humains
2879 2011 2917 2065 ,

273 2085 671 2201 Remis
717 2095 1101 2205 Rome
1147 2079 1729 2253 fonglante
1775 2125 1923 2205 en
1959 2073 2107 2201 lès
2167 2079 2667 2237 paisibles
2717 2089 3143 2215 mains,

267 2247 519 2405 3’ay
571 2251 1001 2373 mefme
1069 2247 1609 2367 fouhaitté
1665 2257 1771 2367 la
1839 2257 2143 2405 place
2209 2247 2347 2363 de
2429 2289 2719 2363 mon
2759 2257 3095 2389 Père,

273 2413 645 2567 Moy,
707 2425 1101 2541 Paulin
1163 2513 1195 2561 ,
1237 2425 1435 2583 qui
1471 2455 1735 2535 cent
1797 2413 2017 2531 fois
2073 2509 2107 2561 ,
2141 2403 2215 2525 h
2267 2413 2367 2525 le
2413 2419 2681 2531 Sort
2739 2419 3127 2531 moins
3173 2399 3541 2541 fovere
3577 2513 3613 2577 ,

277 2577 561 2693 Euft
633 2591 965 2703 voulu
1031 2581 1169 2697 de
1237 2587 1337 2697 fa
1393 2587 1567 2703 vie
1639 2581 2095 2697 étendre
2163 2581 2315 2693 les
2377 2581 2739 2713 liens,

277 2749 697 2859 Aurois
749 2743 1143 2865 donné
1209 2791 1447 2871 mes
1487 2765 1791 2913 jours
1859 2785 2137 2907 pour
2199 2749 2833 2907 prolonger
2885 2749 3037 2859 les
3089 2743 3409 2887 liens.

277 2911 593 3027 Tout
649 2921 875 3033 cela
959 2927 1357 3075 (qu’un
1413 2921 1855 3033 Amant
1917 2917 2159 3069 fçait
2199 2911 2425 3027 mal
2487 2953 2613 3027 ce
2665 2911 2933 3075 qu'il
2979 2911 3321 3033 délire
3377 2943 3389 2975 '
3435 2917 3477 3059 )

289 3085 619 3189 Dans
697 3079 1221 3237 Pefpoird
1263 3089 1619 3205 elever
1701 3079 2231 3201 Bérénice
2273 3073 2331 3189 à
2399 3079 3011 3237 l'Empire,

289 3241 477 3357 De
525 3235 1311 3367 reeonnoiftre
1361 3289 1509 3363 un
1561 3257 1819 3405 jour
1865 3241 2053 3357 fon
2105 3277 2515 3357 amour
2555 3251 2661 3357 &
2707 3247 2807 3357 fa
2865 3241 3137 3399 foy,

299 3409 437 3519 Et
503 3409 641 3525 de
697 3413 943 3525 voir
1011 3403 1075 3525 à
1163 3403 1311 3531 fès
1383 3413 1703 3571 pieds
1743 3445 1985 3531 tout
2057 3409 2159 3525 le
2209 3403 2651 3525 monde
2729 3445 3001 3525 avec
3063 3445 3383 3561 moy.

283 3571 745 3739 Malgré
785 3613 1023 3693 tout
1059 3617 1347 3693 mon
1383 3617 1833 3723 amour,
1891 3577 2331 3719 Paulin,
2393 3581 2503 3687 &
2545 3607 2787 3687 tous
2827 3581 2981 3687 fes
3031 3565 3609 3729 charmes,

293 3749 651 3891 Apres
707 3743 1017 3855 mille
1079 3739 1567 3865 formens
1633 3775 2137 3901 appuyez
2215 3739 2353 3855 de
2445 3775 2681 3859 mes
2743 3743 3147 3859 larmes
3199 3827 3237 3881 ,

289 3905 1023 4023 Maintenant
1063 3943 1273 4069 que
1331 3921 1441 4069 je
1493 3917 1735 4069 puis
1785 3943 2425 4027 couronner
2497 3937 2735 4023 tant
2811 3905 3425 4049 d’attraits,

289 4073 1027 4189 Maintenant
1095 4111 1305 4231 que
1367 4089 1483 4237 je
1545 4083 1913 4195 l’aime
1953 4111 2305 4189 encor
2357 4079 2599 4227 plus
2645 4105 2855 4231 que
2921 4073 3409 4231 jamais,

289 4241 567 4357 lors
619 4241 955 4399 qu’un
1011 4235 1493 4357 heureux
1535 4241 1959 4405 hymen
2031 4241 2583 4399 joignant
2645 4277 2859 4351 nos
2927 4225 3477 4351 deftinées

299 4409 557 4519 Peut
607 4439 955 4561 payer
1021 4445 1163 4525 en
1215 4445 1373 4525 un
1441 4425 1703 4567 jour
1749 4413 1901 4525 ks
1959 4439 2311 4525 vœux
2361 4399 2499 4519 de
2555 4403 2819 4561 cinq
2865 4399 3357 4515 années.

293 4571 425 4723 Je
487 4571 803 4719 vais,
881 4571 1441 4707 Paulin....
1503 4587 1613 4693 0
1675 4577 1929 4693 Ciel
2005 4591 2027 4723 J
2121 4571 2531 4729 puis-je
2581 4571 2681 4687 le
2739 4561 3311 4687 déclarer?

1523 4759 2357 4885 PAULIN.

299 4917 739 5085 Quoy,
807 4921 1357 5085 Seigneur
1399 4943 1435 5037 ?

1629 5089 2315 5221 TITUS.

1195 5261 1503 5373 Pour
1539 5257 1959 5409 jamais
2005 5261 2111 5409 je
2189 5251 2415 5379 vais
2471 5289 2593 5367 m
2603 5251 2629 5295 9
2639 5289 2781 5367 en
2853 5247 3321 5409 iéparer.

299 5419 603 5535 Mon
655 5455 985 5535 cœur
1063 5455 1205 5535 en
1273 5461 1399 5535 ce
1451 5451 1981 5535 moment
2043 5451 2185 5529 ne
2247 5419 2561 5541 vient
2597 5455 2797 5571 pas
2859 5419 2997 5535 de
3057 5413 3159 5535 fo
3205 5413 3645 5567 rendre,

289 5587 409 5697 Si
455 5597 561 5739 je
613 5591 823 5739 t’ay
891 5581 1091 5697 fait
1131 5591 1483 5739 parler
1529 5681 1561 5729 ,
1597 5581 1667 5697 fi
1701 5591 1933 5745 j’ay
2001 5587 2347 5697 voulu
2413 5581 3037 5703 t’entendre
3085 5681 3121 5735 ,

283 5743 431 5901 Je
551 5753 985 5871 voulois
1037 5791 1253 5911 que
1315 5785 1519 5871 ton
1581 5759 1813 5865 zele
1875 5743 2405 5871 achevait
2481 5791 2635 5865 en
2713 5743 3049 5865 fecrct

305 5917 483 6033 De
545 5911 1189 6033 confondre
1257 5959 1409 6033 un
1477 5953 1887 6033 amour
1937 5917 2133 6075 qui
2189 5911 2285 6033 fo
2351 5911 2603 6033 taift
2649 5911 2719 6033 à
2775 5953 3189 6085 regret.

299 6083 833 6199 Bérénice
907 6125 971 6195 a
1037 6089 1709 6247 longtemps
1791 6079 2247 6199 balancé
2293 6089 2393 6199 la
2429 6079 2943 6199 vidoire.

299 6251 437 6363 Et
487 6241 567 6363 fi
613 6261 719 6409 je
791 6247 1243 6405 pançhe
1309 6241 1619 6367 enfin
1661 6247 1813 6363 du
1865 6241 2353 6383 çoftéde
2429 6287 2625 6367 ma
2701 6251 3163 6389 Gloire,

305 6413 619 6571 Croy
675 6419 943 6577 qu’il
985 6419 1285 6529 m’en
1335 6455 1405 6535 a
1441 6403 1829 6529 coulté
1875 6503 1913 6555 ,
1995 6445 2279 6567 pour
2319 6419 2765 6535 vaincre
2801 6445 3053 6529 tant
3099 6413 3661 6535 d’amour.

305 6581 541 6703 Des
581 6591 1095 6713 combats
1147 6581 1435 6707 dont
1483 6617 1777 6713 mon
1817 6607 2147 6707 coeur
2215 6575 2719 6750 tëùgnera
2759 6581 3001 6745 plus
3053 6575 3315 6697 d'un
3345 6587 3671 6729 jour.

2785 6759 2871 6871 B
2953 6743 3033 6907 ij
