4267 7934
3498 580 3596 694 9

1353 492 2678 657 TRAGEDIE;

341 821 445 942 lî
501 846 643 937 va
723 802 889 926 fur
957 826 1195 921 tant
1251 786 2405 916 cTEftatscouronner
2459 790 3065 932 Bérénice»

341 991 628 1102 Pour
697 971 1138 1102 joindre
1177 962 1242 1076 à
1297 967 1536 1117 plus
1591 956 1738 1076 de
1777 988 2120 1069 noms
2149 950 2244 1066 le
2279 992 2568 1067 nom
2603 940 3452 1107 d’Imperatrice
3487 940 3534 1096 l

346 1143 450 1261 il
506 1148 818 1257 m'en
878 1128 1348 1257 viendra
1410 1117 2094 1279 luy-melme
2144 1105 2536 1231 affurer
2588 1157 2740 1236 en
2800 1157 2926 1237 ce
2960 1116 3204 1236 lieu.

1271 1303 1379 1417 A
1427 1291 1939 1417 NTIO
1989 1281 2387 1401 CHU
2433 1292 2585 1422 S..

355 1477 502 1587 Et
589 1488 694 1629 je
756 1471 1066 1594 viens
1131 1458 1442 1577 donc
1490 1488 1768 1577 vous
1829 1451 2074 1567 dire
2139 1482 2294 1562 un
2367 1441 2786 1567 éternel
2836 1442 3184 1567 adieu.

1472 1613 2573 1748 BERENICE.

351 1799 611 1940 Que
651 1792 1261 1913 dites-vous
1307 1813 1335 1907 !
1375 1782 1557 1903 Ah
1607 1783 1845 1898 Ciel
1907 1803 1929 1903 !
1969 1782 2279 1929 Quel
2335 1782 2709 1898 adieu?
2753 1772 3055 1917 Quel
3073 1772 3551 1929 langage
3591 1788 3643 1914 ^

361 1967 812 2110 Prince,
848 1994 1122 2079 vous
1162 1989 1438 2078 vous
1494 1943 2058 2092 troublez,
2138 1963 2248 2062 &
2300 1943 2812 2110 changez
2867 1943 3008 2063 de
3048 1927 3406 2099 vifege
3445 1952 3496 2048 ï

1400 2113 2683 2244 ANTIOCHUS.

373 2278 989 2425 Madame,
1065 2288 1143 2404 il
1219 2278 1453 2404 faut
1519 2279 1907 2435 partir.

1406 2437 2470 2569 BERENICE.

1726 2603 2079 2756 Quoy
2122 2620 2157 2714 ?
2236 2635 2383 2714 ne
2448 2598 2859 2755 puis-je
2912 2592 3333 2754 fçavok

377 2769 683 2919 Quel
749 2764 1199 2929 fujet.,..

1292 2925 2616 3054 ANTIOCHUS.

1390 3095 1483 3205 il
1540 3084 1883 3205 falloir
1958 3089 2311 3245 partir
2376 3085 2615 3204 fans
2656 3086 2765 3200 la
2826 3074 3255 3205 revoir.

1431 3249 2554 3384 ‘BERENICE.

374 3421 668 3569 Que
724 3421 1592 3581 craignez-vous
1644 3440 1676 3504 >
1720 3425 2146 3560 Parlez,
2200 3409 2470 3534 c'ell
2516 3445 2770 3566 trop
2810 3409 3534 3566 long-temps
3564 3384 3668 3504 le

785 3591 1097 3715 taire.

381 3745 922 3907 Seigneur
971 3843 1004 3901 ,
1065 3740 1206 3866 de
1245 3781 1372 3866 ce
1441 3736 1836 3892 départ
1881 3746 2140 3901 quel
2207 3735 2368 3854 eft
2449 3736 2750 3855 donc
2795 3729 2889 3845 le
2935 3719 3489 3886 myllere?

1370 3904 2676 4046 ANTIOCHUS.

376 4071 559 4185 Au
631 4077 1087 4217 moins,
1136 4066 2021 4190 fouvenez-vous
2071 4107 2281 4232 que
2360 4077 2471 4221 je
2527 4060 2791 4176 cede
2836 4055 2899 4171 à
2951 4086 3153 4175 vos
3192 4051 3401 4166 lois
3435 4132 3479 4190 »

387 4241 534 4351 Et
611 4272 824 4386 que
877 4276 1154 4355 vous
1229 4225 1846 4352 m’écoutez
1907 4273 2192 4393 pour
2251 4231 2356 4342 la
2413 4225 2914 4341 derniere
2959 4210 3206 4331 fois.

512 4396 642 4517 Si
692 4396 968 4512 dans
1050 4438 1184 4516 ce
1236 4396 1500 4511 haut
1540 4396 1876 4558 degré
1922 4401 2058 4511 de
2108 4391 2470 4558 gloire
2522 4406 2626 4506 &
2702 4385 2838 4496 de
2904 4371 3458 4537 puîflànce
3492 4458 3534 4516 »

382 4561 497 4677 Il
549 4557 1361 4678 vousfouvient
1430 4557 1623 4673 des
1669 4552 1949 4678 lieux
1985 4556 2135 4677 où
2195 4593 2481 4676 vous
2531 4541 2915 4708 priftes
2955 4541 3509 4676 naiflànce
3539 4624 3595 4676 r

377 4722 994 4873 Madame,
1069 4726 1138 4837 il
1189 4763 1464 4846 vous
1497 4723 1996 4846 louvient
2025 4764 2240 4888 que
2277 4762 2574 4837 mon
2603 4747 2926 4832 cœur
2987 4748 3132 4820 en
3165 4747 3344 4827 ces
3389 4706 3686 4821 lieUL

378 4882 802 5007 Receût
862 4897 968 5007 le
1002 4897 1484 5037 premier
1514 4892 1768 5002 trait
1830 4892 2026 5053 qui
2092 4887 2424 5048 partit
2460 4876 2594 5000 de
2624 4913 2828 5002 vos
2888 4908 3214 5033 yeux.

371 5047 921 5208 J’aimay,
977 5052 1443 5203 j'obtins
1499 5053 1855 5172 l'aveu
1907 5053 2011 5167 d*
2025 5057 2533 5218 Agrippa
2579 5037 2951 5162 voflre
3027 5046 3395 5157 Frere,

377 5207 488 5327 Il
547 5248 824 5323 vous
899 5218 1210 5369 parla
1281 5253 1572 5370 pour
1621 5258 1938 5373 moy,
2051 5202 2662 5336 Peut-eftre
2701 5207 2940 5322 fans
2991 5202 3354 5316 colere

376 5373 1066 5498 Alliez-vous
1116 5372 1252 5498 de
1308 5420 1592 5498 mon
1652 5413 1974 5498 cœur
2010 5377 2512 5497 recevoir
2566 5378 2662 5488 le
2718 5367 3123 5508 tribut,

377 5537 741 5684 Titus,
785 5573 1075 5694 pour
1111 5584 1407 5661 mon
1437 5544 1995 5683 malheur,
2031 5548 2315 5683 vint,
2355 5578 2635 5657 vous
2681 5537 2879 5679 vit,
2919 5544 3029 5643 &
3079 5553 3355 5642 vous
3383 5512 3685 5667 plut.

381 5697 488 5813 Il
563 5734 884 5853 parut
915 5703 1330 5829 devant
1366 5748 1638 5823 vous
1679 5708 1960 5824 dans
2020 5740 2258 5823 tout
2319 5697 2678 5823 l’éclat
2727 5697 2988 5818 d'un
3023 5698 3556 5808 Homme

382 5859 637 6009 Qui
692 5904 1015 6024 porte
1054 5910 1367 5990 entre
1410 5879 1561 5989 les
1596 5873 1965 5989 mains
2030 5878 2135 5988 la
2176 5903 2823 6035 vengeance
2862 5853 3003 5977 de
3028 5864 3463 5979 Rome.

383 6023 549 6139 Ea
615 6023 957 6180 Judée
1023 6076 1169 6153 en
1245 6037 1535 6190 pâlit.
1689 6044 1845 6154 Le
1911 6034 2217 6154 trille
2269 6023 2899 6150 Antiochus

381 6183 538 6293 Se
616 6229 958 6309 conra
1001 6205 1102 6313 le
1152 6209 1628 6354 premier
1684 6240 1824 6314 au
1880 6200 2364 6319 nombre
2417 6195 2604 6313 des
2650 6193 3158 6320 vaincus.

392 6343 901 6467 Bientofl
946 6359 1083 6473 de
1166 6406 1453 6480 mon
1508 6359 2021 6485 malheur
2092 6370 2683 6515 interprète
2722 6353 3075 6474 levers
3120 6436 3159 6484 ,

393 6508 807 6653 yollre
853 6515 1277 6650 bouche
1323 6529 1401 6649 à
1427 6529 1535 6655 la
1565 6534 2037 6655 mienne
2093 6525 2631 6651 ordonna
2681 6519 2817 6646 de
2851 6519 2957 6639 le
2991 6499 3321 6649 taire;.
