<?xml version="1.0" encoding="UTF-8" standalone="yes"?>
<PcGts xmlns="http://schema.primaresearch.org/PAGE/gts/pagecontent/2013-07-15" xmlns:xsi="http://www.w3.org/2001/XMLSchema-instance" xsi:schemaLocation="http://schema.primaresearch.org/PAGE/gts/pagecontent/2013-07-15 http://schema.primaresearch.org/PAGE/gts/pagecontent/2013-07-15/pagecontent.xsd">
    <Metadata>
        <Creator></Creator>
        <Created>2019-02-11T11:39:41.468+01:00</Created>
        <LastChange>2019-02-11T11:48:10.408+01:00</LastChange>
        <Comments>
                Measurement unit: pixel
                PrimaryLanguage: English
                Language: FrenchStandard
                Producer: ABBYY FineReader Engine 11</Comments>
        <TranskribusMetadata docId="149019" pageId="5539212" pageNr="23" tsid="9265381" status="DONE" userId="10612" imgUrl="https://files.transkribus.eu/Get?id=ETDYEWTQWVJZCCKEPMYQQSUA&amp;fileType=view" xmlUrl="https://files.transkribus.eu/Get?id=TZSBXXEVKUVDMKYFOZAFAEPM" imageId="2059737"/>
    </Metadata>
    <Page imageFilename="Racine1676_Oeuvres_bpt6k990581p_corrected_0023.png" imageWidth="4267" imageHeight="7867">
        <PrintSpace>
            <Coords points="0,497 4267,497 4267,7867 0,7867"/>
        </PrintSpace>
        <ReadingOrder>
            <OrderedGroup id="ro_1604219044682" caption="Regions reading order">
                <RegionRefIndexed index="0" regionRef="r_1_1"/>
                <RegionRefIndexed index="2" regionRef="r_3_1"/>
                <RegionRefIndexed index="3" regionRef="r_4_1"/>
                <RegionRefIndexed index="4" regionRef="r_6_1"/>
                <RegionRefIndexed index="5" regionRef="r_6_2"/>
                <RegionRefIndexed index="6" regionRef="r_6_3"/>
                <RegionRefIndexed index="7" regionRef="region_1549882035672_158"/>
                <RegionRefIndexed index="8" regionRef="r_7_1"/>
                <RegionRefIndexed index="9" regionRef="r_7_2"/>
                <RegionRefIndexed index="10" regionRef="r_7_3"/>
                <RegionRefIndexed index="11" regionRef="r_7_4"/>
                <RegionRefIndexed index="12" regionRef="r_7_5"/>
                <RegionRefIndexed index="13" regionRef="r_7_6"/>
                <RegionRefIndexed index="14" regionRef="r_7_7"/>
                <RegionRefIndexed index="15" regionRef="r_7_8"/>
                <RegionRefIndexed index="16" regionRef="r_7_9"/>
                <RegionRefIndexed index="17" regionRef="r_9_1"/>
                <RegionRefIndexed index="18" regionRef="r_10_1"/>
            </OrderedGroup>
        </ReadingOrder>
        <TextRegion type="paragraph" id="r_1_1" custom="readingOrder {index:0;}">
            <Coords points="3508,522 3576,522 3576,637 3508,637"/>
            <TextLine id="tl_1" primaryLanguage="English" custom="readingOrder {index:0;}">
                <Coords points="3509,523 3575,523 3575,636 3509,636"/>
                <Baseline points="3509,636 3575,636"/>
                <Word id="w_w2aab1b1b2b1b1ab1" language="English" custom="readingOrder {index:0;}">
                    <Coords points="3509,523 3575,523 3575,636 3509,636"/>
                    <TextEquiv>
                        <Unicode>t</Unicode>
                    </TextEquiv>
                    <TextStyle fontFamily="Times New Roman" fontSize="9.5" bold="true"/>
                </Word>
                <TextEquiv>
                    <Unicode>1</Unicode>
                </TextEquiv>
                <TextStyle fontFamily="Times New Roman" fontSize="9.5" bold="true"/>
            </TextLine>
            <TextEquiv>
                <Unicode>1</Unicode>
            </TextEquiv>
        </TextRegion>
        <GraphicRegion id="r_2" custom="readingOrder {index:1;}">
            <Coords points="317,677 3618,677 3618,1558 317,1558"/>
        </GraphicRegion>
        <TextRegion type="paragraph" id="r_3_1" custom="readingOrder {index:2;}">
            <Coords points="324,1696 3579,1696 3579,2123 324,2123"/>
            <TextLine id="tl_2" primaryLanguage="English" custom="readingOrder {index:0;}">
                <Coords points="325,1697 3578,1697 3578,2122 325,2122"/>
                <Baseline points="325,2077 3575,2026"/>
                <Word id="w_w2aab1b5b2b1b1ab1" language="English" custom="readingOrder {index:0;}">
                    <Coords points="325,1727 3575,1727 3575,2100 325,2100"/>
                    <TextEquiv>
                        <Unicode>BERENICE-</Unicode>
                    </TextEquiv>
                    <TextStyle fontFamily="Times New Roman" fontSize="27.0"/>
                </Word>
                <TextEquiv>
                    <Unicode>BERENICE.</Unicode>
                </TextEquiv>
                <TextStyle fontFamily="Times New Roman" fontSize="27.0"/>
            </TextLine>
            <TextEquiv>
                <Unicode>BERENICE.</Unicode>
            </TextEquiv>
        </TextRegion>
        <TextRegion type="paragraph" id="r_4_1" custom="readingOrder {index:3;}">
            <Coords points="701,2302 3194,2302 3194,2597 701,2597"/>
            <TextLine id="tl_3" primaryLanguage="English" custom="readingOrder {index:0;}">
                <Coords points="702,2303 3193,2303 3193,2596 702,2596"/>
                <Baseline points="702,2555 3190,2580"/>
                <Word id="w_w2aab1b7b2b1b1ab1" language="English" custom="readingOrder {index:0;}">
                    <Coords points="702,2303 3190,2303 3190,2580 702,2580"/>
                    <TextEquiv>
                        <Unicode>TRAGEDIE.</Unicode>
                    </TextEquiv>
                    <TextStyle fontFamily="Times New Roman" fontSize="19.0" italic="true"/>
                </Word>
                <TextEquiv>
                    <Unicode>TRAGEDIE.</Unicode>
                </TextEquiv>
                <TextStyle fontFamily="Times New Roman" fontSize="19.0" italic="true"/>
            </TextLine>
            <TextEquiv>
                <Unicode>TRAGEDIE.</Unicode>
            </TextEquiv>
        </TextRegion>
        <TextRegion type="paragraph" id="r_6_1" custom="readingOrder {index:4;}">
            <Coords points="593,3092 3326,3092 3326,3351 593,3351"/>
            <TextLine id="tl_5" primaryLanguage="English" custom="readingOrder {index:0;}">
                <Coords points="594,3093 3325,3093 3325,3350 594,3350"/>
                <Baseline points="595,3296 1485,3323 3323,3342"/>
                <Word id="w_w2aab1c11b2b1b1ab1" language="English" custom="readingOrder {index:0;}">
                    <Coords points="595,3101 1485,3101 1485,3323 595,3323"/>
                    <TextEquiv>
                        <Unicode>ACTE</Unicode>
                    </TextEquiv>
                    <TextStyle fontFamily="Times New Roman" fontSize="16.0"/>
                </Word>
                <Word id="w_w2aab1c11b2b1b1ac11" language="English" custom="readingOrder {index:1;}">
                    <Coords points="1690,3110 3323,3110 3323,3349 1690,3349"/>
                    <TextEquiv>
                        <Unicode>PREMIER.</Unicode>
                    </TextEquiv>
                    <TextStyle fontFamily="Times New Roman" fontSize="16.0"/>
                </Word>
                <TextEquiv>
                    <Unicode>ACTE PREMIER.</Unicode>
                </TextEquiv>
                <TextStyle fontFamily="Times New Roman" fontSize="16.0"/>
            </TextLine>
            <TextEquiv>
                <Unicode>ACTE PREMIER.</Unicode>
            </TextEquiv>
        </TextRegion>
        <TextRegion type="paragraph" id="r_6_2" custom="readingOrder {index:5;}">
            <Coords points="507,3523 3378,3520 3378,3793 507,3796"/>
            <TextLine id="tl_6" primaryLanguage="English" custom="readingOrder {index:0;}">
                <Coords points="508,3524 3376,3525 3376,3796 508,3795"/>
                <Baseline points="508,3725 1511,3723 3366,3759"/>
                <Word id="w_w2aab1c11b2b3b1ab1" language="English" custom="readingOrder {index:0;}">
                    <Coords points="508,3537 1511,3537 1511,3729 508,3729"/>
                    <TextEquiv>
                        <Unicode>SCENE</Unicode>
                    </TextEquiv>
                    <TextStyle fontFamily="Times New Roman" fontSize="15.0"/>
                </Word>
                <Word id="w_w2aab1c11b2b3b1ac13" language="English" custom="readingOrder {index:1;}">
                    <Coords points="1724,3550 3372,3550 3372,3794 1724,3794"/>
                    <TextEquiv>
                        <Unicode>PREMIERE,</Unicode>
                    </TextEquiv>
                    <TextStyle fontFamily="Times New Roman" fontSize="15.0"/>
                </Word>
                <TextEquiv>
                    <Unicode>SCENE PREMIERE.</Unicode>
                </TextEquiv>
            </TextLine>
            <TextEquiv>
                <Unicode>SCENE PREMIERE.</Unicode>
            </TextEquiv>
        </TextRegion>
        <TextRegion type="paragraph" id="r_6_3" custom="readingOrder {index:6;}">
            <Coords points="621,3917 3322,3917 3322,4143 621,4143"/>
            <TextLine id="tl_7" primaryLanguage="English" custom="readingOrder {index:0;}">
                <Coords points="622,3918 3321,3918 3321,4142 622,4142"/>
                <Baseline points="623,4080 2143,4125 3319,4110"/>
                <Word id="w_w2aab1c11b2b5b1ab1" language="English" custom="readingOrder {index:0;}">
                    <Coords points="623,3927 2143,3927 2143,4125 623,4125"/>
                    <TextEquiv>
                        <Unicode>ANTIOCHUS,</Unicode>
                    </TextEquiv>
                    <TextStyle fontFamily="Times New Roman" fontSize="11.0"/>
                </Word>
                <Word id="w_w2aab1c11b2b5b1ac23" language="English" custom="readingOrder {index:1;}">
                    <Coords points="2295,3943 3319,3943 3319,4110 2295,4110"/>
                    <TextEquiv>
                        <Unicode>ARSACE.</Unicode>
                    </TextEquiv>
                    <TextStyle fontFamily="Times New Roman" fontSize="11.0"/>
                </Word>
                <TextEquiv>
                    <Unicode>ANTIOCHUS, ARSACE.</Unicode>
                </TextEquiv>
                <TextStyle fontFamily="Times New Roman" fontSize="11.0"/>
            </TextLine>
            <TextEquiv>
                <Unicode>ANTIOCHUS, ARSACE.</Unicode>
            </TextEquiv>
        </TextRegion>
        <TextRegion id="region_1549882035672_158" custom="readingOrder {index:7;}">
            <Coords points="1277,4307 2595,4307 2595,4511 1277,4511"/>
            <TextLine id="line_1549882043826_162" custom="readingOrder {index:0;}">
                <Coords points="1289,4326 2574,4350 2575,4491 1288,4457"/>
                <Baseline points="1288,4452 2575,4486"/>
                <TextEquiv>
                    <Unicode>ANTIOCHUS.</Unicode>
                </TextEquiv>
            </TextLine>
            <TextEquiv>
                <Unicode>ANTIOCHUS.</Unicode>
            </TextEquiv>
        </TextRegion>
        <TextRegion type="paragraph" id="r_7_1" custom="readingOrder {index:8;}">
            <Coords points="300,4611 3568,4611 3568,4944 300,4944"/>
            <TextLine id="tl_8" primaryLanguage="English" custom="readingOrder {index:0;}">
                <Coords points="301,4612 3567,4612 3567,4943 301,4943"/>
                <Baseline points="301,4898 590,4898 725,4740 1759,4746 2221,4755 2605,4767 2883,4775 3287,4791 3567,4791"/>
                <Word id="w_w2aab1c13b2b1b1ab1" language="English" custom="readingOrder {index:0;}">
                    <Coords points="301,4612 590,4612 590,4898 301,4898"/>
                    <TextEquiv>
                        <Unicode>A</Unicode>
                    </TextEquiv>
                    <TextStyle fontFamily="Times New Roman" fontSize="22.0" bold="true"/>
                </Word>
                <Word id="w_w2aab1c13b2b1b1b1b1" language="English" custom="readingOrder {index:1;}">
                    <Coords points="620,4631 1503,4631 1503,4746 620,4746"/>
                    <TextEquiv>
                        <Unicode>Rrestons</Unicode>
                    </TextEquiv>
                    <TextStyle fontFamily="Times New Roman" fontSize="7.5" bold="true"/>
                </Word>
                <Word id="w_w2aab1c13b2b1b1b2b1" language="English" custom="readingOrder {index:2;}">
                    <Coords points="1602,4672 1759,4672 1759,4746 1602,4746"/>
                    <TextEquiv>
                        <Unicode>un</Unicode>
                    </TextEquiv>
                    <TextStyle fontFamily="Times New Roman" fontSize="8.0"/>
                </Word>
                <Word id="w_w2aab1c13b2b1b1b2b7" language="English" custom="readingOrder {index:3;}">
                    <Coords points="1818,4654 2398,4654 2398,4781 1818,4781"/>
                    <TextEquiv>
                        <Unicode>moment,</Unicode>
                    </TextEquiv>
                    <TextStyle fontFamily="Times New Roman" fontSize="8.0"/>
                </Word>
                <Word id="w_w2aab1c13b2b1b1b3b1" language="English" custom="readingOrder {index:4;}">
                    <Coords points="2521,4655 2681,4655 2681,4807 2521,4807"/>
                    <TextEquiv>
                        <Unicode>la</Unicode>
                    </TextEquiv>
                    <TextStyle fontFamily="Times New Roman" fontSize="8.5" bold="true"/>
                </Word>
                <Word id="w_w2aab1c13b2b1b1b4b1" language="English" custom="readingOrder {index:5;}">
                    <Coords points="2729,4655 3163,4655 3163,4808 2729,4808"/>
                    <TextEquiv>
                        <Unicode>pompe</Unicode>
                    </TextEquiv>
                    <TextStyle fontFamily="Times New Roman" fontSize="8.0"/>
                </Word>
                <Word id="w_w2aab1c13b2b1b1b5b1" language="English" custom="readingOrder {index:6;}">
                    <Coords points="3211,4656 3353,4656 3353,4791 3211,4791"/>
                    <TextEquiv>
                        <Unicode>de</Unicode>
                    </TextEquiv>
                    <TextStyle fontFamily="Times New Roman" fontSize="8.5" bold="true"/>
                </Word>
                <Word id="w_w2aab1c13b2b1b1b6b1" language="English" custom="readingOrder {index:7;}">
                    <Coords points="3391,4696 3567,4696 3567,4791 3391,4791"/>
                    <TextEquiv>
                        <Unicode>ces</Unicode>
                    </TextEquiv>
                    <TextStyle fontFamily="Times New Roman" fontSize="8.0"/>
                </Word>
                <TextEquiv>
                    <Unicode>ARRESTONS un moment. La pompe de ces</Unicode>
                </TextEquiv>
            </TextLine>
            <TextLine id="tl_9" primaryLanguage="English" custom="readingOrder {index:1;}">
                <Coords points="953,4784 1391,4784 1391,4934 953,4934"/>
                <Baseline points="953,4895 1296,4899 1390,4934"/>
                <Word id="w_w2aab1c13b2b1b3ab1" language="English" custom="readingOrder {index:0;}">
                    <Coords points="953,4784 1296,4784 1296,4899 953,4899"/>
                    <TextEquiv>
                        <Unicode>Lieux</Unicode>
                    </TextEquiv>
                    <TextStyle fontFamily="Times New Roman" fontSize="8.0"/>
                </Word>
                <Word id="w_w2aab1c13b2b1b3ac13" language="English" custom="readingOrder {index:1;}">
                    <Coords points="1353,4880 1390,4880 1390,4934 1353,4934"/>
                    <TextEquiv>
                        <Unicode>,</Unicode>
                    </TextEquiv>
                    <TextStyle fontFamily="Times New Roman" fontSize="8.0"/>
                </Word>
                <TextEquiv>
                    <Unicode>Lieux,</Unicode>
                </TextEquiv>
                <TextStyle fontFamily="Times New Roman" fontSize="8.0"/>
            </TextLine>
            <TextEquiv>
                <Unicode>ARRESTONS un moment. La pompe de ces
Lieux,</Unicode>
            </TextEquiv>
        </TextRegion>
        <TextRegion type="paragraph" id="r_7_2" custom="readingOrder {index:9;}">
            <Coords points="297,4927 3185,4927 3185,5294 297,5294"/>
            <TextLine id="tl_10" primaryLanguage="English" custom="readingOrder {index:0;}">
                <Coords points="298,4928 3184,4928 3184,5139 298,5139"/>
                <Baseline points="299,5079 442,5042 586,5046 852,5094 1221,5088 1733,5104 1944,5079 2508,5083 2614,5087 2814,5094 3183,5123"/>
                <Word id="w_w2aab1c13b2b3b1ab1" language="English" custom="readingOrder {index:0;}">
                    <Coords points="299,4928 442,4928 442,5079 299,5079"/>
                    <TextEquiv>
                        <Unicode>Je</Unicode>
                    </TextEquiv>
                    <TextStyle fontFamily="Times New Roman" fontSize="8.0"/>
                </Word>
                <Word id="w_w2aab1c13b2b3b1ab7" language="English" custom="readingOrder {index:1;}">
                    <Coords points="487,4943 586,4943 586,5046 487,5046"/>
                    <TextEquiv>
                        <Unicode>le</Unicode>
                    </TextEquiv>
                    <TextStyle fontFamily="Times New Roman" fontSize="8.0"/>
                </Word>
                <Word id="w_w2aab1c13b2b3b1ac13" language="English" custom="readingOrder {index:2;}">
                    <Coords points="635,4978 852,4978 852,5094 635,5094"/>
                    <TextEquiv>
                        <Unicode>voy</Unicode>
                    </TextEquiv>
                    <TextStyle fontFamily="Times New Roman" fontSize="8.0"/>
                </Word>
                <Word id="w_w2aab1c13b2b3b1ac21" language="English" custom="readingOrder {index:3;}">
                    <Coords points="901,4939 1221,4939 1221,5088 901,5088"/>
                    <TextEquiv>
                        <Unicode>bien,</Unicode>
                    </TextEquiv>
                    <TextStyle fontFamily="Times New Roman" fontSize="8.0"/>
                </Word>
                <Word id="w_w2aab1c13b2b3b1ac33" language="English" custom="readingOrder {index:4;}">
                    <Coords points="1271,4953 1733,4953 1733,5104 1271,5104"/>
                    <TextEquiv>
                        <Unicode>Arlace,</Unicode>
                    </TextEquiv>
                    <TextStyle fontFamily="Times New Roman" fontSize="8.0"/>
                </Word>
                <Word id="w_w2aab1c13b2b3b1ac49" language="English" custom="readingOrder {index:5;}">
                    <Coords points="1773,4957 1944,4957 1944,5079 1773,5079"/>
                    <TextEquiv>
                        <Unicode>eft</Unicode>
                    </TextEquiv>
                    <TextStyle fontFamily="Times New Roman" fontSize="8.0"/>
                </Word>
                <Word id="w_w2aab1c13b2b3b1ac57" language="English" custom="readingOrder {index:6;}">
                    <Coords points="1989,4967 2508,4967 2508,5084 1989,5084"/>
                    <TextEquiv>
                        <Unicode>nouvelle</Unicode>
                    </TextEquiv>
                    <TextStyle fontFamily="Times New Roman" fontSize="8.0"/>
                </Word>
                <Word id="w_w2aab1c13b2b3b1ac75" language="English" custom="readingOrder {index:7;}">
                    <Coords points="2551,4964 2614,4964 2614,5088 2551,5088"/>
                    <TextEquiv>
                        <Unicode>à</Unicode>
                    </TextEquiv>
                    <TextStyle fontFamily="Times New Roman" fontSize="8.0"/>
                </Word>
                <Word id="w_w2aab1c13b2b3b1b1b1" language="English" custom="readingOrder {index:8;}">
                    <Coords points="2659,5004 2814,5004 2814,5094 2659,5094"/>
                    <TextEquiv>
                        <Unicode>tes</Unicode>
                    </TextEquiv>
                    <TextStyle fontFamily="Times New Roman" fontSize="8.5" bold="true"/>
                </Word>
                <Word id="w_w2aab1c13b2b3b1b1b9" language="English" custom="readingOrder {index:9;}">
                    <Coords points="2858,5015 3183,5015 3183,5136 2858,5136"/>
                    <TextEquiv>
                        <Unicode>yeux.</Unicode>
                    </TextEquiv>
                    <TextStyle fontFamily="Times New Roman" fontSize="8.5" bold="true"/>
                </Word>
                <TextEquiv>
                    <Unicode>Je le voy bien, Arſace, eſt nouvelle à tes yeux.</Unicode>
                </TextEquiv>
            </TextLine>
            <TextLine id="tl_11" primaryLanguage="English" custom="readingOrder {index:1;}">
                <Coords points="300,5096 2734,5096 2734,5293 300,5293"/>
                <Baseline points="301,5201 806,5206 980,5216 1498,5226 1983,5237 2732,5287"/>
                <Word id="w_w2aab1c13b2b3b3ab1" language="English" custom="readingOrder {index:0;}">
                    <Coords points="301,5096 806,5096 806,5211 301,5211"/>
                    <TextEquiv>
                        <Unicode>Souvent</Unicode>
                    </TextEquiv>
                    <TextStyle fontFamily="Times New Roman" fontSize="8.0"/>
                </Word>
                <Word id="w_w2aab1c13b2b3b3ac17" language="English" custom="readingOrder {index:1;}">
                    <Coords points="861,5136 980,5136 980,5216 861,5216"/>
                    <TextEquiv>
                        <Unicode>ce</Unicode>
                    </TextEquiv>
                    <TextStyle fontFamily="Times New Roman" fontSize="8.0"/>
                </Word>
                <Word id="w_w2aab1c13b2b3b3ac23" language="English" custom="readingOrder {index:2;}">
                    <Coords points="1025,5107 1498,5107 1498,5226 1025,5226"/>
                    <TextEquiv>
                        <Unicode>Cabinet</Unicode>
                    </TextEquiv>
                    <TextStyle fontFamily="Times New Roman" fontSize="8.0"/>
                </Word>
                <Word id="w_w2aab1c13b2b3b3ac39" language="English" custom="readingOrder {index:3;}">
                    <Coords points="1542,5127 1983,5127 1983,5277 1542,5277"/>
                    <TextEquiv>
                        <Unicode>(uperbe</Unicode>
                    </TextEquiv>
                    <TextStyle fontFamily="Times New Roman" fontSize="8.0"/>
                </Word>
                <Word id="w_w2aab1c13b2b3b3ac55" language="English" custom="readingOrder {index:4;}">
                    <Coords points="2044,5126 2732,5126 2732,5287 2044,5287"/>
                    <TextEquiv>
                        <Unicode>Sefolitaire,</Unicode>
                    </TextEquiv>
                    <TextStyle fontFamily="Times New Roman" fontSize="8.0"/>
                </Word>
                <TextEquiv>
                    <Unicode>Souvent ce Cabinet ſuperbe &amp; ſolitaire,</Unicode>
                </TextEquiv>
                <TextStyle fontFamily="Times New Roman" fontSize="8.0"/>
            </TextLine>
            <TextEquiv>
                <Unicode>Je le voy bien, Arſace, eſt nouvelle à tes yeux.
Souvent ce Cabinet ſuperbe &amp; ſolitaire,</Unicode>
            </TextEquiv>
        </TextRegion>
        <TextRegion type="paragraph" id="r_7_3" custom="readingOrder {index:10;}">
            <Coords points="300,5249 2597,5249 2597,5456 300,5456"/>
            <TextLine id="tl_12" primaryLanguage="English" custom="readingOrder {index:0;}">
                <Coords points="301,5250 2596,5250 2596,5455 301,5455"/>
                <Baseline points="302,5356 543,5360 975,5374 1149,5381 1487,5390 1694,5391 1841,5401 2594,5435"/>
                <Word id="w_w2aab1c13b2b5b1ab1" language="English" custom="readingOrder {index:0;}">
                    <Coords points="302,5250 543,5250 543,5365 302,5365"/>
                    <TextEquiv>
                        <Unicode>Des</Unicode>
                    </TextEquiv>
                    <TextStyle fontFamily="Times New Roman" fontSize="8.0"/>
                </Word>
                <Word id="w_w2aab1c13b2b5b1ab9" language="English" custom="readingOrder {index:1;}">
                    <Coords points="600,5255 975,5255 975,5375 600,5375"/>
                    <TextEquiv>
                        <Unicode>fècrets</Unicode>
                    </TextEquiv>
                    <TextStyle fontFamily="Times New Roman" fontSize="8.0"/>
                </Word>
                <Word id="w_w2aab1c13b2b5b1ac25" language="English" custom="readingOrder {index:2;}">
                    <Coords points="1014,5265 1149,5265 1149,5381 1014,5381"/>
                    <TextEquiv>
                        <Unicode>de</Unicode>
                    </TextEquiv>
                    <TextStyle fontFamily="Times New Roman" fontSize="8.0"/>
                </Word>
                <Word id="w_w2aab1c13b2b5b1ac31" language="English" custom="readingOrder {index:3;}">
                    <Coords points="1182,5277 1487,5277 1487,5390 1182,5390"/>
                    <TextEquiv>
                        <Unicode>Titus</Unicode>
                    </TextEquiv>
                    <TextStyle fontFamily="Times New Roman" fontSize="8.0"/>
                </Word>
                <Word id="w_w2aab1c13b2b5b1ac43" language="English" custom="readingOrder {index:4;}">
                    <Coords points="1542,5282 1694,5282 1694,5396 1542,5396"/>
                    <TextEquiv>
                        <Unicode>éli</Unicode>
                    </TextEquiv>
                    <TextStyle fontFamily="Times New Roman" fontSize="8.0"/>
                </Word>
                <Word id="w_w2aab1c13b2b5b1ac51" language="English" custom="readingOrder {index:5;}">
                    <Coords points="1746,5286 1841,5286 1841,5401 1746,5401"/>
                    <TextEquiv>
                        <Unicode>le</Unicode>
                    </TextEquiv>
                    <TextStyle fontFamily="Times New Roman" fontSize="8.0"/>
                </Word>
                <Word id="w_w2aab1c13b2b5b1ac57" language="English" custom="readingOrder {index:6;}">
                    <Coords points="1900,5285 2594,5285 2594,5447 1900,5447"/>
                    <TextEquiv>
                        <Unicode>dépolîtaire.</Unicode>
                    </TextEquiv>
                    <TextStyle fontFamily="Times New Roman" fontSize="8.0"/>
                </Word>
                <TextEquiv>
                    <Unicode>Des ſecrets de Titus eſt le dépoſitaire.</Unicode>
                </TextEquiv>
                <TextStyle fontFamily="Times New Roman" fontSize="8.0"/>
            </TextLine>
            <TextEquiv>
                <Unicode>Des ſecrets de Titus eſt le dépoſitaire.</Unicode>
            </TextEquiv>
        </TextRegion>
        <TextRegion type="paragraph" id="r_7_4" custom="readingOrder {index:11;}">
            <Coords points="310,5407 3056,5407 3056,5623 310,5623"/>
            <TextLine id="tl_13" primaryLanguage="English" custom="readingOrder {index:0;}">
                <Coords points="311,5408 3055,5408 3055,5622 311,5622"/>
                <Baseline points="312,5518 623,5533 833,5576 1549,5555 1847,5559 2005,5566 2388,5570 2483,5575 2624,5579 2978,5584 3055,5622"/>
                <Word id="w_w2aab1c13b2b7b1ab1" language="English" custom="readingOrder {index:0;}">
                    <Coords points="312,5408 623,5408 623,5533 312,5533"/>
                    <TextEquiv>
                        <Unicode>C’effc</Unicode>
                    </TextEquiv>
                    <TextStyle fontFamily="Times New Roman" fontSize="8.0"/>
                </Word>
                <Word id="w_w2aab1c13b2b7b1ac15" language="English" custom="readingOrder {index:1;}">
                    <Coords points="666,5424 833,5424 833,5576 666,5576"/>
                    <TextEquiv>
                        <Unicode>icy</Unicode>
                    </TextEquiv>
                    <TextStyle fontFamily="Times New Roman" fontSize="8.0"/>
                </Word>
                <Word id="w_w2aab1c13b2b7b1ac23" language="English" custom="readingOrder {index:2;}">
                    <Coords points="861,5430 1549,5430 1549,5590 861,5590"/>
                    <TextEquiv>
                        <Unicode>quelquefois</Unicode>
                    </TextEquiv>
                    <TextStyle fontFamily="Times New Roman" fontSize="8.0"/>
                </Word>
                <Word id="w_w2aab1c13b2b7b1ac47" language="English" custom="readingOrder {index:3;}">
                    <Coords points="1583,5451 1847,5451 1847,5600 1583,5600"/>
                    <TextEquiv>
                        <Unicode>qu’il</Unicode>
                    </TextEquiv>
                    <TextStyle fontFamily="Times New Roman" fontSize="8.0"/>
                </Word>
                <Word id="w_w2aab1c13b2b7b1ac59" language="English" custom="readingOrder {index:4;}">
                    <Coords points="1911,5445 2005,5445 2005,5566 1911,5566"/>
                    <TextEquiv>
                        <Unicode>fè</Unicode>
                    </TextEquiv>
                    <TextStyle fontFamily="Times New Roman" fontSize="8.0"/>
                </Word>
                <Word id="w_w2aab1c13b2b7b1ac65" language="English" custom="readingOrder {index:5;}">
                    <Coords points="2059,5455 2388,5455 2388,5571 2059,5571"/>
                    <TextEquiv>
                        <Unicode>cache</Unicode>
                    </TextEquiv>
                    <TextStyle fontFamily="Times New Roman" fontSize="8.0"/>
                </Word>
                <Word id="w_w2aab1c13b2b7b1ac77" language="English" custom="readingOrder {index:6;}">
                    <Coords points="2423,5460 2483,5460 2483,5575 2423,5575"/>
                    <TextEquiv>
                        <Unicode>à</Unicode>
                    </TextEquiv>
                    <TextStyle fontFamily="Times New Roman" fontSize="8.0"/>
                </Word>
                <Word id="w_w2aab1c13b2b7b1ac81" language="English" custom="readingOrder {index:7;}">
                    <Coords points="2519,5466 2624,5466 2624,5579 2519,5579"/>
                    <TextEquiv>
                        <Unicode>fa</Unicode>
                    </TextEquiv>
                    <TextStyle fontFamily="Times New Roman" fontSize="8.0"/>
                </Word>
                <Word id="w_w2aab1c13b2b7b1ac87" language="English" custom="readingOrder {index:8;}">
                    <Coords points="2663,5466 2978,5466 2978,5585 2663,5585"/>
                    <TextEquiv>
                        <Unicode>Cour</Unicode>
                    </TextEquiv>
                    <TextStyle fontFamily="Times New Roman" fontSize="8.0"/>
                </Word>
                <Word id="w_w2aab1c13b2b7b1ac97" language="English" custom="readingOrder {index:9;}">
                    <Coords points="3003,5461 3055,5461 3055,5622 3003,5622"/>
                    <TextEquiv>
                        <Unicode>^</Unicode>
                    </TextEquiv>
                    <TextStyle fontFamily="Times New Roman" fontSize="8.0"/>
                </Word>
                <TextEquiv>
                    <Unicode>C’eſt icy quelquefois qu’il ſe cache à ſa Cour,</Unicode>
                </TextEquiv>
                <TextStyle fontFamily="Times New Roman" fontSize="8.0"/>
            </TextLine>
            <TextEquiv>
                <Unicode>C’eſt icy quelquefois qu’il ſe cache à ſa Cour,</Unicode>
            </TextEquiv>
        </TextRegion>
        <TextRegion type="paragraph" id="r_7_5" custom="readingOrder {index:12;}">
            <Coords points="299,5573 3230,5573 3230,5795 299,5795"/>
            <TextLine id="tl_14" primaryLanguage="English" custom="readingOrder {index:0;}">
                <Coords points="300,5574 3229,5574 3229,5794 300,5794"/>
                <Baseline points="301,5683 576,5688 899,5697 1230,5702 1329,5708 1462,5714 1892,5728 2490,5739 2732,5743 3228,5672"/>
                <Word id="w_w2aab1c13b2b9b1ab1" language="English" custom="readingOrder {index:0;}">
                    <Coords points="301,5574 576,5574 576,5688 301,5688"/>
                    <TextEquiv>
                        <Unicode>Lors</Unicode>
                    </TextEquiv>
                    <TextStyle fontFamily="Times New Roman" fontSize="8.0"/>
                </Word>
                <Word id="w_w2aab1c13b2b9b1ac11" language="English" custom="readingOrder {index:1;}">
                    <Coords points="645,5588 899,5588 899,5738 645,5738"/>
                    <TextEquiv>
                        <Unicode>qu’il</Unicode>
                    </TextEquiv>
                    <TextStyle fontFamily="Times New Roman" fontSize="8.0"/>
                </Word>
                <Word id="w_w2aab1c13b2b9b1ac23" language="English" custom="readingOrder {index:2;}">
                    <Coords points="927,5593 1230,5593 1230,5703 927,5703"/>
                    <TextEquiv>
                        <Unicode>vient</Unicode>
                    </TextEquiv>
                    <TextStyle fontFamily="Times New Roman" fontSize="8.0"/>
                </Word>
                <Word id="w_w2aab1c13b2b9b1ac35" language="English" custom="readingOrder {index:3;}">
                    <Coords points="1265,5593 1329,5593 1329,5708 1265,5708"/>
                    <TextEquiv>
                        <Unicode>à</Unicode>
                    </TextEquiv>
                    <TextStyle fontFamily="Times New Roman" fontSize="8.0"/>
                </Word>
                <Word id="w_w2aab1c13b2b9b1ac39" language="English" custom="readingOrder {index:4;}">
                    <Coords points="1361,5604 1462,5604 1462,5714 1361,5714"/>
                    <TextEquiv>
                        <Unicode>la</Unicode>
                    </TextEquiv>
                    <TextStyle fontFamily="Times New Roman" fontSize="8.0"/>
                </Word>
                <Word id="w_w2aab1c13b2b9b1ac45" language="English" custom="readingOrder {index:5;}">
                    <Coords points="1505,5614 1892,5614 1892,5764 1505,5764"/>
                    <TextEquiv>
                        <Unicode>Reyne</Unicode>
                    </TextEquiv>
                    <TextStyle fontFamily="Times New Roman" fontSize="8.0"/>
                </Word>
                <Word id="w_w2aab1c13b2b9b1ac57" language="English" custom="readingOrder {index:6;}">
                    <Coords points="1935,5620 2490,5620 2490,5780 1935,5780"/>
                    <TextEquiv>
                        <Unicode>expliquer</Unicode>
                    </TextEquiv>
                    <TextStyle fontFamily="Times New Roman" fontSize="8.0"/>
                </Word>
                <Word id="w_w2aab1c13b2b9b1ac77" language="English" custom="readingOrder {index:7;}">
                    <Coords points="2535,5624 2732,5624 2732,5743 2535,5743"/>
                    <TextEquiv>
                        <Unicode>(on</Unicode>
                    </TextEquiv>
                    <TextStyle fontFamily="Times New Roman" fontSize="8.0"/>
                </Word>
                <Word id="w_w2aab1c13b2b9b1ac85" language="English" custom="readingOrder {index:8;}">
                    <Coords points="2775,5656 3228,5656 3228,5760 2775,5760"/>
                    <TextEquiv>
                        <Unicode>amour,'</Unicode>
                    </TextEquiv>
                    <TextStyle fontFamily="Times New Roman" fontSize="8.0"/>
                </Word>
                <TextEquiv>
                    <Unicode>Lors qu’il vient à la Reyne expliquer ſon amour.</Unicode>
                </TextEquiv>
                <TextStyle fontFamily="Times New Roman" fontSize="8.0"/>
            </TextLine>
            <TextEquiv>
                <Unicode>Lors qu’il vient à la Reyne expliquer ſon amour.</Unicode>
            </TextEquiv>
        </TextRegion>
        <TextRegion type="paragraph" id="r_7_6" custom="readingOrder {index:13;}">
            <Coords points="295,5731 3139,5731 3139,5950 295,5950"/>
            <TextLine id="tl_15" primaryLanguage="English" custom="readingOrder {index:0;}">
                <Coords points="296,5732 3138,5732 3138,5949 296,5949"/>
                <Baseline points="297,5842 488,5847 724,5856 1504,5876 1826,5887 2174,5892 2408,5898 3136,5949"/>
                <Word id="w_w2aab1c13b2c11b1ab1" language="English" custom="readingOrder {index:0;}">
                    <Coords points="297,5732 488,5732 488,5847 297,5847"/>
                    <TextEquiv>
                        <Unicode>De</Unicode>
                    </TextEquiv>
                    <TextStyle fontFamily="Times New Roman" fontSize="8.0"/>
                </Word>
                <Word id="w_w2aab1c13b2c11b1ab7" language="English" custom="readingOrder {index:1;}">
                    <Coords points="523,5741 724,5741 724,5857 523,5857"/>
                    <TextEquiv>
                        <Unicode>fôn</Unicode>
                    </TextEquiv>
                    <TextStyle fontFamily="Times New Roman" fontSize="8.0"/>
                </Word>
                <Word id="w_w2aab1c13b2c11b1ac15" language="English" custom="readingOrder {index:2;}">
                    <Coords points="769,5753 1504,5753 1504,5904 769,5904"/>
                    <TextEquiv>
                        <Unicode>Apartement</Unicode>
                    </TextEquiv>
                    <TextStyle fontFamily="Times New Roman" fontSize="8.0"/>
                </Word>
                <Word id="w_w2aab1c13b2c11b1ac37" language="English" custom="readingOrder {index:3;}">
                    <Coords points="1547,5807 1826,5807 1826,5887 1547,5887"/>
                    <TextEquiv>
                        <Unicode>cette</Unicode>
                    </TextEquiv>
                    <TextStyle fontFamily="Times New Roman" fontSize="8.0"/>
                </Word>
                <Word id="w_w2aab1c13b2c11b1ac49" language="English" custom="readingOrder {index:4;}">
                    <Coords points="1854,5810 2174,5810 2174,5929 1854,5929"/>
                    <TextEquiv>
                        <Unicode>porte</Unicode>
                    </TextEquiv>
                    <TextStyle fontFamily="Times New Roman" fontSize="8.0"/>
                </Word>
                <Word id="w_w2aab1c13b2c11b1ac61" language="English" custom="readingOrder {index:5;}">
                    <Coords points="2238,5782 2408,5782 2408,5898 2238,5898"/>
                    <TextEquiv>
                        <Unicode>eft</Unicode>
                    </TextEquiv>
                    <TextStyle fontFamily="Times New Roman" fontSize="8.0"/>
                </Word>
                <Word id="w_w2aab1c13b2c11b1ac69" language="English" custom="readingOrder {index:6;}">
                    <Coords points="2448,5789 3136,5789 3136,5949 2448,5949"/>
                    <TextEquiv>
                        <Unicode>prochaine,</Unicode>
                    </TextEquiv>
                    <TextStyle fontFamily="Times New Roman" fontSize="8.0"/>
                </Word>
                <TextEquiv>
                    <Unicode>De ſon Apartement cette porte eſt prochaine,</Unicode>
                </TextEquiv>
                <TextStyle fontFamily="Times New Roman" fontSize="8.0"/>
            </TextLine>
            <TextEquiv>
                <Unicode>De ſon Apartement cette porte eſt prochaine,</Unicode>
            </TextEquiv>
        </TextRegion>
        <TextRegion type="paragraph" id="r_7_7" custom="readingOrder {index:14;}">
            <Coords points="294,5895 3145,5895 3145,6118 294,6118"/>
            <TextLine id="tl_16" primaryLanguage="English" custom="readingOrder {index:0;}">
                <Coords points="295,5896 3144,5896 3144,6117 295,6117"/>
                <Baseline points="297,6005 448,6004 775,6021 1133,6031 1631,6046 1953,6051 2317,6102 2497,6065 2635,6065 3065,6082 3142,6113"/>
                <Word id="w_w2aab1c13b2c13b1ab1" language="English" custom="readingOrder {index:0;}">
                    <Coords points="297,5896 448,5896 448,6005 297,6005"/>
                    <TextEquiv>
                        <Unicode>Et</Unicode>
                    </TextEquiv>
                    <TextStyle fontFamily="Times New Roman" fontSize="8.0"/>
                </Word>
                <Word id="w_w2aab1c13b2c13b1ab7" language="English" custom="readingOrder {index:1;}">
                    <Coords points="506,5941 775,5941 775,6021 506,6021"/>
                    <TextEquiv>
                        <Unicode>cette</Unicode>
                    </TextEquiv>
                    <TextStyle fontFamily="Times New Roman" fontSize="8.0"/>
                </Word>
                <Word id="w_w2aab1c13b2c13b1ac19" language="English" custom="readingOrder {index:2;}">
                    <Coords points="830,5948 1133,5948 1133,6031 830,6031"/>
                    <TextEquiv>
                        <Unicode>autre</Unicode>
                    </TextEquiv>
                    <TextStyle fontFamily="Times New Roman" fontSize="8.0"/>
                </Word>
                <Word id="w_w2aab1c13b2c13b1ac31" language="English" custom="readingOrder {index:3;}">
                    <Coords points="1168,5927 1631,5927 1631,6046 1168,6046"/>
                    <TextEquiv>
                        <Unicode>conduit</Unicode>
                    </TextEquiv>
                    <TextStyle fontFamily="Times New Roman" fontSize="8.0"/>
                </Word>
                <Word id="w_w2aab1c13b2c13b1ac47" language="English" custom="readingOrder {index:4;}">
                    <Coords points="1674,5935 1953,5935 1953,6052 1674,6052"/>
                    <TextEquiv>
                        <Unicode>dans</Unicode>
                    </TextEquiv>
                    <TextStyle fontFamily="Times New Roman" fontSize="8.0"/>
                </Word>
                <Word id="w_w2aab1c13b2c13b1ac57" language="English" custom="readingOrder {index:5;}">
                    <Coords points="2014,5948 2317,5948 2317,6102 2014,6102"/>
                    <TextEquiv>
                        <Unicode>celuy</Unicode>
                    </TextEquiv>
                    <TextStyle fontFamily="Times New Roman" fontSize="8.0"/>
                </Word>
                <Word id="w_w2aab1c13b2c13b1ac69" language="English" custom="readingOrder {index:6;}">
                    <Coords points="2356,5947 2497,5947 2497,6066 2356,6066"/>
                    <TextEquiv>
                        <Unicode>de</Unicode>
                    </TextEquiv>
                    <TextStyle fontFamily="Times New Roman" fontSize="8.0"/>
                </Word>
                <Word id="w_w2aab1c13b2c13b1ac75" language="English" custom="readingOrder {index:7;}">
                    <Coords points="2530,5958 2635,5958 2635,6066 2530,6066"/>
                    <TextEquiv>
                        <Unicode>la</Unicode>
                    </TextEquiv>
                    <TextStyle fontFamily="Times New Roman" fontSize="8.0"/>
                </Word>
                <Word id="w_w2aab1c13b2c13b1ac81" language="English" custom="readingOrder {index:8;}">
                    <Coords points="2680,5962 3065,5962 3065,6113 2680,6113"/>
                    <TextEquiv>
                        <Unicode>Reyne</Unicode>
                    </TextEquiv>
                    <TextStyle fontFamily="Times New Roman" fontSize="8.0"/>
                </Word>
                <Word id="w_w2aab1c13b2c13b1ac93" language="English" custom="readingOrder {index:9;}">
                    <Coords points="3093,6054 3142,6054 3142,6113 3093,6113"/>
                    <TextEquiv>
                        <Unicode>,</Unicode>
                    </TextEquiv>
                    <TextStyle fontFamily="Times New Roman" fontSize="8.0"/>
                </Word>
                <TextEquiv>
                    <Unicode>Et cette autre conduit dans celuy de la Reyne,</Unicode>
                </TextEquiv>
                <TextStyle fontFamily="Times New Roman" fontSize="8.0"/>
            </TextLine>
            <TextEquiv>
                <Unicode>Et cette autre conduit dans celuy de la Reyne,</Unicode>
            </TextEquiv>
        </TextRegion>
        <TextRegion type="paragraph" id="r_7_8" custom="readingOrder {index:15;}">
            <Coords points="294,6059 3030,6059 3030,6290 294,6290"/>
            <TextLine id="tl_17" primaryLanguage="English" custom="readingOrder {index:0;}">
                <Coords points="295,6060 3029,6060 3029,6289 295,6289"/>
                <Baseline points="296,6164 473,6169 787,6179 1062,6188 1589,6247 2420,6226 2549,6230 3028,6265"/>
                <Word id="w_w2aab1c13b2c15b1ab1" language="English" custom="readingOrder {index:0;}">
                    <Coords points="296,6060 473,6060 473,6169 296,6169"/>
                    <TextEquiv>
                        <Unicode>Va</Unicode>
                    </TextEquiv>
                    <TextStyle fontFamily="Times New Roman" fontSize="8.0"/>
                </Word>
                <Word id="w_w2aab1c13b2c15b1ab7" language="English" custom="readingOrder {index:1;}">
                    <Coords points="518,6064 787,6064 787,6184 518,6184"/>
                    <TextEquiv>
                        <Unicode>chez</Unicode>
                    </TextEquiv>
                    <TextStyle fontFamily="Times New Roman" fontSize="8.0"/>
                </Word>
                <Word id="w_w2aab1c13b2c15b1ac17" language="English" custom="readingOrder {index:2;}">
                    <Coords points="830,6075 1062,6075 1062,6188 830,6188"/>
                    <TextEquiv>
                        <Unicode>elle.</Unicode>
                    </TextEquiv>
                    <TextStyle fontFamily="Times New Roman" fontSize="8.0"/>
                </Word>
                <Word id="w_w2aab1c13b2c15b1ac29" language="English" custom="readingOrder {index:3;}">
                    <Coords points="1158,6085 1589,6085 1589,6247 1158,6247"/>
                    <TextEquiv>
                        <Unicode>Dy-luy</Unicode>
                    </TextEquiv>
                    <TextStyle fontFamily="Times New Roman" fontSize="8.0"/>
                </Word>
                <Word id="w_w2aab1c13b2c15b1ac43" language="English" custom="readingOrder {index:4;}">
                    <Coords points="1653,6105 2420,6105 2420,6260 1653,6260"/>
                    <TextEquiv>
                        <Unicode>qu’importun</Unicode>
                    </TextEquiv>
                    <TextStyle fontFamily="Times New Roman" fontSize="8.0"/>
                </Word>
                <Word id="w_w2aab1c13b2c15b1ac67" language="English" custom="readingOrder {index:5;}">
                    <Coords points="2479,6115 2549,6115 2549,6230 2479,6230"/>
                    <TextEquiv>
                        <Unicode>à</Unicode>
                    </TextEquiv>
                    <TextStyle fontFamily="Times New Roman" fontSize="8.0"/>
                </Word>
                <Word id="w_w2aab1c13b2c15b1ac71" language="English" custom="readingOrder {index:6;}">
                    <Coords points="2591,6157 3028,6157 3028,6286 2591,6286"/>
                    <TextEquiv>
                        <Unicode>regret^</Unicode>
                    </TextEquiv>
                    <TextStyle fontFamily="Times New Roman" fontSize="8.0"/>
                </Word>
                <TextEquiv>
                    <Unicode>Va chez elle. Dy-luy qu’importun à regret,</Unicode>
                </TextEquiv>
                <TextStyle fontFamily="Times New Roman" fontSize="8.0"/>
            </TextLine>
            <TextEquiv>
                <Unicode>Va chez elle. Dy-luy qu’importun à regret,</Unicode>
            </TextEquiv>
        </TextRegion>
        <TextRegion type="paragraph" id="r_7_9" custom="readingOrder {index:16;}">
            <Coords points="284,6209 2688,6209 2688,6421 284,6421"/>
            <TextLine id="tl_18" primaryLanguage="English" custom="readingOrder {index:0;}">
                <Coords points="285,6210 2687,6210 2687,6420 285,6420"/>
                <Baseline points="285,6369 571,6338 786,6385 1472,6364 1672,6373 2262,6390 2685,6420"/>
                <Word id="w_w2aab1c13b2c17b1ab1" language="English" custom="readingOrder {index:0;}">
                    <Coords points="285,6213 571,6213 571,6369 285,6369"/>
                    <TextEquiv>
                        <Unicode>J’ofe</Unicode>
                    </TextEquiv>
                    <TextStyle fontFamily="Times New Roman" fontSize="8.0"/>
                </Word>
                <Word id="w_w2aab1c13b2c17b1ac13" language="English" custom="readingOrder {index:1;}">
                    <Coords points="621,6235 786,6235 786,6385 621,6385"/>
                    <TextEquiv>
                        <Unicode>luy</Unicode>
                    </TextEquiv>
                    <TextStyle fontFamily="Times New Roman" fontSize="8.0"/>
                </Word>
                <Word id="w_w2aab1c13b2c17b1ac21" language="English" custom="readingOrder {index:2;}">
                    <Coords points="861,6239 1472,6239 1472,6364 861,6364"/>
                    <TextEquiv>
                        <Unicode>demander</Unicode>
                    </TextEquiv>
                    <TextStyle fontFamily="Times New Roman" fontSize="8.0"/>
                </Word>
                <Word id="w_w2aab1c13b2c17b1ac39" language="English" custom="readingOrder {index:3;}">
                    <Coords points="1521,6291 1672,6291 1672,6373 1521,6373"/>
                    <TextEquiv>
                        <Unicode>un</Unicode>
                    </TextEquiv>
                    <TextStyle fontFamily="Times New Roman" fontSize="8.0"/>
                </Word>
                <Word id="w_w2aab1c13b2c17b1ac45" language="English" custom="readingOrder {index:4;}">
                    <Coords points="1721,6275 2262,6275 2262,6390 1721,6390"/>
                    <TextEquiv>
                        <Unicode>entretien</Unicode>
                    </TextEquiv>
                    <TextStyle fontFamily="Times New Roman" fontSize="8.0"/>
                </Word>
                <Word id="w_w2aab1c13b2c17b1ac65" language="English" custom="readingOrder {index:5;}">
                    <Coords points="2321,6269 2685,6269 2685,6420 2321,6420"/>
                    <TextEquiv>
                        <Unicode>fcçxet.</Unicode>
                    </TextEquiv>
                    <TextStyle fontFamily="Times New Roman" fontSize="8.0"/>
                </Word>
                <TextEquiv>
                    <Unicode>J’oſe luy demander un entretien ſecret.</Unicode>
                </TextEquiv>
                <TextStyle fontFamily="Times New Roman" fontSize="8.0"/>
            </TextLine>
            <TextEquiv>
                <Unicode>J’oſe luy demander un entretien ſecret.</Unicode>
            </TextEquiv>
        </TextRegion>
        <TextRegion type="paragraph" id="r_9_1" custom="readingOrder {index:17;}">
            <Coords points="930,6407 1611,6407 1611,6539 930,6539"/>
            <TextLine id="tl_20" primaryLanguage="English" custom="readingOrder {index:0;}">
                <Coords points="931,6408 1610,6408 1610,6538 931,6538"/>
                <Baseline points="931,6521 1308,6527 1609,6538"/>
                <Word id="w_w2aab1c17b2b1b1ab1" language="English" custom="readingOrder {index:0;}">
                    <Coords points="931,6408 1308,6408 1308,6527 931,6527"/>
                    <TextEquiv>
                        <Unicode>Tome</Unicode>
                    </TextEquiv>
                    <TextStyle fontFamily="Times New Roman" fontSize="8.5" bold="true"/>
                </Word>
                <Word id="w_w2aab1c17b2b1b1ac11" language="English" custom="readingOrder {index:1;}">
                    <Coords points="1425,6417 1609,6417 1609,6538 1425,6538"/>
                    <TextEquiv>
                        <Unicode>11,</Unicode>
                    </TextEquiv>
                    <TextStyle fontFamily="Times New Roman" fontSize="8.5" bold="true"/>
                </Word>
                <TextEquiv>
                    <Unicode>Tome II.</Unicode>
                </TextEquiv>
                <TextStyle fontFamily="Times New Roman" fontSize="8.5" bold="true"/>
            </TextLine>
            <TextEquiv>
                <Unicode>Tome II.</Unicode>
            </TextEquiv>
        </TextRegion>
        <TextRegion type="paragraph" id="r_10_1" custom="readingOrder {index:18;}">
            <Coords points="2867,6454 2985,6454 2985,6576 2867,6576"/>
            <TextLine id="tl_21" primaryLanguage="English" custom="readingOrder {index:0;}">
                <Coords points="2868,6455 2984,6455 2984,6575 2868,6575"/>
                <Baseline points="2868,6575 2984,6575"/>
                <Word id="w_w2aab1c19b2b1b1ab1" language="English" custom="readingOrder {index:0;}">
                    <Coords points="2868,6455 2984,6455 2984,6575 2868,6575"/>
                    <TextEquiv>
                        <Unicode>A</Unicode>
                    </TextEquiv>
                    <TextStyle fontFamily="Times New Roman" fontSize="8.5" bold="true"/>
                </Word>
                <TextEquiv>
                    <Unicode>A</Unicode>
                </TextEquiv>
                <TextStyle fontFamily="Times New Roman" fontSize="8.5" bold="true"/>
            </TextLine>
            <TextEquiv>
                <Unicode>A</Unicode>
            </TextEquiv>
        </TextRegion>
        <SeparatorRegion id="r_11" custom="readingOrder {index:19;}">
            <Coords points="0,552 60,552 60,2488 0,2488"/>
        </SeparatorRegion>
        <SeparatorRegion id="r_12" custom="readingOrder {index:20;}">
            <Coords points="0,613 63,613 63,3724 0,3724"/>
        </SeparatorRegion>
        <SeparatorRegion id="r_13" custom="readingOrder {index:21;}">
            <Coords points="4266,7821 4267,7821 4267,7867 4266,7867"/>
        </SeparatorRegion>
        <SeparatorRegion id="r_14" custom="readingOrder {index:22;}">
            <Coords points="4100,1514 4118,1514 4118,1930 4100,1930"/>
        </SeparatorRegion>
    </Page>
</PcGts>
