4267 8141
661 599 843 748 54
1681 564 2990 734 BERENICE.

667 816 1004 940 Titus
1091 823 1702 951 m’accable
1755 826 1930 999 icy
1999 827 2148 992 du
2211 836 2540 993 poids
2601 846 2738 967 de
2803 849 2907 978 &
2959 853 3579 1020 grandeur*

667 993 982 1110 Tout
1027 985 1619 1148 difparoifl
1669 1001 1952 1125 dans
2009 1011 2392 1130 Rome
2437 1054 2832 1179 auprès
2879 1022 3018 1148 de
3057 1022 3162 1148 fa
3217 1028 3839 1190 fplendeur.

673 1161 988 1275 Mais
1039 1187 1342 1323 quOy
1393 1204 1608 1333 que
1681 1170 2174 1296 l’Orient
2221 1166 2424 1295 foit
2487 1192 2786 1338 plein
2845 1204 2986 1311 de
3025 1188 3124 1311 fa
3175 1239 3744 1353 mémoire
3791 1299 3829 1354 9

673 1325 1210 1445 Bérénice
1287 1372 1348 1465 y
1409 1340 1730 1459 verra
1791 1341 1984 1460 des
2029 1377 2386 1464 traces
2439 1353 2578 1470 de
2635 1398 2838 1528 nu
2904 1367 3315 1529 gloire*

1935 1510 2302 1635 ARS
2353 1521 2779 1661 ACE.

677 1663 988 1788 N’cn
1029 1659 1444 1788 doutez
1484 1681 1857 1832 point,
1887 1682 2509 1845 Seigneur,
2543 1695 2786 1814 tout
2831 1691 3272 1816 fùccede
3303 1737 3368 1814 a
3409 1744 3612 1825 vos
3647 1744 3994 1831 vœux
4012 1708 4046 1852 J

1643 1851 3017 2037 ANTIOÇHÜS,

673 1992 862 2118 Ah
949 1996 968 2147 !
1045 1997 1332 2159 Q^ue
1405 2024 1694 2133 noiA
1787 2056 2080 2134 nous
2142 2018 2636 2170 plaifbns
2709 2036 2774 2155 à
2853 2067 3144 2154 noos
3211 2068 3738 2197 tromper
3799 2073 4042 2170 tous

1027 2161 1312 2287 deux
1357 2205 1396 2270 >

1941 2358 2044 2476 A
2092 2368 2308 2488 RS
2349 2370 2446 2483 A
2491 2369 2773 2534 CE,

673 2501 814 2620 Et
890 2534 1496 2673 pourquoy
1569 2556 1858 2635 nous
1909 2560 2423 2685 tromper
2496 2559 2516 2656 î

1681 2681 3005 2848 ANTfOCHÜ'S,

2262 2866 2625 3033 Qupy
2662 2877 2773 3028 je
2836 2874 3012 3034 luÿ
3052 2878 3573 3037 pourrais
3624 2877 4042 3038 plaire”?

669 3005 1209 3129 Bérénice
1273 3004 1332 3129 à
1382 3052 1619 3141 mes
1658 3052 2021 3146 voeux
2088 3032 2599 3157 neferoit
2662 3042 2907 3198 plus
2968 3052 3537 3171 contraire
3588 3069 3633 3171 ?

669 3169 1205 3300 Bérénice
1272 3180 1545 3305 d’un
1616 3233 1873 3315 mot
1940 3201 2477 3325 fkrteroit
2544 3244 2785 3325 mes
2836 3208 3353 3336 douleurs
3392 3238 3431 3335 ?

664 3338 1057 3462 Penfès
1087 3424 1103 3436 -
1132 3383 1241 3464 tu
1294 3345 1899 3484 feulement
1930 3408 2155 3531 que
2186 3414 2589 3533 parmy
2628 3371 2773 3491 fès
2814 3372 3462 3537 malheurs,

668 3503 1126 3655 Quand
1176 3519 2143 3659 rUniversentier
2184 3546 2855 3712 negügerok
2904 3540 3059 3664 fès
3112 3552 3716 3700 charmes,

668 3673 1285 3850 L’Ingrate
1346 3701 2054 3855 mepermift
2110 3709 2249 3830 de
2342 3716 2519 3872 luy
2598 3711 3049 3834 donner
3106 3715 3299 3839 des
3340 3730 3749 3875 larmes
3780 3815 3818 3876 3

678 3847 877 3962 Ou
916 3859 1311 4013 qu’elle
1362 3858 1979 3993 s’ahailfafl
2009 3873 2451 4046 jùfques
2524 3880 2589 3999 à
2660 3891 3161 4009 recevoir

668 4017 915 4137 Des
954 4019 1306 4169 foins,
1335 4065 1491 4200 qu
1532 4082 1597 4156 a
1632 4071 1927 4163 mon
1976 4082 2387 4169 amour
2438 4050 2653 4169 elle
2698 4060 3173 4174 croiroit
3228 4048 3621 4179 devoir
3674 4082 3713 4152 >

1946 4219 2794 4359 ARSACE,

678 4357 823 4470 Et
867 4357 1063 4512 qui
1101 4388 1363 4513 peut
1398 4374 1779 4492 mieux
1833 4415 2047 4544 que
2116 4431 2399 4508 vous
2438 4384 2953 4512 confbler
2988 4378 3093 4507 fa
3128 4383 3623 4554 difgrace
3668 4416 3707 4512 ?

668 4525 829 4640 Sa
874 4520 1327 4650 fortune
1383 4628 1416 4682 ,
1452 4543 2090 4714 Seigneur,
2126 4600 2264 4678 va
2307 4563 2800 4720 prendre
2830 4601 3055 4677 une
3086 4591 3399 4678 autre
3430 4553 3732 4693 face*

688 4691 1009 4815 Titus
1056 4702 1157 4815 la
1213 4708 1608 4869 quitte.

1648 4887 1751 5000 A
1790 4887 2053 5010 NT
2104 4891 2159 5003 I
2209 4896 2323 5011 O
2389 4898 2483 5016 C
2545 4892 3008 5032 HÜS.

1919 5062 2286 5176 Hélas
2331 5084 2355 5180 !
2433 5073 2604 5181 De
2655 5104 2778 5181 ce
2829 5061 3209 5229 grand
3269 5056 4063 5240 changement

694 5194 793 5309 îl
838 5230 983 5313 ne
1050 5241 1237 5319 me
1288 5209 1878 5334 reviendra
1923 5263 2142 5388 que
2203 5238 2302 5349 le
2373 5273 2896 5355 nouveau
2935 5269 3526 5355 tourment

684 5363 1490 5530 D’apprendre
1563 5418 1766 5535 par
1811 5379 1952 5513 fes
2009 5401 2366 5550 pleurs
2443 5401 2505 5514 à
2549 5407 2813 5567 quel
2867 5406 3198 5567 point
3249 5406 3446 5526 elle
3503 5406 3936 5535 l'aime*

677 5533 812 5664 Je
870 5540 972 5647 la
1017 5576 1444 5711 verra^
1469 5544 1846 5710 gémir
1897 5660 1925 5709 ,
1989 5577 2122 5726 je
2185 5576 2286 5689 la
2343 5575 2932 5737 plaindray
3011 5577 3833 5733 moy.niefme.

694 5703 988 5816 Pour
1059 5702 1326 5827 fruit
1363 5720 1506 5837 de
1547 5756 1788 5839 tant
1835 5729 2354 5859 d’amour
2423 5745 2854 5906 j’aurày
2893 5751 2990 5864 le
3025 5740 3346 5863 trifte
3381 5746 3854 5902 employ

679 5873 876 5987 De
917 5883 1470 6007 recueillir
1517 5890 1708 6012 des
1749 5900 2122 6055 pleurs
2185 5916 2382 6024 oui
2439 5952 2582 6024 ne
2639 5899 2892 6035 font
2948 5952 3150 6076 pas
3217 5949 3504 6071 pour
3587 5952 3919 6076 moy.

1945 6079 2028 6188 A
2083 6084 2308 6197 RS
2365 6084 2462 6193 À
2519 6090 2801 6219 CE.

693 6211 1066 6373 Qupy
1149 6243 1188 6336 ?
1299 6227 1506 6345 Ne
1563 6265 1840 6347 vous
1896 6245 2664 6399 plairez-vous
2734 6249 3002 6422 qu’à
3057 6293 3340 6373 vous
3388 6245 3782 6426 gefner
3811 6238 4062 6368 fànt

1023 6376 1364 6506 ceffe?

683 6545 1120 6696 Jamais
1177 6555 1466 6681 dans
1537 6604 1694 6690 un
1760 6578 2150 6740 grand
2195 6609 2530 6701 cœur
2575 6588 2960 6712 vit-on
3000 6589 3246 6749 plus
3307 6582 3972 6713 defoiblefle
4013 6612 4067 6707 ï
