<?xml version="1.0" encoding="UTF-8" standalone="yes"?>
<PcGts xmlns="http://schema.primaresearch.org/PAGE/gts/pagecontent/2013-07-15" xmlns:xsi="http://www.w3.org/2001/XMLSchema-instance" xsi:schemaLocation="http://schema.primaresearch.org/PAGE/gts/pagecontent/2013-07-15 http://schema.primaresearch.org/PAGE/gts/pagecontent/2013-07-15/pagecontent.xsd">
    <Metadata>
        <Creator></Creator>
        <Created>2019-02-07T09:12:04.955+01:00</Created>
        <LastChange>2019-09-25T13:16:23.386+02:00</LastChange>
        <Comments>
                Measurement unit: pixel
                PrimaryLanguage: English
                Language: FrenchStandard
                Producer: ABBYY FineReader Engine 11</Comments>
        <TranskribusMetadata docId="149019" pageId="5539245" pageNr="54" tsid="15859997" status="DONE" userId="10612" imgUrl="https://files.transkribus.eu/Get?id=NKJPYLRGPRZLBHXYOQKVKVDW&amp;fileType=view" xmlUrl="https://files.transkribus.eu/Get?id=KNTBPGEKFBOGAZKNVQOKEVNK" imageId="2059803"/>
    </Metadata>
    <Page imageFilename="Racine1676_Oeuvres_bpt6k990581p_corrected_0054.png" imageWidth="4267" imageHeight="8172">
        <PrintSpace>
            <Coords points="408,86 4025,86 4025,6994 408,6994"/>
        </PrintSpace>
        <ReadingOrder>
            <OrderedGroup id="ro_1604219059163" caption="Regions reading order">
                <RegionRefIndexed index="0" regionRef="region_1549527934765_603"/>
                <RegionRefIndexed index="1" regionRef="r_1_1"/>
                <RegionRefIndexed index="2" regionRef="r_1_2"/>
                <RegionRefIndexed index="3" regionRef="r_1_3"/>
                <RegionRefIndexed index="4" regionRef="r_1_4"/>
                <RegionRefIndexed index="5" regionRef="r_1_5"/>
                <RegionRefIndexed index="6" regionRef="r_1_6"/>
                <RegionRefIndexed index="7" regionRef="r_1_7"/>
                <RegionRefIndexed index="8" regionRef="r_1_8"/>
                <RegionRefIndexed index="9" regionRef="r_1_9"/>
                <RegionRefIndexed index="10" regionRef="r_1_10"/>
                <RegionRefIndexed index="11" regionRef="r_1_11"/>
                <RegionRefIndexed index="12" regionRef="r_1_12"/>
                <RegionRefIndexed index="13" regionRef="r_1_13"/>
                <RegionRefIndexed index="14" regionRef="r_1_14"/>
                <RegionRefIndexed index="15" regionRef="r_1_15"/>
                <RegionRefIndexed index="16" regionRef="r_1_16"/>
                <RegionRefIndexed index="17" regionRef="r_1_17"/>
                <RegionRefIndexed index="18" regionRef="r_1_18"/>
                <RegionRefIndexed index="19" regionRef="r_1_19"/>
                <RegionRefIndexed index="20" regionRef="r_1_20"/>
            </OrderedGroup>
        </ReadingOrder>
        <TextRegion id="region_1549527934765_603" custom="readingOrder {index:0;}">
            <Coords points="548,595 747,595 746,753 547,753"/>
            <TextLine id="line_1549527940589_607" custom="readingOrder {index:0;}">
                <Coords points="550,597 744,596 743,749 549,750"/>
                <Baseline points="551,749 615,745 647,698 743,697"/>
                <TextEquiv>
                    <Unicode>32</Unicode>
                </TextEquiv>
            </TextLine>
            <TextEquiv>
                <Unicode>32</Unicode>
            </TextEquiv>
        </TextRegion>
        <TextRegion type="paragraph" id="r_1_1" custom="readingOrder {index:1;}">
            <Coords points="1649,580 3006,580 3006,761 1649,761"/>
            <TextLine id="tl_1" primaryLanguage="English" custom="readingOrder {index:0;}">
                <Coords points="1650,581 3005,581 3005,760 1650,760"/>
                <Baseline points="1650,732 3003,756"/>
                <Word id="w_w2aab1b1b2b1b1ab1" language="English" custom="readingOrder {index:0;}">
                    <Coords points="1650,585 3003,585 3003,759 1650,759"/>
                    <TextEquiv>
                        <Unicode>BERENICE.</Unicode>
                    </TextEquiv>
                    <TextStyle fontFamily="Times New Roman" fontSize="12.0"/>
                </Word>
                <TextEquiv>
                    <Unicode>BERENICE.</Unicode>
                </TextEquiv>
                <TextStyle fontFamily="Times New Roman" fontSize="12.0"/>
            </TextLine>
            <TextEquiv>
                <Unicode>BERENICE.</Unicode>
            </TextEquiv>
        </TextRegion>
        <TextRegion type="paragraph" id="r_1_2" custom="readingOrder {index:2;}">
            <Coords points="584,807 3744,807 3744,1035 584,1035"/>
            <TextLine id="tl_2" primaryLanguage="English" custom="readingOrder {index:0;}">
                <Coords points="585,808 3743,808 3743,1034 585,1034"/>
                <Baseline points="585,939 1119,938 1311,944 1533,950 1997,960 2327,970 2679,978 2751,1013 2925,985 3066,986 3741,1034"/>
                <Word id="w_w2aab1b1b2b3b1ab1" language="English" custom="readingOrder {index:0;}">
                    <Coords points="585,817 1119,817 1119,939 585,939"/>
                    <TextEquiv>
                        <Unicode>Sauvons</Unicode>
                    </TextEquiv>
                    <TextStyle fontFamily="Times New Roman" fontSize="11.0"/>
                </Word>
                <Word id="w_w2aab1b1b2b3b1ac17" language="English" custom="readingOrder {index:1;}">
                    <Coords points="1169,819 1311,819 1311,945 1169,945"/>
                    <TextEquiv>
                        <Unicode>de</Unicode>
                    </TextEquiv>
                    <TextStyle fontFamily="Times New Roman" fontSize="11.0"/>
                </Word>
                <Word id="w_w2aab1b1b2b3b1ac23" language="English" custom="readingOrder {index:2;}">
                    <Coords points="1357,863 1533,863 1533,951 1357,951"/>
                    <TextEquiv>
                        <Unicode>cet</Unicode>
                    </TextEquiv>
                    <TextStyle fontFamily="Times New Roman" fontSize="11.0"/>
                </Word>
                <Word id="w_w2aab1b1b2b3b1ac31" language="English" custom="readingOrder {index:3;}">
                    <Coords points="1559,830 1997,830 1997,960 1559,960"/>
                    <TextEquiv>
                        <Unicode>affront</Unicode>
                    </TextEquiv>
                    <TextStyle fontFamily="Times New Roman" fontSize="11.0"/>
                </Word>
                <Word id="w_w2aab1b1b2b3b1ac47" language="English" custom="readingOrder {index:4;}">
                    <Coords points="2031,892 2327,892 2327,970 2031,970"/>
                    <TextEquiv>
                        <Unicode>mon</Unicode>
                    </TextEquiv>
                    <TextStyle fontFamily="Times New Roman" fontSize="11.0"/>
                </Word>
                <Word id="w_w2aab1b1b2b3b1ac55" language="English" custom="readingOrder {index:5;}">
                    <Coords points="2389,897 2679,897 2679,978 2389,978"/>
                    <TextEquiv>
                        <Unicode>nom</Unicode>
                    </TextEquiv>
                    <TextStyle fontFamily="Times New Roman" fontSize="11.0"/>
                </Word>
                <Word id="w_w2aab1b1b2b3b1ac63" language="English" custom="readingOrder {index:6;}">
                    <Coords points="2724,959 2751,959 2751,1013 2724,1013"/>
                    <TextEquiv>
                        <Unicode>,</Unicode>
                    </TextEquiv>
                    <TextStyle fontFamily="Times New Roman" fontSize="11.0"/>
                </Word>
                <Word id="w_w2aab1b1b2b3b1ac67" language="English" custom="readingOrder {index:7;}">
                    <Coords points="2813,879 2925,879 2925,985 2813,985"/>
                    <TextEquiv>
                        <Unicode>&amp;</Unicode>
                    </TextEquiv>
                    <TextStyle fontFamily="Times New Roman" fontSize="11.0"/>
                </Word>
                <Word id="w_w2aab1b1b2b3b1ac71" language="English" custom="readingOrder {index:8;}">
                    <Coords points="2969,878 3066,878 3066,986 2969,986"/>
                    <TextEquiv>
                        <Unicode>fa</Unicode>
                    </TextEquiv>
                    <TextStyle fontFamily="Times New Roman" fontSize="11.0"/>
                </Word>
                <Word id="w_w2aab1b1b2b3b1ac77" language="English" custom="readingOrder {index:9;}">
                    <Coords points="3123,888 3741,888 3741,1034 3123,1034"/>
                    <TextEquiv>
                        <Unicode>mémoire*</Unicode>
                    </TextEquiv>
                    <TextStyle fontFamily="Times New Roman" fontSize="11.0"/>
                </Word>
                <TextEquiv>
                    <Unicode>Sauvons de cet affront mon nom, &amp; ſa memoire.</Unicode>
                </TextEquiv>
                <TextStyle fontFamily="Times New Roman" fontSize="11.0"/>
            </TextLine>
            <TextEquiv>
                <Unicode>Sauvons de cet affront mon nom, &amp; ſa memoire.</Unicode>
            </TextEquiv>
        </TextRegion>
        <TextRegion type="paragraph" id="r_1_3" custom="readingOrder {index:3;}">
            <Coords points="581,982 3848,982 3848,1533 581,1533"/>
            <TextLine id="tl_3" primaryLanguage="English" custom="readingOrder {index:0;}">
                <Coords points="591,983 3660,983 3660,1220 591,1220"/>
                <Baseline points="592,1109 740,1098 1018,1102 1350,1113 1652,1120 2033,1134 2108,1168 2593,1146 2728,1151 3183,1166 3658,1198"/>
                <Word id="w_w2aab1b1b2b5b1ab1" language="English" custom="readingOrder {index:0;}">
                    <Coords points="592,995 740,995 740,1109 592,1109"/>
                    <TextEquiv>
                        <Unicode>Et</Unicode>
                    </TextEquiv>
                    <TextStyle fontFamily="Times New Roman" fontSize="11.0"/>
                </Word>
                <Word id="w_w2aab1b1b2b5b1ab7" language="English" custom="readingOrder {index:1;}">
                    <Coords points="777,995 1018,995 1018,1147 777,1147"/>
                    <TextEquiv>
                        <Unicode>puis</Unicode>
                    </TextEquiv>
                    <TextStyle fontFamily="Times New Roman" fontSize="11.0"/>
                </Word>
                <Word id="w_w2aab1b1b2b5b1ac17" language="English" custom="readingOrder {index:2;}">
                    <Coords points="1073,1000 1350,1000 1350,1157 1073,1157"/>
                    <TextEquiv>
                        <Unicode>qu'il</Unicode>
                    </TextEquiv>
                    <TextStyle fontFamily="Times New Roman" fontSize="11.0"/>
                </Word>
                <Word id="w_w2aab1b1b2b5b1ac29" language="English" custom="readingOrder {index:3;}">
                    <Coords points="1416,999 1652,999 1652,1125 1416,1125"/>
                    <TextEquiv>
                        <Unicode>faut</Unicode>
                    </TextEquiv>
                    <TextStyle fontFamily="Times New Roman" fontSize="11.0"/>
                </Word>
                <Word id="w_w2aab1b1b2b5b1ac39" language="English" custom="readingOrder {index:4;}">
                    <Coords points="1698,1012 2033,1012 2033,1134 1698,1134"/>
                    <TextEquiv>
                        <Unicode>céder</Unicode>
                    </TextEquiv>
                    <TextStyle fontFamily="Times New Roman" fontSize="11.0"/>
                </Word>
                <Word id="w_w2aab1b1b2b5b1ac51" language="English" custom="readingOrder {index:5;}">
                    <Coords points="2079,1113 2108,1113 2108,1168 2079,1168"/>
                    <TextEquiv>
                        <Unicode>,</Unicode>
                    </TextEquiv>
                    <TextStyle fontFamily="Times New Roman" fontSize="11.0"/>
                </Word>
                <Word id="w_w2aab1b1b2b5b1ac55" language="English" custom="readingOrder {index:6;}">
                    <Coords points="2164,1022 2593,1022 2593,1146 2164,1146"/>
                    <TextEquiv>
                        <Unicode>cédons</Unicode>
                    </TextEquiv>
                    <TextStyle fontFamily="Times New Roman" fontSize="11.0"/>
                </Word>
                <Word id="w_w2aab1b1b2b5b1ac69" language="English" custom="readingOrder {index:7;}">
                    <Coords points="2664,1034 2728,1034 2728,1151 2664,1151"/>
                    <TextEquiv>
                        <Unicode>à</Unicode>
                    </TextEquiv>
                    <TextStyle fontFamily="Times New Roman" fontSize="11.0"/>
                </Word>
                <Word id="w_w2aab1b1b2b5b1ac73" language="English" custom="readingOrder {index:8;}">
                    <Coords points="2794,1037 3183,1037 3183,1166 2794,1166"/>
                    <TextEquiv>
                        <Unicode>noftre</Unicode>
                    </TextEquiv>
                    <TextStyle fontFamily="Times New Roman" fontSize="11.0"/>
                </Word>
                <Word id="w_w2aab1b1b2b5b1ac87" language="English" custom="readingOrder {index:9;}">
                    <Coords points="3245,1060 3658,1060 3658,1214 3245,1214"/>
                    <TextEquiv>
                        <Unicode>gloire,</Unicode>
                    </TextEquiv>
                    <TextStyle fontFamily="Times New Roman" fontSize="11.0"/>
                </Word>
                <TextEquiv>
                    <Unicode>Et puis qu'il faut ceder, cedons à noſtre gloire.</Unicode>
                </TextEquiv>
                <TextStyle fontFamily="Times New Roman" fontSize="11.0"/>
            </TextLine>
            <TextLine id="tl_4" primaryLanguage="English" custom="readingOrder {index:1;}">
                <Coords points="584,1150 3847,1150 3847,1392 584,1392"/>
                <Baseline points="585,1276 1217,1282 1471,1294 1816,1295 2328,1306 2744,1317 3168,1332 3434,1338 3845,1381"/>
                <Word id="w_w2aab1b1b2b5b3ab1" language="English" custom="readingOrder {index:0;}">
                    <Coords points="585,1155 1359,1155 1359,1322 585,1322"/>
                    <TextEquiv>
                        <Unicode>babouche,</Unicode>
                    </TextEquiv>
                    <TextStyle fontFamily="Times New Roman" fontSize="11.0"/>
                </Word>
                <Word id="w_w2aab1b1b2b5b3b1b1" language="English" custom="readingOrder {index:1;}">
                    <Coords points="1405,1185 1518,1185 1518,1294 1405,1294"/>
                    <TextEquiv>
                        <Unicode>8c</Unicode>
                    </TextEquiv>
                    <TextStyle fontFamily="Times New Roman" fontSize="11.0" italic="true"/>
                </Word>
                <Word id="w_w2aab1b1b2b5b3b2b3" language="English" custom="readingOrder {index:2;}">
                    <Coords points="1569,1218 1816,1218 1816,1297 1569,1297"/>
                    <TextEquiv>
                        <Unicode>mes</Unicode>
                    </TextEquiv>
                    <TextStyle fontFamily="Times New Roman" fontSize="11.0"/>
                </Word>
                <Word id="w_w2aab1b1b2b5b3b2c11" language="English" custom="readingOrder {index:3;}">
                    <Coords points="1867,1192 2328,1192 2328,1353 1867,1353"/>
                    <TextEquiv>
                        <Unicode>regards</Unicode>
                    </TextEquiv>
                    <TextStyle fontFamily="Times New Roman" fontSize="11.0"/>
                </Word>
                <Word id="w_w2aab1b1b2b5b3b2c27" language="English" custom="readingOrder {index:4;}">
                    <Coords points="2358,1236 2744,1236 2744,1321 2358,1321"/>
                    <TextEquiv>
                        <Unicode>muets</Unicode>
                    </TextEquiv>
                    <TextStyle fontFamily="Times New Roman" fontSize="11.0"/>
                </Word>
                <Word id="w_w2aab1b1b2b5b3b2c39" language="English" custom="readingOrder {index:5;}">
                    <Coords points="2776,1202 3168,1202 3168,1364 2776,1364"/>
                    <TextEquiv>
                        <Unicode>depuis</Unicode>
                    </TextEquiv>
                    <TextStyle fontFamily="Times New Roman" fontSize="11.0"/>
                </Word>
                <Word id="w_w2aab1b1b2b5b3b2c53" language="English" custom="readingOrder {index:6;}">
                    <Coords points="3196,1213 3434,1213 3434,1338 3196,1338"/>
                    <TextEquiv>
                        <Unicode>huit</Unicode>
                    </TextEquiv>
                    <TextStyle fontFamily="Times New Roman" fontSize="11.0"/>
                </Word>
                <Word id="w_w2aab1b1b2b5b3b2c63" language="English" custom="readingOrder {index:7;}">
                    <Coords points="3462,1235 3845,1235 3845,1385 3462,1385"/>
                    <TextEquiv>
                        <Unicode>jours.</Unicode>
                    </TextEquiv>
                    <TextStyle fontFamily="Times New Roman" fontSize="11.0"/>
                </Word>
                <TextEquiv>
                    <Unicode>Ma bouche, &amp; mes regards muets depuis huit jours,</Unicode>
                </TextEquiv>
            </TextLine>
            <TextLine id="tl_5" primaryLanguage="English" custom="readingOrder {index:2;}">
                <Coords points="582,1321 3190,1321 3190,1532 582,1532"/>
                <Baseline points="583,1439 1140,1449 1348,1453 1948,1470 2056,1475 2226,1476 2588,1482 3188,1525"/>
                <Word id="w_w2aab1b1b2b5b5ab1" language="English" custom="readingOrder {index:0;}">
                    <Coords points="583,1325 1140,1325 1140,1450 583,1450"/>
                    <TextEquiv>
                        <Unicode>L’auront</Unicode>
                    </TextEquiv>
                    <TextStyle fontFamily="Times New Roman" fontSize="11.0"/>
                </Word>
                <Word id="w_w2aab1b1b2b5b5ac19" language="English" custom="readingOrder {index:1;}">
                    <Coords points="1200,1372 1348,1372 1348,1491 1200,1491"/>
                    <TextEquiv>
                        <Unicode>pu</Unicode>
                    </TextEquiv>
                    <TextStyle fontFamily="Times New Roman" fontSize="11.0"/>
                </Word>
                <Word id="w_w2aab1b1b2b5b5ac25" language="English" custom="readingOrder {index:2;}">
                    <Coords points="1414,1340 1948,1340 1948,1503 1414,1503"/>
                    <TextEquiv>
                        <Unicode>préparer</Unicode>
                    </TextEquiv>
                    <TextStyle fontFamily="Times New Roman" fontSize="11.0"/>
                </Word>
                <Word id="w_w2aab1b1b2b5b5ac43" language="English" custom="readingOrder {index:3;}">
                    <Coords points="1990,1362 2056,1362 2056,1475 1990,1475"/>
                    <TextEquiv>
                        <Unicode>à</Unicode>
                    </TextEquiv>
                    <TextStyle fontFamily="Times New Roman" fontSize="11.0"/>
                </Word>
                <Word id="w_w2aab1b1b2b5b5ac47" language="English" custom="readingOrder {index:4;}">
                    <Coords points="2100,1403 2226,1403 2226,1481 2100,1481"/>
                    <TextEquiv>
                        <Unicode>ce</Unicode>
                    </TextEquiv>
                    <TextStyle fontFamily="Times New Roman" fontSize="11.0"/>
                </Word>
                <Word id="w_w2aab1b1b2b5b5ac53" language="English" custom="readingOrder {index:5;}">
                    <Coords points="2280,1361 2588,1361 2588,1482 2280,1482"/>
                    <TextEquiv>
                        <Unicode>trille</Unicode>
                    </TextEquiv>
                    <TextStyle fontFamily="Times New Roman" fontSize="11.0"/>
                </Word>
                <Word id="w_w2aab1b1b2b5b5ac67" language="English" custom="readingOrder {index:6;}">
                    <Coords points="2642,1368 3188,1368 3188,1525 2642,1525"/>
                    <TextEquiv>
                        <Unicode>difcours.</Unicode>
                    </TextEquiv>
                    <TextStyle fontFamily="Times New Roman" fontSize="11.0"/>
                </Word>
                <TextEquiv>
                    <Unicode>L’auront pu préparer à ce triſte diſcours.</Unicode>
                </TextEquiv>
                <TextStyle fontFamily="Times New Roman" fontSize="11.0"/>
            </TextLine>
            <TextEquiv>
                <Unicode>Et puis qu'il faut ceder, cedons à noſtre gloire.
Ma bouche, &amp; mes regards muets depuis huit jours,
L’auront pu préparer à ce triſte diſcours.</Unicode>
            </TextEquiv>
        </TextRegion>
        <TextRegion type="paragraph" id="r_1_4" custom="readingOrder {index:4;}">
            <Coords points="589,1485 3580,1485 3580,1723 589,1723"/>
            <TextLine id="tl_6" primaryLanguage="English" custom="readingOrder {index:0;}">
                <Coords points="590,1486 3579,1486 3579,1722 590,1722"/>
                <Baseline points="591,1609 749,1609 1233,1625 1417,1625 1587,1631 2251,1677 2853,1694 3577,1711"/>
                <Word id="w_w2aab1b1b2b7b1ab1" language="English" custom="readingOrder {index:0;}">
                    <Coords points="591,1491 749,1491 749,1609 591,1609"/>
                    <TextEquiv>
                        <Unicode>Et</Unicode>
                    </TextEquiv>
                    <TextStyle fontFamily="Times New Roman" fontSize="11.0"/>
                </Word>
                <Word id="w_w2aab1b1b2b7b1ab7" language="English" custom="readingOrder {index:1;}">
                    <Coords points="807,1494 1233,1494 1233,1625 807,1625"/>
                    <TextEquiv>
                        <Unicode>mefme</Unicode>
                    </TextEquiv>
                    <TextStyle fontFamily="Times New Roman" fontSize="11.0"/>
                </Word>
                <Word id="w_w2aab1b1b2b7b1ac19" language="English" custom="readingOrder {index:2;}">
                    <Coords points="1267,1547 1417,1547 1417,1625 1267,1625"/>
                    <TextEquiv>
                        <Unicode>en</Unicode>
                    </TextEquiv>
                    <TextStyle fontFamily="Times New Roman" fontSize="11.0"/>
                </Word>
                <Word id="w_w2aab1b1b2b7b1ac25" language="English" custom="readingOrder {index:3;}">
                    <Coords points="1463,1554 1587,1554 1587,1631 1463,1631"/>
                    <TextEquiv>
                        <Unicode>ce</Unicode>
                    </TextEquiv>
                    <TextStyle fontFamily="Times New Roman" fontSize="11.0"/>
                </Word>
                <Word id="w_w2aab1b1b2b7b1ac31" language="English" custom="readingOrder {index:4;}">
                    <Coords points="1639,1558 2251,1558 2251,1677 1639,1677"/>
                    <TextEquiv>
                        <Unicode>moment,</Unicode>
                    </TextEquiv>
                    <TextStyle fontFamily="Times New Roman" fontSize="11.0"/>
                </Word>
                <Word id="w_w2aab1b1b2b7b1ac47" language="English" custom="readingOrder {index:5;}">
                    <Coords points="2293,1538 2853,1538 2853,1698 2293,1698"/>
                    <TextEquiv>
                        <Unicode>inquiété,</Unicode>
                    </TextEquiv>
                    <TextStyle fontFamily="Times New Roman" fontSize="11.0"/>
                </Word>
                <Word id="w_w2aab1b1b2b7b1ac67" language="English" custom="readingOrder {index:6;}">
                    <Coords points="2889,1551 3577,1551 3577,1714 2889,1714"/>
                    <TextEquiv>
                        <Unicode>empréffée,</Unicode>
                    </TextEquiv>
                    <TextStyle fontFamily="Times New Roman" fontSize="11.0"/>
                </Word>
                <TextEquiv>
                    <Unicode>Et meſme en ce moment, inquiete, empreſſée,</Unicode>
                </TextEquiv>
                <TextStyle fontFamily="Times New Roman" fontSize="11.0"/>
            </TextLine>
            <TextEquiv>
                <Unicode>Et meſme en ce moment, inquiete, empreſſée,</Unicode>
            </TextEquiv>
        </TextRegion>
        <TextRegion type="paragraph" id="r_1_5" custom="readingOrder {index:5;}">
            <Coords points="596,1660 3473,1660 3473,1889 596,1889"/>
            <TextLine id="tl_7" primaryLanguage="English" custom="readingOrder {index:0;}">
                <Coords points="597,1661 3472,1661 3472,1888 597,1888"/>
                <Baseline points="598,1785 831,1783 1146,1785 1462,1794 1671,1800 2007,1810 2673,1826 2935,1831 3470,1865"/>
                <Word id="w_w2aab1b1b2b9b1ab1" language="English" custom="readingOrder {index:0;}">
                    <Coords points="598,1668 831,1668 831,1785 598,1785"/>
                    <TextEquiv>
                        <Unicode>Elle</Unicode>
                    </TextEquiv>
                    <TextStyle fontFamily="Times New Roman" fontSize="11.0"/>
                </Word>
                <Word id="w_w2aab1b1b2b9b1ac11" language="English" custom="readingOrder {index:1;}">
                    <Coords points="882,1702 1146,1702 1146,1791 882,1791"/>
                    <TextEquiv>
                        <Unicode>veut</Unicode>
                    </TextEquiv>
                    <TextStyle fontFamily="Times New Roman" fontSize="11.0"/>
                </Word>
                <Word id="w_w2aab1b1b2b9b1ac21" language="English" custom="readingOrder {index:2;}">
                    <Coords points="1201,1677 1462,1677 1462,1838 1201,1838"/>
                    <TextEquiv>
                        <Unicode>qu’à</Unicode>
                    </TextEquiv>
                    <TextStyle fontFamily="Times New Roman" fontSize="11.0"/>
                </Word>
                <Word id="w_w2aab1b1b2b9b1ac31" language="English" custom="readingOrder {index:3;}">
                    <Coords points="1524,1714 1671,1714 1671,1800 1524,1800"/>
                    <TextEquiv>
                        <Unicode>les</Unicode>
                    </TextEquiv>
                    <TextStyle fontFamily="Times New Roman" fontSize="11.0"/>
                </Word>
                <Word id="w_w2aab1b1b2b9b1ac39" language="English" custom="readingOrder {index:4;}">
                    <Coords points="1727,1728 2007,1728 2007,1849 1727,1849"/>
                    <TextEquiv>
                        <Unicode>yeux</Unicode>
                    </TextEquiv>
                    <TextStyle fontFamily="Times New Roman" fontSize="11.0"/>
                </Word>
                <Word id="w_w2aab1b1b2b9b1ac49" language="English" custom="readingOrder {index:5;}">
                    <Coords points="2055,1703 2673,1703 2673,1868 2055,1868"/>
                    <TextEquiv>
                        <Unicode>j’explique</Unicode>
                    </TextEquiv>
                    <TextStyle fontFamily="Times New Roman" fontSize="11.0"/>
                </Word>
                <Word id="w_w2aab1b1b2b9b1ac71" language="English" custom="readingOrder {index:6;}">
                    <Coords points="2739,1755 2935,1755 2935,1832 2739,1832"/>
                    <TextEquiv>
                        <Unicode>ma</Unicode>
                    </TextEquiv>
                    <TextStyle fontFamily="Times New Roman" fontSize="11.0"/>
                </Word>
                <Word id="w_w2aab1b1b2b9b1ac77" language="English" custom="readingOrder {index:7;}">
                    <Coords points="3006,1719 3470,1719 3470,1880 3006,1880"/>
                    <TextEquiv>
                        <Unicode>penfée.</Unicode>
                    </TextEquiv>
                    <TextStyle fontFamily="Times New Roman" fontSize="11.0"/>
                </Word>
                <TextEquiv>
                    <Unicode>Elle veut qu’à ſes yeux j’explique ma penſée.</Unicode>
                </TextEquiv>
                <TextStyle fontFamily="Times New Roman" fontSize="11.0"/>
            </TextLine>
            <TextEquiv>
                <Unicode>Elle veut qu’à ſes yeux j’explique ma penſée.</Unicode>
            </TextEquiv>
        </TextRegion>
        <TextRegion type="paragraph" id="r_1_6" custom="readingOrder {index:6;}">
            <Coords points="592,1832 3360,1832 3360,2060 592,2060"/>
            <TextLine id="tl_8" primaryLanguage="English" custom="readingOrder {index:0;}">
                <Coords points="593,1833 3359,1833 3359,2059 593,2059"/>
                <Baseline points="594,1952 920,1951 1408,1961 1934,1980 2504,1986 2658,1992 3357,2045"/>
                <Word id="w_w2aab1b1b2c11b1ab1" language="English" custom="readingOrder {index:0;}">
                    <Coords points="594,1839 920,1839 920,1953 594,1953"/>
                    <TextEquiv>
                        <Unicode>D’un</Unicode>
                    </TextEquiv>
                    <TextStyle fontFamily="Times New Roman" fontSize="11.0"/>
                </Word>
                <Word id="w_w2aab1b1b2c11b1ac11" language="English" custom="readingOrder {index:1;}">
                    <Coords points="952,1841 1408,1841 1408,1964 952,1964"/>
                    <TextEquiv>
                        <Unicode>Amant</Unicode>
                    </TextEquiv>
                    <TextStyle fontFamily="Times New Roman" fontSize="11.0"/>
                </Word>
                <Word id="w_w2aab1b1b2c11b1ac23" language="English" custom="readingOrder {index:2;}">
                    <Coords points="1467,1851 1934,1851 1934,1981 1467,1981"/>
                    <TextEquiv>
                        <Unicode>interdit</Unicode>
                    </TextEquiv>
                    <TextStyle fontFamily="Times New Roman" fontSize="11.0"/>
                </Word>
                <Word id="w_w2aab1b1b2c11b1ac41" language="English" custom="readingOrder {index:3;}">
                    <Coords points="1999,1863 2504,1863 2504,2039 1999,2039"/>
                    <TextEquiv>
                        <Unicode>fbulagez</Unicode>
                    </TextEquiv>
                    <TextStyle fontFamily="Times New Roman" fontSize="11.0"/>
                </Word>
                <Word id="w_w2aab1b1b2c11b1ac59" language="English" custom="readingOrder {index:4;}">
                    <Coords points="2553,1877 2658,1877 2658,1992 2553,1992"/>
                    <TextEquiv>
                        <Unicode>le</Unicode>
                    </TextEquiv>
                    <TextStyle fontFamily="Times New Roman" fontSize="11.0"/>
                </Word>
                <Word id="w_w2aab1b1b2c11b1ac65" language="English" custom="readingOrder {index:5;}">
                    <Coords points="2691,1911 3357,1911 3357,2045 2691,2045"/>
                    <TextEquiv>
                        <Unicode>tourment,</Unicode>
                    </TextEquiv>
                    <TextStyle fontFamily="Times New Roman" fontSize="11.0"/>
                </Word>
                <TextEquiv>
                    <Unicode>D’un Amant interdit ſoulagez le tourment,</Unicode>
                </TextEquiv>
                <TextStyle fontFamily="Times New Roman" fontSize="11.0"/>
            </TextLine>
            <TextEquiv>
                <Unicode>D’un Amant interdit ſoulagez le tourment,</Unicode>
            </TextEquiv>
        </TextRegion>
        <TextRegion type="paragraph" id="r_1_7" custom="readingOrder {index:7;}">
            <Coords points="582,1995 3373,1995 3373,2222 582,2222"/>
            <TextLine id="tl_9" primaryLanguage="English" custom="readingOrder {index:0;}">
                <Coords points="583,1996 3372,1996 3372,2221 583,2221"/>
                <Baseline points="584,2125 1200,2124 1335,2129 1683,2141 2093,2152 2336,2157 3370,2199"/>
                <Word id="w_w2aab1b1b2c13b1ab1" language="English" custom="readingOrder {index:0;}">
                    <Coords points="584,2011 1200,2011 1200,2174 584,2174"/>
                    <TextEquiv>
                        <Unicode>Epargnez</Unicode>
                    </TextEquiv>
                    <TextStyle fontFamily="Times New Roman" fontSize="11.0"/>
                </Word>
                <Word id="w_w2aab1b1b2c13b1ac19" language="English" custom="readingOrder {index:1;}">
                    <Coords points="1270,2010 1335,2010 1335,2129 1270,2129"/>
                    <TextEquiv>
                        <Unicode>à</Unicode>
                    </TextEquiv>
                    <TextStyle fontFamily="Times New Roman" fontSize="11.0"/>
                </Word>
                <Word id="w_w2aab1b1b2c13b1ac23" language="English" custom="readingOrder {index:2;}">
                    <Coords points="1394,2059 1683,2059 1683,2141 1394,2141"/>
                    <TextEquiv>
                        <Unicode>mon</Unicode>
                    </TextEquiv>
                    <TextStyle fontFamily="Times New Roman" fontSize="11.0"/>
                </Word>
                <Word id="w_w2aab1b1b2c13b1ac31" language="English" custom="readingOrder {index:3;}">
                    <Coords points="1766,2068 2093,2068 2093,2152 1766,2152"/>
                    <TextEquiv>
                        <Unicode>coeur</Unicode>
                    </TextEquiv>
                    <TextStyle fontFamily="Times New Roman" fontSize="11.0"/>
                </Word>
                <Word id="w_w2aab1b1b2c13b1ac43" language="English" custom="readingOrder {index:4;}">
                    <Coords points="2166,2070 2336,2070 2336,2157 2166,2157"/>
                    <TextEquiv>
                        <Unicode>cet</Unicode>
                    </TextEquiv>
                    <TextStyle fontFamily="Times New Roman" fontSize="11.0"/>
                </Word>
                <Word id="w_w2aab1b1b2c13b1ac51" language="English" custom="readingOrder {index:5;}">
                    <Coords points="2404,2036 3370,2036 3370,2199 2404,2199"/>
                    <TextEquiv>
                        <Unicode>éclairciflement.</Unicode>
                    </TextEquiv>
                    <TextStyle fontFamily="Times New Roman" fontSize="11.0"/>
                </Word>
                <TextEquiv>
                    <Unicode>Epargnez à mon cœur cet éclairciſſement.</Unicode>
                </TextEquiv>
                <TextStyle fontFamily="Times New Roman" fontSize="11.0"/>
            </TextLine>
            <TextEquiv>
                <Unicode>Epargnez à mon cœur cet éclairciſſement.</Unicode>
            </TextEquiv>
        </TextRegion>
        <TextRegion type="paragraph" id="r_1_8" custom="readingOrder {index:8;}">
            <Coords points="579,2173 3762,2173 3762,2562 579,2562"/>
            <TextLine id="tl_10" primaryLanguage="English" custom="readingOrder {index:0;}">
                <Coords points="580,2174 3761,2174 3761,2400 580,2400"/>
                <Baseline points="581,2295 832,2295 987,2328 1652,2310 1896,2363 2258,2327 2635,2329 2854,2338 3248,2348 3626,2358 3759,2385"/>
                <Word id="w_w2aab1b1b2c15b1ab1" language="English" custom="readingOrder {index:0;}">
                    <Coords points="581,2179 902,2179 902,2327 581,2327"/>
                    <TextEquiv>
                        <Unicode>Allez</Unicode>
                    </TextEquiv>
                    <TextStyle fontFamily="Times New Roman" fontSize="11.0"/>
                </Word>
                <Word id="w_w2aab1b1b2c15b1b1b1" language="English" custom="readingOrder {index:1;}">
                    <Coords points="952,2273 987,2273 987,2328 952,2328"/>
                    <TextEquiv>
                        <Unicode>3</Unicode>
                    </TextEquiv>
                    <TextStyle fontFamily="Times New Roman" fontSize="4.5" bold="true" subscript="true"/>
                </Word>
                <Word id="w_w2aab1b1b2c15b1b2b3" language="English" custom="readingOrder {index:2;}">
                    <Coords points="1069,2191 1652,2191 1652,2354 1069,2354"/>
                    <TextEquiv>
                        <Unicode>expliquez</Unicode>
                    </TextEquiv>
                    <TextStyle fontFamily="Times New Roman" fontSize="11.0"/>
                </Word>
                <Word id="w_w2aab1b1b2c15b1b2c23" language="English" custom="readingOrder {index:3;}">
                    <Coords points="1665,2196 1896,2196 1896,2363 1665,2363"/>
                    <TextEquiv>
                        <Unicode>Juy</Unicode>
                    </TextEquiv>
                    <TextStyle fontFamily="Times New Roman" fontSize="11.0"/>
                </Word>
                <Word id="w_w2aab1b1b2c15b1b2c31" language="English" custom="readingOrder {index:4;}">
                    <Coords points="1963,2245 2258,2245 2258,2327 1963,2327"/>
                    <TextEquiv>
                        <Unicode>mon</Unicode>
                    </TextEquiv>
                    <TextStyle fontFamily="Times New Roman" fontSize="11.0"/>
                </Word>
                <Word id="w_w2aab1b1b2c15b1b2c39" language="English" custom="readingOrder {index:5;}">
                    <Coords points="2299,2214 2742,2214 2742,2336 2299,2336"/>
                    <TextEquiv>
                        <Unicode>trouble</Unicode>
                    </TextEquiv>
                    <TextStyle fontFamily="Times New Roman" fontSize="11.0"/>
                </Word>
                <Word id="w_w2aab1b1b2c15b1b3b1" language="English" custom="readingOrder {index:6;}">
                    <Coords points="2788,2235 2896,2235 2896,2343 2788,2343"/>
                    <TextEquiv>
                        <Unicode>8c</Unicode>
                    </TextEquiv>
                    <TextStyle fontFamily="Times New Roman" fontSize="11.0" italic="true"/>
                </Word>
                <Word id="w_w2aab1b1b2c15b1b4b3" language="English" custom="readingOrder {index:7;}">
                    <Coords points="2952,2270 3248,2270 3248,2349 2952,2349"/>
                    <TextEquiv>
                        <Unicode>mon</Unicode>
                    </TextEquiv>
                    <TextStyle fontFamily="Times New Roman" fontSize="11.0"/>
                </Word>
                <Word id="w_w2aab1b1b2c15b1b4c11" language="English" custom="readingOrder {index:8;}">
                    <Coords points="3298,2228 3696,2228 3696,2384 3298,2384"/>
                    <TextEquiv>
                        <Unicode>fïlence</Unicode>
                    </TextEquiv>
                    <TextStyle fontFamily="Times New Roman" fontSize="11.0"/>
                </Word>
                <Word id="w_w2aab1b1b2c15b1b5b1" language="English" custom="readingOrder {index:9;}">
                    <Coords points="3728,2326 3759,2326 3759,2385 3728,2385"/>
                    <TextEquiv>
                        <Unicode>3</Unicode>
                    </TextEquiv>
                    <TextStyle fontFamily="Times New Roman" fontSize="4.5" bold="true" subscript="true"/>
                </Word>
                <TextEquiv>
                    <Unicode>Allez, expliquez-luy mon trouble &amp; mon ſilence,</Unicode>
                </TextEquiv>
            </TextLine>
            <TextLine id="tl_11" primaryLanguage="English" custom="readingOrder {index:1;}">
                <Coords points="591,2332 3406,2332 3406,2561 591,2561"/>
                <Baseline points="592,2465 815,2465 1131,2465 1587,2477 1839,2486 2179,2492 2603,2499 2779,2502 3404,2540"/>
                <Word id="w_w2aab1b1b2c15b3ab1" language="English" custom="readingOrder {index:0;}">
                    <Coords points="592,2349 815,2349 815,2466 592,2466"/>
                    <TextEquiv>
                        <Unicode>Sur</Unicode>
                    </TextEquiv>
                    <TextStyle fontFamily="Times New Roman" fontSize="11.0"/>
                </Word>
                <Word id="w_w2aab1b1b2c15b3ab9" language="English" custom="readingOrder {index:1;}">
                    <Coords points="878,2382 1131,2382 1131,2470 878,2470"/>
                    <TextEquiv>
                        <Unicode>tout</Unicode>
                    </TextEquiv>
                    <TextStyle fontFamily="Times New Roman" fontSize="11.0"/>
                </Word>
                <Word id="w_w2aab1b1b2c15b3ac19" language="English" custom="readingOrder {index:2;}">
                    <Coords points="1195,2363 1587,2363 1587,2514 1195,2514"/>
                    <TextEquiv>
                        <Unicode>qu’elle</Unicode>
                    </TextEquiv>
                    <TextStyle fontFamily="Times New Roman" fontSize="11.0"/>
                </Word>
                <Word id="w_w2aab1b1b2c15b3ac35" language="English" custom="readingOrder {index:3;}">
                    <Coords points="1643,2408 1839,2408 1839,2486 1643,2486"/>
                    <TextEquiv>
                        <Unicode>me</Unicode>
                    </TextEquiv>
                    <TextStyle fontFamily="Times New Roman" fontSize="11.0"/>
                </Word>
                <Word id="w_w2aab1b1b2c15b3ac41" language="English" custom="readingOrder {index:4;}">
                    <Coords points="1883,2361 2179,2361 2179,2493 1883,2493"/>
                    <TextEquiv>
                        <Unicode>laiffe</Unicode>
                    </TextEquiv>
                    <TextStyle fontFamily="Times New Roman" fontSize="11.0"/>
                </Word>
                <Word id="w_w2aab1b1b2c15b3ac55" language="English" custom="readingOrder {index:5;}">
                    <Coords points="2245,2377 2603,2377 2603,2502 2245,2502"/>
                    <TextEquiv>
                        <Unicode>éviter</Unicode>
                    </TextEquiv>
                    <TextStyle fontFamily="Times New Roman" fontSize="11.0"/>
                </Word>
                <Word id="w_w2aab1b1b2c15b3ac69" language="English" custom="readingOrder {index:6;}">
                    <Coords points="2671,2382 2779,2382 2779,2502 2671,2502"/>
                    <TextEquiv>
                        <Unicode>fa</Unicode>
                    </TextEquiv>
                    <TextStyle fontFamily="Times New Roman" fontSize="11.0"/>
                </Word>
                <Word id="w_w2aab1b1b2c15b3ac75" language="English" custom="readingOrder {index:7;}">
                    <Coords points="2830,2388 3404,2388 3404,2551 2830,2551"/>
                    <TextEquiv>
                        <Unicode>prefènce;</Unicode>
                    </TextEquiv>
                    <TextStyle fontFamily="Times New Roman" fontSize="11.0"/>
                </Word>
                <TextEquiv>
                    <Unicode>Sur tout qu’elle me laiſſe éviter ſa preſence.</Unicode>
                </TextEquiv>
                <TextStyle fontFamily="Times New Roman" fontSize="11.0"/>
            </TextLine>
            <TextEquiv>
                <Unicode>Allez, expliquez-luy mon trouble &amp; mon ſilence,
Sur tout qu’elle me laiſſe éviter ſa preſence.</Unicode>
            </TextEquiv>
        </TextRegion>
        <TextRegion type="paragraph" id="r_1_9" custom="readingOrder {index:9;}">
            <Coords points="579,2503 3650,2503 3650,2898 579,2898"/>
            <TextLine id="tl_12" primaryLanguage="English" custom="readingOrder {index:0;}">
                <Coords points="580,2504 3649,2504 3649,2734 580,2734"/>
                <Baseline points="581,2635 967,2630 1125,2635 1391,2641 1902,2657 2098,2662 2298,2662 2710,2669 2897,2679 3158,2685 3647,2710"/>
                <Word id="w_w2aab1b1b2c17b1ab1" language="English" custom="readingOrder {index:0;}">
                    <Coords points="581,2515 967,2515 967,2679 581,2679"/>
                    <TextEquiv>
                        <Unicode>Soyez</Unicode>
                    </TextEquiv>
                    <TextStyle fontFamily="Times New Roman" fontSize="11.0"/>
                </Word>
                <Word id="w_w2aab1b1b2c17b1ac13" language="English" custom="readingOrder {index:1;}">
                    <Coords points="1021,2521 1125,2521 1125,2636 1021,2636"/>
                    <TextEquiv>
                        <Unicode>le</Unicode>
                    </TextEquiv>
                    <TextStyle fontFamily="Times New Roman" fontSize="11.0"/>
                </Word>
                <Word id="w_w2aab1b1b2c17b1ac19" language="English" custom="readingOrder {index:2;}">
                    <Coords points="1185,2517 1391,2517 1391,2642 1185,2642"/>
                    <TextEquiv>
                        <Unicode>fèul</Unicode>
                    </TextEquiv>
                    <TextStyle fontFamily="Times New Roman" fontSize="11.0"/>
                </Word>
                <Word id="w_w2aab1b1b2c17b1ac29" language="English" custom="readingOrder {index:3;}">
                    <Coords points="1449,2527 1902,2527 1902,2657 1449,2657"/>
                    <TextEquiv>
                        <Unicode>témoin</Unicode>
                    </TextEquiv>
                    <TextStyle fontFamily="Times New Roman" fontSize="11.0"/>
                </Word>
                <Word id="w_w2aab1b1b2c17b1ac43" language="English" custom="readingOrder {index:4;}">
                    <Coords points="1957,2543 2098,2543 2098,2663 1957,2663"/>
                    <TextEquiv>
                        <Unicode>de</Unicode>
                    </TextEquiv>
                    <TextStyle fontFamily="Times New Roman" fontSize="11.0"/>
                </Word>
                <Word id="w_w2aab1b1b2c17b1ac49" language="English" custom="readingOrder {index:5;}">
                    <Coords points="2155,2538 2298,2538 2298,2663 2155,2663"/>
                    <TextEquiv>
                        <Unicode>lès</Unicode>
                    </TextEquiv>
                    <TextStyle fontFamily="Times New Roman" fontSize="11.0"/>
                </Word>
                <Word id="w_w2aab1b1b2c17b1ac57" language="English" custom="readingOrder {index:6;}">
                    <Coords points="2340,2554 2710,2554 2710,2710 2340,2710"/>
                    <TextEquiv>
                        <Unicode>pleurs</Unicode>
                    </TextEquiv>
                    <TextStyle fontFamily="Times New Roman" fontSize="11.0"/>
                </Word>
                <Word id="w_w2aab1b1b2c17b1ac71" language="English" custom="readingOrder {index:7;}">
                    <Coords points="2783,2574 2897,2574 2897,2679 2783,2679"/>
                    <TextEquiv>
                        <Unicode>&amp;</Unicode>
                    </TextEquiv>
                    <TextStyle fontFamily="Times New Roman" fontSize="11.0"/>
                </Word>
                <Word id="w_w2aab1b1b2c17b1ac75" language="English" custom="readingOrder {index:8;}">
                    <Coords points="2963,2564 3158,2564 3158,2685 2963,2685"/>
                    <TextEquiv>
                        <Unicode>des</Unicode>
                    </TextEquiv>
                    <TextStyle fontFamily="Times New Roman" fontSize="11.0"/>
                </Word>
                <Word id="w_w2aab1b1b2c17b1ac83" language="English" custom="readingOrder {index:9;}">
                    <Coords points="3219,2575 3647,2575 3647,2710 3219,2710"/>
                    <TextEquiv>
                        <Unicode>miens,</Unicode>
                    </TextEquiv>
                    <TextStyle fontFamily="Times New Roman" fontSize="11.0"/>
                </Word>
                <TextEquiv>
                    <Unicode>Soyez le ſeul témoin de ſes pleurs &amp; des miens.</Unicode>
                </TextEquiv>
                <TextStyle fontFamily="Times New Roman" fontSize="11.0"/>
            </TextLine>
            <TextLine id="tl_13" primaryLanguage="English" custom="readingOrder {index:1;}">
                <Coords points="591,2683 3458,2683 3458,2897 591,2897"/>
                <Baseline points="592,2801 1273,2854 1571,2817 2087,2832 2168,2859 2354,2837 2881,2838 3077,2848 3456,2881"/>
                <Word id="w_w2aab1b1b2c17b3ab1" language="English" custom="readingOrder {index:0;}">
                    <Coords points="592,2688 1273,2688 1273,2854 592,2854"/>
                    <TextEquiv>
                        <Unicode>Fortez~luy</Unicode>
                    </TextEquiv>
                    <TextStyle fontFamily="Times New Roman" fontSize="11.0"/>
                </Word>
                <Word id="w_w2aab1b1b2c17b3ac23" language="English" custom="readingOrder {index:1;}">
                    <Coords points="1324,2735 1571,2735 1571,2817 1324,2817"/>
                    <TextEquiv>
                        <Unicode>mes</Unicode>
                    </TextEquiv>
                    <TextStyle fontFamily="Times New Roman" fontSize="11.0"/>
                </Word>
                <Word id="w_w2aab1b1b2c17b3ac31" language="English" custom="readingOrder {index:2;}">
                    <Coords points="1646,2708 2087,2708 2087,2832 1646,2832"/>
                    <TextEquiv>
                        <Unicode>Adieux</Unicode>
                    </TextEquiv>
                    <TextStyle fontFamily="Times New Roman" fontSize="11.0"/>
                </Word>
                <Word id="w_w2aab1b1b2c17b3ac45" language="English" custom="readingOrder {index:3;}">
                    <Coords points="2139,2809 2168,2809 2168,2859 2139,2859"/>
                    <TextEquiv>
                        <Unicode>,</Unicode>
                    </TextEquiv>
                    <TextStyle fontFamily="Times New Roman" fontSize="11.0"/>
                </Word>
                <Word id="w_w2aab1b1b2c17b3ac49" language="English" custom="readingOrder {index:4;}">
                    <Coords points="2246,2729 2354,2729 2354,2837 2246,2837"/>
                    <TextEquiv>
                        <Unicode>&amp;</Unicode>
                    </TextEquiv>
                    <TextStyle fontFamily="Times New Roman" fontSize="11.0"/>
                </Word>
                <Word id="w_w2aab1b1b2c17b3ac53" language="English" custom="readingOrder {index:5;}">
                    <Coords points="2426,2760 2881,2760 2881,2844 2426,2844"/>
                    <TextEquiv>
                        <Unicode>recevez</Unicode>
                    </TextEquiv>
                    <TextStyle fontFamily="Times New Roman" fontSize="11.0"/>
                </Word>
                <Word id="w_w2aab1b1b2c17b3ac69" language="English" custom="readingOrder {index:6;}">
                    <Coords points="2925,2735 3077,2735 3077,2853 2925,2853"/>
                    <TextEquiv>
                        <Unicode>les</Unicode>
                    </TextEquiv>
                    <TextStyle fontFamily="Times New Roman" fontSize="11.0"/>
                </Word>
                <Word id="w_w2aab1b1b2c17b3ac77" language="English" custom="readingOrder {index:7;}">
                    <Coords points="3127,2735 3456,2735 3456,2881 3127,2881"/>
                    <TextEquiv>
                        <Unicode>liens.</Unicode>
                    </TextEquiv>
                    <TextStyle fontFamily="Times New Roman" fontSize="11.0"/>
                </Word>
                <TextEquiv>
                    <Unicode>Portez-luy mes Adieux, &amp; recevez les ſiens.</Unicode>
                </TextEquiv>
                <TextStyle fontFamily="Times New Roman" fontSize="11.0"/>
            </TextLine>
            <TextEquiv>
                <Unicode>Soyez le ſeul témoin de ſes pleurs &amp; des miens.
Portez-luy mes Adieux, &amp; recevez les ſiens.</Unicode>
            </TextEquiv>
        </TextRegion>
        <TextRegion type="paragraph" id="r_1_10" custom="readingOrder {index:10;}">
            <Coords points="581,2845 3506,2845 3506,3239 581,3239"/>
            <TextLine id="tl_14" primaryLanguage="English" custom="readingOrder {index:0;}">
                <Coords points="582,2846 3446,2846 3446,3068 582,3068"/>
                <Baseline points="583,2971 1040,2971 1338,2982 1735,3024 2200,2998 2392,3006 2976,3018 3446,3029"/>
                <Word id="w_w2aab1b1b2c19b1ab1" language="English" custom="readingOrder {index:0;}">
                    <Coords points="583,2857 1040,2857 1040,3015 583,3015"/>
                    <TextEquiv>
                        <Unicode>Euyons</Unicode>
                    </TextEquiv>
                    <TextStyle fontFamily="Times New Roman" fontSize="11.0"/>
                </Word>
                <Word id="w_w2aab1b1b2c19b1ac15" language="English" custom="readingOrder {index:1;}">
                    <Coords points="1091,2894 1338,2894 1338,2982 1091,2982"/>
                    <TextEquiv>
                        <Unicode>tous</Unicode>
                    </TextEquiv>
                    <TextStyle fontFamily="Times New Roman" fontSize="11.0"/>
                </Word>
                <Word id="w_w2aab1b1b2c19b1ac25" language="English" custom="readingOrder {index:2;}">
                    <Coords points="1373,2867 1735,2867 1735,3024 1373,3024"/>
                    <TextEquiv>
                        <Unicode>deux,</Unicode>
                    </TextEquiv>
                    <TextStyle fontFamily="Times New Roman" fontSize="11.0"/>
                </Word>
                <Word id="w_w2aab1b1b2c19b1ac37" language="English" custom="readingOrder {index:3;}">
                    <Coords points="1794,2871 2200,2871 2200,3040 1794,3040"/>
                    <TextEquiv>
                        <Unicode>fuyons</Unicode>
                    </TextEquiv>
                    <TextStyle fontFamily="Times New Roman" fontSize="11.0"/>
                </Word>
                <Word id="w_w2aab1b1b2c19b1ac51" language="English" custom="readingOrder {index:4;}">
                    <Coords points="2244,2927 2392,2927 2392,3006 2244,3006"/>
                    <TextEquiv>
                        <Unicode>un</Unicode>
                    </TextEquiv>
                    <TextStyle fontFamily="Times New Roman" fontSize="11.0"/>
                </Word>
                <Word id="w_w2aab1b1b2c19b1ac57" language="English" custom="readingOrder {index:5;}">
                    <Coords points="2436,2889 2976,2889 2976,3046 2436,3046"/>
                    <TextEquiv>
                        <Unicode>fpeélacîe</Unicode>
                    </TextEquiv>
                    <TextStyle fontFamily="Times New Roman" fontSize="11.0"/>
                </Word>
                <Word id="w_w2aab1b1b2c19b1ac77" language="English" custom="readingOrder {index:6;}">
                    <Coords points="3008,2899 3446,2899 3446,3029 3008,3029"/>
                    <TextEquiv>
                        <Unicode>funefle</Unicode>
                    </TextEquiv>
                    <TextStyle fontFamily="Times New Roman" fontSize="11.0"/>
                </Word>
                <TextEquiv>
                    <Unicode>Fuyons tous deux, fuyons un ſpectacle funeſte</Unicode>
                </TextEquiv>
                <TextStyle fontFamily="Times New Roman" fontSize="11.0"/>
            </TextLine>
            <TextLine id="tl_15" primaryLanguage="English" custom="readingOrder {index:1;}">
                <Coords points="589,3013 3505,3013 3505,3238 589,3238"/>
                <Baseline points="589,3184 855,3142 1063,3146 1529,3152 2211,3168 2964,3184 3126,3189 3503,3210"/>
                <Word id="w_w2aab1b1b2c19b3ab1" language="English" custom="readingOrder {index:0;}">
                    <Coords points="589,3026 855,3026 855,3184 589,3184"/>
                    <TextEquiv>
                        <Unicode>Qiu</Unicode>
                    </TextEquiv>
                    <TextStyle fontFamily="Times New Roman" fontSize="11.0"/>
                </Word>
                <Word id="w_w2aab1b1b2c19b3ab9" language="English" custom="readingOrder {index:1;}">
                    <Coords points="920,3027 1063,3027 1063,3146 920,3146"/>
                    <TextEquiv>
                        <Unicode>de</Unicode>
                    </TextEquiv>
                    <TextStyle fontFamily="Times New Roman" fontSize="11.0"/>
                </Word>
                <Word id="w_w2aab1b1b2c19b3ac15" language="English" custom="readingOrder {index:2;}">
                    <Coords points="1134,3027 1529,3027 1529,3152 1134,3152"/>
                    <TextEquiv>
                        <Unicode>noflre</Unicode>
                    </TextEquiv>
                    <TextStyle fontFamily="Times New Roman" fontSize="11.0"/>
                </Word>
                <Word id="w_w2aab1b1b2c19b3ac29" language="English" custom="readingOrder {index:3;}">
                    <Coords points="1576,3038 2211,3038 2211,3168 1576,3168"/>
                    <TextEquiv>
                        <Unicode>confiance</Unicode>
                    </TextEquiv>
                    <TextStyle fontFamily="Times New Roman" fontSize="11.0"/>
                </Word>
                <Word id="w_w2aab1b1b2c19b3ac49" language="English" custom="readingOrder {index:4;}">
                    <Coords points="2276,3060 2964,3060 2964,3189 2276,3189"/>
                    <TextEquiv>
                        <Unicode>accableroit</Unicode>
                    </TextEquiv>
                    <TextStyle fontFamily="Times New Roman" fontSize="11.0"/>
                </Word>
                <Word id="w_w2aab1b1b2c19b3ac73" language="English" custom="readingOrder {index:5;}">
                    <Coords points="3028,3075 3126,3075 3126,3189 3028,3189"/>
                    <TextEquiv>
                        <Unicode>le</Unicode>
                    </TextEquiv>
                    <TextStyle fontFamily="Times New Roman" fontSize="11.0"/>
                </Word>
                <Word id="w_w2aab1b1b2c19b3ac79" language="English" custom="readingOrder {index:6;}">
                    <Coords points="3160,3069 3503,3069 3503,3210 3160,3210"/>
                    <TextEquiv>
                        <Unicode>refie.</Unicode>
                    </TextEquiv>
                    <TextStyle fontFamily="Times New Roman" fontSize="11.0"/>
                </Word>
                <TextEquiv>
                    <Unicode>Qui de noſtre conſtance accableroit le reſte.</Unicode>
                </TextEquiv>
                <TextStyle fontFamily="Times New Roman" fontSize="11.0"/>
            </TextLine>
            <TextEquiv>
                <Unicode>Fuyons tous deux, fuyons un ſpectacle funeſte
Qui de noſtre conſtance accableroit le reſte.</Unicode>
            </TextEquiv>
        </TextRegion>
        <TextRegion type="paragraph" id="r_1_11" custom="readingOrder {index:11;}">
            <Coords points="573,3187 3653,3187 3653,4269 573,4269"/>
            <TextLine id="tl_16" primaryLanguage="English" custom="readingOrder {index:0;}">
                <Coords points="574,3188 3577,3188 3577,3418 574,3418"/>
                <Baseline points="575,3311 704,3310 1204,3317 1428,3326 1768,3331 2035,3339 2274,3338 2640,3354 2848,3354 3200,3364 3576,3359"/>
                <Word id="w_w2aab1b1b2c21b1ab1" language="English" custom="readingOrder {index:0;}">
                    <Coords points="575,3195 704,3195 704,3311 575,3311"/>
                    <TextEquiv>
                        <Unicode>Si</Unicode>
                    </TextEquiv>
                    <TextStyle fontFamily="Times New Roman" fontSize="11.0"/>
                </Word>
                <Word id="w_w2aab1b1b2c21b1ab7" language="English" custom="readingOrder {index:1;}">
                    <Coords points="767,3196 1204,3196 1204,3355 767,3355"/>
                    <TextEquiv>
                        <Unicode>Tefpoir</Unicode>
                    </TextEquiv>
                    <TextStyle fontFamily="Times New Roman" fontSize="11.0"/>
                </Word>
                <Word id="w_w2aab1b1b2c21b1ac23" language="English" custom="readingOrder {index:2;}">
                    <Coords points="1283,3202 1428,3202 1428,3326 1283,3326"/>
                    <TextEquiv>
                        <Unicode>de</Unicode>
                    </TextEquiv>
                    <TextStyle fontFamily="Times New Roman" fontSize="11.0"/>
                </Word>
                <Word id="w_w2aab1b1b2c21b1ac29" language="English" custom="readingOrder {index:3;}">
                    <Coords points="1485,3234 1900,3234 1900,3381 1485,3381"/>
                    <TextEquiv>
                        <Unicode>regner</Unicode>
                    </TextEquiv>
                    <TextStyle fontFamily="Times New Roman" fontSize="11.0"/>
                </Word>
                <Word id="w_w2aab1b1b2c21b1b1b1" language="English" custom="readingOrder {index:4;}">
                    <Coords points="1967,3236 2078,3236 2078,3339 1967,3339"/>
                    <TextEquiv>
                        <Unicode>8c</Unicode>
                    </TextEquiv>
                    <TextStyle fontFamily="Times New Roman" fontSize="11.0" italic="true"/>
                </Word>
                <Word id="w_w2aab1b1b2c21b1b2b3" language="English" custom="readingOrder {index:5;}">
                    <Coords points="2131,3223 2274,3223 2274,3342 2131,3342"/>
                    <TextEquiv>
                        <Unicode>de</Unicode>
                    </TextEquiv>
                    <TextStyle fontFamily="Times New Roman" fontSize="11.0"/>
                </Word>
                <Word id="w_w2aab1b1b2c21b1b2b9" language="English" custom="readingOrder {index:6;}">
                    <Coords points="2325,3230 2640,3230 2640,3354 2325,3354"/>
                    <TextEquiv>
                        <Unicode>vivre</Unicode>
                    </TextEquiv>
                    <TextStyle fontFamily="Times New Roman" fontSize="11.0"/>
                </Word>
                <Word id="w_w2aab1b1b2c21b1b2c21" language="English" custom="readingOrder {index:7;}">
                    <Coords points="2702,3273 2848,3273 2848,3354 2702,3354"/>
                    <TextEquiv>
                        <Unicode>en</Unicode>
                    </TextEquiv>
                    <TextStyle fontFamily="Times New Roman" fontSize="11.0"/>
                </Word>
                <Word id="w_w2aab1b1b2c21b1b2c27" language="English" custom="readingOrder {index:8;}">
                    <Coords points="2900,3281 3200,3281 3200,3364 2900,3364"/>
                    <TextEquiv>
                        <Unicode>mon</Unicode>
                    </TextEquiv>
                    <TextStyle fontFamily="Times New Roman" fontSize="11.0"/>
                </Word>
                <Word id="w_w2aab1b1b2c21b1b2c35" language="English" custom="readingOrder {index:9;}">
                    <Coords points="3244,3276 3576,3276 3576,3365 3244,3365"/>
                    <TextEquiv>
                        <Unicode>cœur</Unicode>
                    </TextEquiv>
                    <TextStyle fontFamily="Times New Roman" fontSize="11.0"/>
                </Word>
                <TextEquiv>
                    <Unicode>Si l'eſpoir de regner &amp; de vivre en mon cœur</Unicode>
                </TextEquiv>
            </TextLine>
            <TextLine id="tl_17" primaryLanguage="English" custom="readingOrder {index:1;}">
                <Coords points="585,3357 3224,3357 3224,3579 585,3579"/>
                <Baseline points="586,3481 865,3482 1051,3488 1317,3492 1961,3503 2491,3514 2637,3520 3157,3535 3222,3572"/>
                <Word id="w_w2aab1b1b2c21b3ab1" language="English" custom="readingOrder {index:0;}">
                    <Coords points="586,3362 865,3362 865,3487 586,3487"/>
                    <TextEquiv>
                        <Unicode>Peut</Unicode>
                    </TextEquiv>
                    <TextStyle fontFamily="Times New Roman" fontSize="11.0"/>
                </Word>
                <Word id="w_w2aab1b1b2c21b3ac11" language="English" custom="readingOrder {index:1;}">
                    <Coords points="910,3369 1051,3369 1051,3488 910,3488"/>
                    <TextEquiv>
                        <Unicode>de</Unicode>
                    </TextEquiv>
                    <TextStyle fontFamily="Times New Roman" fontSize="11.0"/>
                </Word>
                <Word id="w_w2aab1b1b2c21b3ac17" language="English" custom="readingOrder {index:2;}">
                    <Coords points="1114,3367 1317,3367 1317,3492 1114,3492"/>
                    <TextEquiv>
                        <Unicode>fon</Unicode>
                    </TextEquiv>
                    <TextStyle fontFamily="Times New Roman" fontSize="11.0"/>
                </Word>
                <Word id="w_w2aab1b1b2c21b3ac25" language="English" custom="readingOrder {index:3;}">
                    <Coords points="1373,3378 1961,3378 1961,3503 1373,3503"/>
                    <TextEquiv>
                        <Unicode>infortune</Unicode>
                    </TextEquiv>
                    <TextStyle fontFamily="Times New Roman" fontSize="11.0"/>
                </Word>
                <Word id="w_w2aab1b1b2c21b3ac45" language="English" custom="readingOrder {index:4;}">
                    <Coords points="2011,3388 2491,3388 2491,3519 2011,3519"/>
                    <TextEquiv>
                        <Unicode>adoucir</Unicode>
                    </TextEquiv>
                    <TextStyle fontFamily="Times New Roman" fontSize="11.0"/>
                </Word>
                <Word id="w_w2aab1b1b2c21b3ac61" language="English" custom="readingOrder {index:5;}">
                    <Coords points="2533,3406 2637,3406 2637,3520 2533,3520"/>
                    <TextEquiv>
                        <Unicode>la</Unicode>
                    </TextEquiv>
                    <TextStyle fontFamily="Times New Roman" fontSize="11.0"/>
                </Word>
                <Word id="w_w2aab1b1b2c21b3ac67" language="English" custom="readingOrder {index:6;}">
                    <Coords points="2707,3409 3157,3409 3157,3573 2707,3573"/>
                    <TextEquiv>
                        <Unicode>rigueur</Unicode>
                    </TextEquiv>
                    <TextStyle fontFamily="Times New Roman" fontSize="11.0"/>
                </Word>
                <Word id="w_w2aab1b1b2c21b3ac83" language="English" custom="readingOrder {index:7;}">
                    <Coords points="3194,3492 3222,3492 3222,3572 3194,3572"/>
                    <TextEquiv>
                        <Unicode>j</Unicode>
                    </TextEquiv>
                    <TextStyle fontFamily="Times New Roman" fontSize="11.0"/>
                </Word>
                <TextEquiv>
                    <Unicode>Peut de ſon infortune adoucir la rigueur;</Unicode>
                </TextEquiv>
                <TextStyle fontFamily="Times New Roman" fontSize="11.0"/>
            </TextLine>
            <TextLine id="tl_18" primaryLanguage="English" custom="readingOrder {index:2;}">
                <Coords points="581,3524 3652,3524 3652,3757 581,3757"/>
                <Baseline points="582,3652 777,3652 1252,3662 1328,3662 1970,3716 2257,3679 2827,3694 3151,3747 3650,3721"/>
                <Word id="w_w2aab1b1b2c21b5ab1" language="English" custom="readingOrder {index:0;}">
                    <Coords points="582,3529 777,3529 777,3652 582,3652"/>
                    <TextEquiv>
                        <Unicode>Ah</Unicode>
                    </TextEquiv>
                    <TextStyle fontFamily="Times New Roman" fontSize="11.0"/>
                </Word>
                <Word id="w_w2aab1b1b2c21b5ab7" language="English" custom="readingOrder {index:1;}">
                    <Coords points="834,3543 1252,3543 1252,3662 834,3662"/>
                    <TextEquiv>
                        <Unicode>Prince</Unicode>
                    </TextEquiv>
                    <TextStyle fontFamily="Times New Roman" fontSize="11.0"/>
                </Word>
                <Word id="w_w2aab1b1b2c21b5ac21" language="English" custom="readingOrder {index:2;}">
                    <Coords points="1304,3565 1328,3565 1328,3662 1304,3662"/>
                    <TextEquiv>
                        <Unicode>!</Unicode>
                    </TextEquiv>
                    <TextStyle fontFamily="Times New Roman" fontSize="11.0"/>
                </Word>
                <Word id="w_w2aab1b1b2c21b5ac25" language="English" custom="readingOrder {index:3;}">
                    <Coords points="1383,3547 1970,3547 1970,3716 1383,3716"/>
                    <TextEquiv>
                        <Unicode>jurez-luy</Unicode>
                    </TextEquiv>
                    <TextStyle fontFamily="Times New Roman" fontSize="11.0"/>
                </Word>
                <Word id="w_w2aab1b1b2c21b5ac45" language="English" custom="readingOrder {index:4;}">
                    <Coords points="2037,3597 2257,3597 2257,3726 2037,3726"/>
                    <TextEquiv>
                        <Unicode>que</Unicode>
                    </TextEquiv>
                    <TextStyle fontFamily="Times New Roman" fontSize="11.0"/>
                </Word>
                <Word id="w_w2aab1b1b2c21b5ac53" language="English" custom="readingOrder {index:5;}">
                    <Coords points="2318,3582 2827,3582 2827,3700 2318,3700"/>
                    <TextEquiv>
                        <Unicode>toujours</Unicode>
                    </TextEquiv>
                    <TextStyle fontFamily="Times New Roman" fontSize="11.0"/>
                </Word>
                <Word id="w_w2aab1b1b2c21b5ac71" language="English" custom="readingOrder {index:6;}">
                    <Coords points="2894,3619 3151,3619 3151,3747 2894,3747"/>
                    <TextEquiv>
                        <Unicode>trop</Unicode>
                    </TextEquiv>
                    <TextStyle fontFamily="Times New Roman" fontSize="11.0"/>
                </Word>
                <Word id="w_w2aab1b1b2c21b5ac81" language="English" custom="readingOrder {index:7;}">
                    <Coords points="3218,3576 3650,3576 3650,3721 3218,3721"/>
                    <TextEquiv>
                        <Unicode>fidelle^</Unicode>
                    </TextEquiv>
                    <TextStyle fontFamily="Times New Roman" fontSize="11.0"/>
                </Word>
                <TextEquiv>
                    <Unicode>Ah Prince! jurez-luy que toujours trop fidelle,</Unicode>
                </TextEquiv>
                <TextStyle fontFamily="Times New Roman" fontSize="11.0"/>
            </TextLine>
            <TextLine id="tl_19" primaryLanguage="English" custom="readingOrder {index:3;}">
                <Coords points="589,3695 3610,3695 3610,3930 589,3930"/>
                <Baseline points="590,3822 1246,3825 1597,3837 1853,3838 2219,3849 2306,3880 2457,3859 2751,3860 3075,3864 3535,3870 3608,3896"/>
                <Word id="w_w2aab1b1b2c21b7ab1" language="English" custom="readingOrder {index:0;}">
                    <Coords points="590,3703 1246,3703 1246,3830 590,3830"/>
                    <TextEquiv>
                        <Unicode>GemifTant</Unicode>
                    </TextEquiv>
                    <TextStyle fontFamily="Times New Roman" fontSize="11.0"/>
                </Word>
                <Word id="w_w2aab1b1b2c21b7ac21" language="English" custom="readingOrder {index:1;}">
                    <Coords points="1312,3714 1597,3714 1597,3838 1312,3838"/>
                    <TextEquiv>
                        <Unicode>dans</Unicode>
                    </TextEquiv>
                    <TextStyle fontFamily="Times New Roman" fontSize="11.0"/>
                </Word>
                <Word id="w_w2aab1b1b2c21b7ac31" language="English" custom="readingOrder {index:2;}">
                    <Coords points="1658,3765 1853,3765 1853,3841 1658,3841"/>
                    <TextEquiv>
                        <Unicode>ma</Unicode>
                    </TextEquiv>
                    <TextStyle fontFamily="Times New Roman" fontSize="11.0"/>
                </Word>
                <Word id="w_w2aab1b1b2c21b7ac37" language="English" custom="readingOrder {index:3;}">
                    <Coords points="1904,3735 2219,3735 2219,3849 1904,3849"/>
                    <TextEquiv>
                        <Unicode>Cour</Unicode>
                    </TextEquiv>
                    <TextStyle fontFamily="Times New Roman" fontSize="11.0"/>
                </Word>
                <Word id="w_w2aab1b1b2c21b7ac47" language="English" custom="readingOrder {index:4;}">
                    <Coords points="2271,3830 2306,3830 2306,3880 2271,3880"/>
                    <TextEquiv>
                        <Unicode>,</Unicode>
                    </TextEquiv>
                    <TextStyle fontFamily="Times New Roman" fontSize="11.0"/>
                </Word>
                <Word id="w_w2aab1b1b2c21b7ac51" language="English" custom="readingOrder {index:5;}">
                    <Coords points="2350,3751 2457,3751 2457,3859 2350,3859"/>
                    <TextEquiv>
                        <Unicode>&amp;</Unicode>
                    </TextEquiv>
                    <TextStyle fontFamily="Times New Roman" fontSize="11.0"/>
                </Word>
                <Word id="w_w2aab1b1b2c21b7ac55" language="English" custom="readingOrder {index:6;}">
                    <Coords points="2499,3745 2751,3745 2751,3899 2499,3899"/>
                    <TextEquiv>
                        <Unicode>plus</Unicode>
                    </TextEquiv>
                    <TextStyle fontFamily="Times New Roman" fontSize="11.0"/>
                </Word>
                <Word id="w_w2aab1b1b2c21b7ac65" language="English" custom="readingOrder {index:7;}">
                    <Coords points="2798,3745 3075,3745 3075,3870 2798,3870"/>
                    <TextEquiv>
                        <Unicode>exilé</Unicode>
                    </TextEquiv>
                    <TextStyle fontFamily="Times New Roman" fontSize="11.0"/>
                </Word>
                <Word id="w_w2aab1b1b2c21b7ac77" language="English" custom="readingOrder {index:8;}">
                    <Coords points="3130,3756 3535,3756 3535,3922 3130,3922"/>
                    <TextEquiv>
                        <Unicode>qu'elle</Unicode>
                    </TextEquiv>
                    <TextStyle fontFamily="Times New Roman" fontSize="11.0"/>
                </Word>
                <Word id="w_w2aab1b1b2c21b7ac93" language="English" custom="readingOrder {index:9;}">
                    <Coords points="3569,3841 3608,3841 3608,3896 3569,3896"/>
                    <TextEquiv>
                        <Unicode>»</Unicode>
                    </TextEquiv>
                    <TextStyle fontFamily="Times New Roman" fontSize="11.0"/>
                </Word>
                <TextEquiv>
                    <Unicode>Gemiſſant dans ma Cour, &amp; plus exilé qu'elle,</Unicode>
                </TextEquiv>
                <TextStyle fontFamily="Times New Roman" fontSize="11.0"/>
            </TextLine>
            <TextLine id="tl_20" primaryLanguage="English" custom="readingOrder {index:4;}">
                <Coords points="590,3867 3632,3867 3632,4097 590,4097"/>
                <Baseline points="591,3993 1078,3996 1610,4008 2190,4018 2336,4019 2664,4030 2838,4036 3082,4037 3631,4070"/>
                <Word id="w_w2aab1b1b2c21b9ab1" language="English" custom="readingOrder {index:0;}">
                    <Coords points="591,3878 1078,3878 1078,3997 591,3997"/>
                    <TextEquiv>
                        <Unicode>Portant</Unicode>
                    </TextEquiv>
                    <TextStyle fontFamily="Times New Roman" fontSize="11.0"/>
                </Word>
                <Word id="w_w2aab1b1b2c21b9ac17" language="English" custom="readingOrder {index:1;}">
                    <Coords points="1102,3879 1610,3879 1610,4052 1102,4052"/>
                    <TextEquiv>
                        <Unicode>jufqu’au</Unicode>
                    </TextEquiv>
                    <TextStyle fontFamily="Times New Roman" fontSize="11.0"/>
                </Word>
                <Word id="w_w2aab1b1b2c21b9ac35" language="English" custom="readingOrder {index:2;}">
                    <Coords points="1644,3895 2190,3895 2190,4018 1644,4018"/>
                    <TextEquiv>
                        <Unicode>tombeau</Unicode>
                    </TextEquiv>
                    <TextStyle fontFamily="Times New Roman" fontSize="11.0"/>
                </Word>
                <Word id="w_w2aab1b1b2c21b9ac51" language="English" custom="readingOrder {index:3;}">
                    <Coords points="2234,3905 2336,3905 2336,4020 2234,4020"/>
                    <TextEquiv>
                        <Unicode>le</Unicode>
                    </TextEquiv>
                    <TextStyle fontFamily="Times New Roman" fontSize="11.0"/>
                </Word>
                <Word id="w_w2aab1b1b2c21b9ac57" language="English" custom="readingOrder {index:4;}">
                    <Coords points="2362,3951 2664,3951 2664,4030 2362,4030"/>
                    <TextEquiv>
                        <Unicode>nom</Unicode>
                    </TextEquiv>
                    <TextStyle fontFamily="Times New Roman" fontSize="11.0"/>
                </Word>
                <Word id="w_w2aab1b1b2c21b9ac65" language="English" custom="readingOrder {index:5;}">
                    <Coords points="2698,3915 2838,3915 2838,4036 2698,4036"/>
                    <TextEquiv>
                        <Unicode>de</Unicode>
                    </TextEquiv>
                    <TextStyle fontFamily="Times New Roman" fontSize="11.0"/>
                </Word>
                <Word id="w_w2aab1b1b2c21b9ac71" language="English" custom="readingOrder {index:6;}">
                    <Coords points="2874,3919 3082,3919 3082,4037 2874,4037"/>
                    <TextEquiv>
                        <Unicode>fon</Unicode>
                    </TextEquiv>
                    <TextStyle fontFamily="Times New Roman" fontSize="11.0"/>
                </Word>
                <Word id="w_w2aab1b1b2c21b9ac79" language="English" custom="readingOrder {index:7;}">
                    <Coords points="3124,3936 3631,3936 3631,4070 3124,4070"/>
                    <TextEquiv>
                        <Unicode>Amant,</Unicode>
                    </TextEquiv>
                    <TextStyle fontFamily="Times New Roman" fontSize="11.0"/>
                </Word>
                <TextEquiv>
                    <Unicode>Portant juſqu’au tombeau le nom de ſon Amant,</Unicode>
                </TextEquiv>
                <TextStyle fontFamily="Times New Roman" fontSize="11.0"/>
            </TextLine>
            <TextLine id="tl_21" primaryLanguage="English" custom="readingOrder {index:5;}">
                <Coords points="584,4036 3563,4036 3563,4268 584,4268"/>
                <Baseline points="585,4163 907,4163 1343,4168 1535,4174 1797,4183 2210,4191 2566,4248 3561,4243"/>
                <Word id="w_w2aab1b1b2c21c11ab1" language="English" custom="readingOrder {index:0;}">
                    <Coords points="585,4048 907,4048 907,4163 585,4163"/>
                    <TextEquiv>
                        <Unicode>Mon</Unicode>
                    </TextEquiv>
                    <TextStyle fontFamily="Times New Roman" fontSize="11.0"/>
                </Word>
                <Word id="w_w2aab1b1b2c21c11ab9" language="English" custom="readingOrder {index:1;}">
                    <Coords points="979,4086 1343,4086 1343,4214 979,4214"/>
                    <TextEquiv>
                        <Unicode>régné</Unicode>
                    </TextEquiv>
                    <TextStyle fontFamily="Times New Roman" fontSize="11.0"/>
                </Word>
                <Word id="w_w2aab1b1b2c21c11ac21" language="English" custom="readingOrder {index:2;}">
                    <Coords points="1389,4095 1535,4095 1535,4174 1389,4174"/>
                    <TextEquiv>
                        <Unicode>ne</Unicode>
                    </TextEquiv>
                    <TextStyle fontFamily="Times New Roman" fontSize="11.0"/>
                </Word>
                <Word id="w_w2aab1b1b2c21c11ac27" language="English" custom="readingOrder {index:3;}">
                    <Coords points="1569,4065 1797,4065 1797,4183 1569,4183"/>
                    <TextEquiv>
                        <Unicode>fera</Unicode>
                    </TextEquiv>
                    <TextStyle fontFamily="Times New Roman" fontSize="11.0"/>
                </Word>
                <Word id="w_w2aab1b1b2c21c11ac37" language="English" custom="readingOrder {index:4;}">
                    <Coords points="1866,4075 2210,4075 2210,4231 1866,4231"/>
                    <TextEquiv>
                        <Unicode>qu’un</Unicode>
                    </TextEquiv>
                    <TextStyle fontFamily="Times New Roman" fontSize="11.0"/>
                </Word>
                <Word id="w_w2aab1b1b2c21c11ac49" language="English" custom="readingOrder {index:5;}">
                    <Coords points="2277,4076 2566,4076 2566,4248 2277,4248"/>
                    <TextEquiv>
                        <Unicode>long</Unicode>
                    </TextEquiv>
                    <TextStyle fontFamily="Times New Roman" fontSize="11.0"/>
                </Word>
                <Word id="w_w2aab1b1b2c21c11ac59" language="English" custom="readingOrder {index:6;}">
                    <Coords points="2643,4080 3561,4080 3561,4243 2643,4243"/>
                    <TextEquiv>
                        <Unicode>banniffement,</Unicode>
                    </TextEquiv>
                    <TextStyle fontFamily="Times New Roman" fontSize="11.0"/>
                </Word>
                <TextEquiv>
                    <Unicode>Mon regne ne ſera qu’un long banniſſement,</Unicode>
                </TextEquiv>
                <TextStyle fontFamily="Times New Roman" fontSize="11.0"/>
            </TextLine>
            <TextEquiv>
                <Unicode>Si l'eſpoir de regner &amp; de vivre en mon cœur
Peut de ſon infortune adoucir la rigueur;
Ah Prince! jurez-luy que toujours trop fidelle,
Gemiſſant dans ma Cour, &amp; plus exilé qu'elle,
Portant juſqu’au tombeau le nom de ſon Amant,
Mon regne ne ſera qu’un long banniſſement,</Unicode>
            </TextEquiv>
        </TextRegion>
        <TextRegion type="paragraph" id="r_1_12" custom="readingOrder {index:12;}">
            <Coords points="584,4210 3280,4210 3280,4604 584,4604"/>
            <TextLine id="tl_22" primaryLanguage="English" custom="readingOrder {index:0;}">
                <Coords points="585,4211 3212,4211 3212,4386 585,4386"/>
                <Baseline points="585,4333 718,4327 865,4328 1164,4334 1445,4343 1971,4350 2167,4360 2401,4362 2482,4364 2847,4374 3211,4386"/>
                <Word id="w_w2aab1b1b2c23b1ab1" language="English" custom="readingOrder {index:0;}">
                    <Coords points="585,4218 718,4218 718,4333 585,4333"/>
                    <TextEquiv>
                        <Unicode>Si</Unicode>
                    </TextEquiv>
                    <TextStyle fontFamily="Times New Roman" fontSize="11.0"/>
                </Word>
                <Word id="w_w2aab1b1b2c23b1ab7" language="English" custom="readingOrder {index:1;}">
                    <Coords points="766,4218 865,4218 865,4333 766,4333"/>
                    <TextEquiv>
                        <Unicode>le</Unicode>
                    </TextEquiv>
                    <TextStyle fontFamily="Times New Roman" fontSize="11.0"/>
                </Word>
                <Word id="w_w2aab1b1b2c23b1ac13" language="English" custom="readingOrder {index:2;}">
                    <Coords points="909,4223 1164,4223 1164,4339 909,4339"/>
                    <TextEquiv>
                        <Unicode>Ciel</Unicode>
                    </TextEquiv>
                    <TextStyle fontFamily="Times New Roman" fontSize="11.0"/>
                </Word>
                <Word id="w_w2aab1b1b2c23b1ac23" language="English" custom="readingOrder {index:3;}">
                    <Coords points="1202,4261 1445,4261 1445,4343 1202,4343"/>
                    <TextEquiv>
                        <Unicode>non</Unicode>
                    </TextEquiv>
                    <TextStyle fontFamily="Times New Roman" fontSize="11.0"/>
                </Word>
                <Word id="w_w2aab1b1b2c23b1ac31" language="English" custom="readingOrder {index:4;}">
                    <Coords points="1484,4268 1971,4268 1971,4351 1484,4351"/>
                    <TextEquiv>
                        <Unicode>content</Unicode>
                    </TextEquiv>
                    <TextStyle fontFamily="Times New Roman" fontSize="11.0"/>
                </Word>
                <Word id="w_w2aab1b1b2c23b1ac47" language="English" custom="readingOrder {index:5;}">
                    <Coords points="2024,4239 2167,4239 2167,4360 2024,4360"/>
                    <TextEquiv>
                        <Unicode>de</Unicode>
                    </TextEquiv>
                    <TextStyle fontFamily="Times New Roman" fontSize="11.0"/>
                </Word>
                <Word id="w_w2aab1b1b2c23b1ac53" language="English" custom="readingOrder {index:6;}">
                    <Coords points="2210,4283 2401,4283 2401,4362 2210,4362"/>
                    <TextEquiv>
                        <Unicode>me</Unicode>
                    </TextEquiv>
                    <TextStyle fontFamily="Times New Roman" fontSize="11.0"/>
                </Word>
                <Word id="w_w2aab1b1b2c23b1ac59" language="English" custom="readingOrder {index:7;}">
                    <Coords points="2448,4251 2482,4251 2482,4364 2448,4364"/>
                    <TextEquiv>
                        <Unicode>1</Unicode>
                    </TextEquiv>
                    <TextStyle fontFamily="Times New Roman" fontSize="11.0"/>
                </Word>
                <Word id="w_w2aab1b1b2c23b1ac63" language="English" custom="readingOrder {index:8;}">
                    <Coords points="2522,4256 2847,4256 2847,4374 2522,4374"/>
                    <TextEquiv>
                        <Unicode>avoir</Unicode>
                    </TextEquiv>
                    <TextStyle fontFamily="Times New Roman" fontSize="11.0"/>
                </Word>
                <Word id="w_w2aab1b1b2c23b1ac75" language="English" custom="readingOrder {index:9;}">
                    <Coords points="2899,4271 3211,4271 3211,4386 2899,4386"/>
                    <TextEquiv>
                        <Unicode>ravie</Unicode>
                    </TextEquiv>
                    <TextStyle fontFamily="Times New Roman" fontSize="11.0"/>
                </Word>
                <TextEquiv>
                    <Unicode>Si le Ciel non content de me l'avoir ravie</Unicode>
                </TextEquiv>
                <TextStyle fontFamily="Times New Roman" fontSize="11.0"/>
            </TextLine>
            <TextLine id="tl_23" primaryLanguage="English" custom="readingOrder {index:1;}">
                <Coords points="593,4378 3279,4378 3279,4603 593,4603"/>
                <Baseline points="594,4503 881,4496 1289,4506 1981,4524 2235,4529 2513,4536 3009,4551 3278,4562"/>
                <Word id="w_w2aab1b1b2c23b3ab1" language="English" custom="readingOrder {index:0;}">
                    <Coords points="594,4390 881,4390 881,4503 594,4503"/>
                    <TextEquiv>
                        <Unicode>Veut</Unicode>
                    </TextEquiv>
                    <TextStyle fontFamily="Times New Roman" fontSize="11.0"/>
                </Word>
                <Word id="w_w2aab1b1b2c23b3ac11" language="English" custom="readingOrder {index:1;}">
                    <Coords points="941,4426 1289,4426 1289,4509 941,4509"/>
                    <TextEquiv>
                        <Unicode>encor</Unicode>
                    </TextEquiv>
                    <TextStyle fontFamily="Times New Roman" fontSize="11.0"/>
                </Word>
                <Word id="w_w2aab1b1b2c23b3ac23" language="English" custom="readingOrder {index:2;}">
                    <Coords points="1364,4398 1981,4398 1981,4573 1364,4573"/>
                    <TextEquiv>
                        <Unicode>m’affliger</Unicode>
                    </TextEquiv>
                    <TextStyle fontFamily="Times New Roman" fontSize="11.0"/>
                </Word>
                <Word id="w_w2aab1b1b2c23b3ac45" language="English" custom="readingOrder {index:3;}">
                    <Coords points="2027,4452 2235,4452 2235,4568 2027,4568"/>
                    <TextEquiv>
                        <Unicode>par</Unicode>
                    </TextEquiv>
                    <TextStyle fontFamily="Times New Roman" fontSize="11.0"/>
                </Word>
                <Word id="w_w2aab1b1b2c23b3ac53" language="English" custom="readingOrder {index:4;}">
                    <Coords points="2291,4457 2513,4457 2513,4536 2291,4536"/>
                    <TextEquiv>
                        <Unicode>une</Unicode>
                    </TextEquiv>
                    <TextStyle fontFamily="Times New Roman" fontSize="11.0"/>
                </Word>
                <Word id="w_w2aab1b1b2c23b3ac61" language="English" custom="readingOrder {index:5;}">
                    <Coords points="2571,4427 3009,4427 3009,4595 2571,4595"/>
                    <TextEquiv>
                        <Unicode>longue</Unicode>
                    </TextEquiv>
                    <TextStyle fontFamily="Times New Roman" fontSize="11.0"/>
                </Word>
                <Word id="w_w2aab1b1b2c23b3ac75" language="English" custom="readingOrder {index:6;}">
                    <Coords points="3047,4439 3278,4439 3278,4562 3047,4562"/>
                    <TextEquiv>
                        <Unicode>vie,</Unicode>
                    </TextEquiv>
                    <TextStyle fontFamily="Times New Roman" fontSize="11.0"/>
                </Word>
                <TextEquiv>
                    <Unicode>Veut encor m’affliger par une longue vie.</Unicode>
                </TextEquiv>
                <TextStyle fontFamily="Times New Roman" fontSize="11.0"/>
            </TextLine>
            <TextEquiv>
                <Unicode>Si le Ciel non content de me l'avoir ravie
Veut encor m’affliger par une longue vie.</Unicode>
            </TextEquiv>
        </TextRegion>
        <TextRegion type="paragraph" id="r_1_13" custom="readingOrder {index:13;}">
            <Coords points="592,4547 3437,4547 3437,4772 592,4772"/>
            <TextLine id="tl_24" primaryLanguage="English" custom="readingOrder {index:0;}">
                <Coords points="593,4548 3436,4548 3436,4771 593,4771"/>
                <Baseline points="594,4669 997,4709 1274,4674 1800,4688 2147,4699 2641,4706 2879,4717 3113,4722 3361,4717 3434,4753"/>
                <Word id="w_w2aab1b1b2c25b1ab1" language="English" custom="readingOrder {index:0;}">
                    <Coords points="594,4560 997,4560 997,4709 594,4709"/>
                    <TextEquiv>
                        <Unicode>Vous,</Unicode>
                    </TextEquiv>
                    <TextStyle fontFamily="Times New Roman" fontSize="11.0"/>
                </Word>
                <Word id="w_w2aab1b1b2c25b1ac13" language="English" custom="readingOrder {index:1;}">
                    <Coords points="1057,4601 1274,4601 1274,4726 1057,4726"/>
                    <TextEquiv>
                        <Unicode>que</Unicode>
                    </TextEquiv>
                    <TextStyle fontFamily="Times New Roman" fontSize="11.0"/>
                </Word>
                <Word id="w_w2aab1b1b2c25b1ac21" language="English" custom="readingOrder {index:2;}">
                    <Coords points="1326,4570 1800,4570 1800,4689 1326,4689"/>
                    <TextEquiv>
                        <Unicode>l’amitié</Unicode>
                    </TextEquiv>
                    <TextStyle fontFamily="Times New Roman" fontSize="11.0"/>
                </Word>
                <Word id="w_w2aab1b1b2c25b1ac39" language="English" custom="readingOrder {index:3;}">
                    <Coords points="1868,4575 2147,4575 2147,4699 1868,4699"/>
                    <TextEquiv>
                        <Unicode>feule</Unicode>
                    </TextEquiv>
                    <TextStyle fontFamily="Times New Roman" fontSize="11.0"/>
                </Word>
                <Word id="w_w2aab1b1b2c25b1ac51" language="English" custom="readingOrder {index:4;}">
                    <Coords points="2196,4585 2641,4585 2641,4707 2196,4707"/>
                    <TextEquiv>
                        <Unicode>attache</Unicode>
                    </TextEquiv>
                    <TextStyle fontFamily="Times New Roman" fontSize="11.0"/>
                </Word>
                <Word id="w_w2aab1b1b2c25b1ac67" language="English" custom="readingOrder {index:5;}">
                    <Coords points="2714,4592 2879,4592 2879,4717 2714,4717"/>
                    <TextEquiv>
                        <Unicode>fur</Unicode>
                    </TextEquiv>
                    <TextStyle fontFamily="Times New Roman" fontSize="11.0"/>
                </Word>
                <Word id="w_w2aab1b1b2c25b1ac75" language="English" custom="readingOrder {index:6;}">
                    <Coords points="2958,4602 3113,4602 3113,4722 2958,4722"/>
                    <TextEquiv>
                        <Unicode>les</Unicode>
                    </TextEquiv>
                    <TextStyle fontFamily="Times New Roman" fontSize="11.0"/>
                </Word>
                <Word id="w_w2aab1b1b2c25b1ac83" language="English" custom="readingOrder {index:7;}">
                    <Coords points="3167,4638 3361,4638 3361,4761 3167,4761"/>
                    <TextEquiv>
                        <Unicode>pas</Unicode>
                    </TextEquiv>
                    <TextStyle fontFamily="Times New Roman" fontSize="11.0"/>
                </Word>
                <Word id="w_w2aab1b1b2c25b1ac91" language="English" custom="readingOrder {index:8;}">
                    <Coords points="3405,4698 3434,4698 3434,4753 3405,4753"/>
                    <TextEquiv>
                        <Unicode>,</Unicode>
                    </TextEquiv>
                    <TextStyle fontFamily="Times New Roman" fontSize="11.0"/>
                </Word>
                <TextEquiv>
                    <Unicode>Vous, que l’amitié ſeule attache ſur les pas,</Unicode>
                </TextEquiv>
                <TextStyle fontFamily="Times New Roman" fontSize="11.0"/>
            </TextLine>
            <TextEquiv>
                <Unicode>Vous, que l’amitié ſeule attache ſur les pas,</Unicode>
            </TextEquiv>
        </TextRegion>
        <TextRegion type="paragraph" id="r_1_14" custom="readingOrder {index:14;}">
            <Coords points="589,4712 3744,4712 3744,5437 589,5437"/>
            <TextLine id="tl_25" primaryLanguage="English" custom="readingOrder {index:0;}">
                <Coords points="594,4713 3675,4713 3675,4931 594,4931"/>
                <Baseline points="595,4841 1002,4843 1083,4881 1432,4850 1694,4860 2264,4870 2460,4876 3370,4885 3673,4905"/>
                <Word id="w_w2aab1b1b2c27b1ab1" language="English" custom="readingOrder {index:0;}">
                    <Coords points="595,4724 1002,4724 1002,4844 595,4844"/>
                    <TextEquiv>
                        <Unicode>Prince</Unicode>
                    </TextEquiv>
                    <TextStyle fontFamily="Times New Roman" fontSize="11.0"/>
                </Word>
                <Word id="w_w2aab1b1b2c27b1ac15" language="English" custom="readingOrder {index:1;}">
                    <Coords points="1048,4826 1083,4826 1083,4881 1048,4881"/>
                    <TextEquiv>
                        <Unicode>,</Unicode>
                    </TextEquiv>
                    <TextStyle fontFamily="Times New Roman" fontSize="11.0"/>
                </Word>
                <Word id="w_w2aab1b1b2c27b1ac19" language="English" custom="readingOrder {index:2;}">
                    <Coords points="1145,4730 1432,4730 1432,4851 1145,4851"/>
                    <TextEquiv>
                        <Unicode>dans</Unicode>
                    </TextEquiv>
                    <TextStyle fontFamily="Times New Roman" fontSize="11.0"/>
                </Word>
                <Word id="w_w2aab1b1b2c27b1ac29" language="English" custom="readingOrder {index:3;}">
                    <Coords points="1495,4734 1694,4734 1694,4860 1495,4860"/>
                    <TextEquiv>
                        <Unicode>fon</Unicode>
                    </TextEquiv>
                    <TextStyle fontFamily="Times New Roman" fontSize="11.0"/>
                </Word>
                <Word id="w_w2aab1b1b2c27b1ac37" language="English" custom="readingOrder {index:4;}">
                    <Coords points="1745,4740 2264,4740 2264,4871 1745,4871"/>
                    <TextEquiv>
                        <Unicode>malheur</Unicode>
                    </TextEquiv>
                    <TextStyle fontFamily="Times New Roman" fontSize="11.0"/>
                </Word>
                <Word id="w_w2aab1b1b2c27b1ac53" language="English" custom="readingOrder {index:5;}">
                    <Coords points="2311,4798 2460,4798 2460,4876 2311,4876"/>
                    <TextEquiv>
                        <Unicode>ne</Unicode>
                    </TextEquiv>
                    <TextStyle fontFamily="Times New Roman" fontSize="11.0"/>
                </Word>
                <Word id="w_w2aab1b1b2c27b1ac59" language="English" custom="readingOrder {index:6;}">
                    <Coords points="2527,4761 3370,4761 3370,4891 2527,4891"/>
                    <TextEquiv>
                        <Unicode>l’abandonnez</Unicode>
                    </TextEquiv>
                    <TextStyle fontFamily="Times New Roman" fontSize="11.0"/>
                </Word>
                <Word id="w_w2aab1b1b2c27b1ac85" language="English" custom="readingOrder {index:7;}">
                    <Coords points="3428,4803 3673,4803 3673,4928 3428,4928"/>
                    <TextEquiv>
                        <Unicode>pas.</Unicode>
                    </TextEquiv>
                    <TextStyle fontFamily="Times New Roman" fontSize="11.0"/>
                </Word>
                <TextEquiv>
                    <Unicode>Prince, dans ſon malheur ne l’abandonnez pas.</Unicode>
                </TextEquiv>
                <TextStyle fontFamily="Times New Roman" fontSize="11.0"/>
            </TextLine>
            <TextLine id="tl_26" primaryLanguage="English" custom="readingOrder {index:1;}">
                <Coords points="590,4888 3316,4888 3316,5094 590,5094"/>
                <Baseline points="590,5040 869,5008 1433,5018 1769,5025 2109,5037 2597,5045 2733,5050 2900,5051 3163,5055 3315,5094"/>
                <Word id="w_w2aab1b1b2c27b3ab1" language="English" custom="readingOrder {index:0;}">
                    <Coords points="590,4892 869,4892 869,5040 590,5040"/>
                    <TextEquiv>
                        <Unicode>Que</Unicode>
                    </TextEquiv>
                    <TextStyle fontFamily="Times New Roman" fontSize="11.0"/>
                </Word>
                <Word id="w_w2aab1b1b2c27b3ab9" language="English" custom="readingOrder {index:1;}">
                    <Coords points="931,4900 1433,4900 1433,5023 931,5023"/>
                    <TextEquiv>
                        <Unicode>l’Orient</Unicode>
                    </TextEquiv>
                    <TextStyle fontFamily="Times New Roman" fontSize="11.0"/>
                </Word>
                <Word id="w_w2aab1b1b2c27b3ac27" language="English" custom="readingOrder {index:2;}">
                    <Coords points="1488,4952 1769,4952 1769,5029 1488,5029"/>
                    <TextEquiv>
                        <Unicode>vous</Unicode>
                    </TextEquiv>
                    <TextStyle fontFamily="Times New Roman" fontSize="11.0"/>
                </Word>
                <Word id="w_w2aab1b1b2c27b3ac37" language="English" custom="readingOrder {index:3;}">
                    <Coords points="1818,4958 2109,4958 2109,5057 1818,5057"/>
                    <TextEquiv>
                        <Unicode>voye</Unicode>
                    </TextEquiv>
                    <TextStyle fontFamily="Times New Roman" fontSize="11.0"/>
                </Word>
                <Word id="w_w2aab1b1b2c27b3ac47" language="English" custom="readingOrder {index:4;}">
                    <Coords points="2164,4926 2597,4926 2597,5046 2164,5046"/>
                    <TextEquiv>
                        <Unicode>arriver</Unicode>
                    </TextEquiv>
                    <TextStyle fontFamily="Times New Roman" fontSize="11.0"/>
                </Word>
                <Word id="w_w2aab1b1b2c27b3ac63" language="English" custom="readingOrder {index:5;}">
                    <Coords points="2666,4933 2733,4933 2733,5050 2666,5050"/>
                    <TextEquiv>
                        <Unicode>à</Unicode>
                    </TextEquiv>
                    <TextStyle fontFamily="Times New Roman" fontSize="11.0"/>
                </Word>
                <Word id="w_w2aab1b1b2c27b3ac67" language="English" custom="readingOrder {index:6;}">
                    <Coords points="2798,4932 2900,4932 2900,5052 2798,5052"/>
                    <TextEquiv>
                        <Unicode>(à</Unicode>
                    </TextEquiv>
                    <TextStyle fontFamily="Times New Roman" fontSize="11.0"/>
                </Word>
                <Word id="w_w2aab1b1b2c27b3ac73" language="English" custom="readingOrder {index:7;}">
                    <Coords points="2968,4937 3223,4937 3223,5094 2968,5094"/>
                    <TextEquiv>
                        <Unicode>fuite</Unicode>
                    </TextEquiv>
                    <TextStyle fontFamily="Times New Roman" fontSize="11.0"/>
                </Word>
                <Word id="w_w2aab1b1b2c27b3b1b1" language="English" custom="readingOrder {index:8;}">
                    <Coords points="3277,5012 3315,5012 3315,5094 3277,5094"/>
                    <TextEquiv>
                        <Unicode>3</Unicode>
                    </TextEquiv>
                    <TextStyle fontFamily="Times New Roman" fontSize="4.5" bold="true"/>
                </Word>
                <TextEquiv>
                    <Unicode>Que l’Orient vous voye arriver à ſa ſuite;</Unicode>
                </TextEquiv>
            </TextLine>
            <TextLine id="tl_27" primaryLanguage="English" custom="readingOrder {index:2;}">
                <Coords points="594,5045 3743,5045 3743,5284 594,5284"/>
                <Baseline points="595,5200 869,5178 1049,5184 1311,5184 1525,5190 2189,5206 2267,5242 2433,5211 2784,5217 3050,5224 3338,5227 3605,5216 3742,5254"/>
                <Word id="w_w2aab1b1b2c27b5ab1" language="English" custom="readingOrder {index:0;}">
                    <Coords points="595,5064 869,5064 869,5200 595,5200"/>
                    <TextEquiv>
                        <Unicode>Que</Unicode>
                    </TextEquiv>
                    <TextStyle fontFamily="Times New Roman" fontSize="11.0"/>
                </Word>
                <Word id="w_w2aab1b1b2c27b5ab9" language="English" custom="readingOrder {index:1;}">
                    <Coords points="925,5107 1049,5107 1049,5185 925,5185"/>
                    <TextEquiv>
                        <Unicode>ce</Unicode>
                    </TextEquiv>
                    <TextStyle fontFamily="Times New Roman" fontSize="11.0"/>
                </Word>
                <Word id="w_w2aab1b1b2c27b5ac15" language="English" custom="readingOrder {index:2;}">
                    <Coords points="1095,5069 1311,5069 1311,5189 1095,5189"/>
                    <TextEquiv>
                        <Unicode>foit</Unicode>
                    </TextEquiv>
                    <TextStyle fontFamily="Times New Roman" fontSize="11.0"/>
                </Word>
                <Word id="w_w2aab1b1b2c27b5ac25" language="English" custom="readingOrder {index:3;}">
                    <Coords points="1377,5117 1525,5117 1525,5193 1377,5193"/>
                    <TextEquiv>
                        <Unicode>un</Unicode>
                    </TextEquiv>
                    <TextStyle fontFamily="Times New Roman" fontSize="11.0"/>
                </Word>
                <Word id="w_w2aab1b1b2c27b5ac31" language="English" custom="readingOrder {index:4;}">
                    <Coords points="1595,5085 2189,5085 2189,5249 1595,5249"/>
                    <TextEquiv>
                        <Unicode>triomphe</Unicode>
                    </TextEquiv>
                    <TextStyle fontFamily="Times New Roman" fontSize="11.0"/>
                </Word>
                <Word id="w_w2aab1b1b2c27b5ac49" language="English" custom="readingOrder {index:5;}">
                    <Coords points="2234,5110 2267,5110 2267,5244 2234,5244"/>
                    <TextEquiv>
                        <Unicode>,</Unicode>
                    </TextEquiv>
                    <TextStyle fontFamily="Times New Roman" fontSize="11.0"/>
                </Word>
                <Word id="w_w2aab1b1b2c27b5b1b1" language="English" custom="readingOrder {index:6;}">
                    <Coords points="2365,5112 2477,5112 2477,5216 2365,5216"/>
                    <TextEquiv>
                        <Unicode>8c</Unicode>
                    </TextEquiv>
                    <TextStyle fontFamily="Times New Roman" fontSize="11.0" italic="true"/>
                </Word>
                <Word id="w_w2aab1b1b2c27b5b2b3" language="English" custom="readingOrder {index:7;}">
                    <Coords points="2543,5138 2784,5138 2784,5217 2543,5217"/>
                    <TextEquiv>
                        <Unicode>non</Unicode>
                    </TextEquiv>
                    <TextStyle fontFamily="Times New Roman" fontSize="11.0"/>
                </Word>
                <Word id="w_w2aab1b1b2c27b5b2c11" language="English" custom="readingOrder {index:8;}">
                    <Coords points="2852,5144 3050,5144 3050,5268 2852,5268"/>
                    <TextEquiv>
                        <Unicode>pas</Unicode>
                    </TextEquiv>
                    <TextStyle fontFamily="Times New Roman" fontSize="11.0"/>
                </Word>
                <Word id="w_w2aab1b1b2c27b5b2c19" language="English" custom="readingOrder {index:9;}">
                    <Coords points="3117,5150 3338,5150 3338,5227 3117,5227"/>
                    <TextEquiv>
                        <Unicode>une</Unicode>
                    </TextEquiv>
                    <TextStyle fontFamily="Times New Roman" fontSize="11.0"/>
                </Word>
                <Word id="w_w2aab1b1b2c27b5b2c27" language="English" custom="readingOrder {index:10;}">
                    <Coords points="3389,5102 3669,5102 3669,5253 3389,5253"/>
                    <TextEquiv>
                        <Unicode>fuite</Unicode>
                    </TextEquiv>
                    <TextStyle fontFamily="Times New Roman" fontSize="11.0"/>
                </Word>
                <Word id="w_w2aab1b1b2c27b5b3b1" language="English" custom="readingOrder {index:11;}">
                    <Coords points="3704,5171 3742,5171 3742,5254 3704,5254"/>
                    <TextEquiv>
                        <Unicode>3</Unicode>
                    </TextEquiv>
                    <TextStyle fontFamily="Times New Roman" fontSize="4.5" bold="true"/>
                </Word>
                <TextEquiv>
                    <Unicode>Que ce ſoit un triomphe, &amp; non pas une fuite;</Unicode>
                </TextEquiv>
            </TextLine>
            <TextLine id="tl_28" primaryLanguage="English" custom="readingOrder {index:3;}">
                <Coords points="595,5222 3276,5222 3276,5436 595,5436"/>
                <Baseline points="595,5386 748,5386 1081,5355 1524,5358 1672,5369 1997,5371 2212,5377 2855,5386 3183,5392 3274,5434"/>
                <Word id="w_w2aab1b1b2c27b7ab1" language="English" custom="readingOrder {index:0;}">
                    <Coords points="595,5234 859,5234 859,5386 595,5386"/>
                    <TextEquiv>
                        <Unicode>Qlt</Unicode>
                    </TextEquiv>
                    <TextStyle fontFamily="Times New Roman" fontSize="11.0"/>
                </Word>
                <Word id="w_w2aab1b1b2c27b7b1b1" language="English" custom="readingOrder {index:1;}">
                    <Coords points="858,5272 1081,5272 1081,5355 858,5355"/>
                    <TextEquiv>
                        <Unicode>une</Unicode>
                    </TextEquiv>
                    <TextStyle fontFamily="Times New Roman" fontSize="11.0"/>
                </Word>
                <Word id="w_w2aab1b1b2c27b7b1b9" language="English" custom="readingOrder {index:2;}">
                    <Coords points="1132,5239 1524,5239 1524,5360 1132,5360"/>
                    <TextEquiv>
                        <Unicode>amitié</Unicode>
                    </TextEquiv>
                    <TextStyle fontFamily="Times New Roman" fontSize="11.0"/>
                </Word>
                <Word id="w_w2aab1b1b2c27b7b1c23" language="English" custom="readingOrder {index:3;}">
                    <Coords points="1592,5247 1672,5247 1672,5369 1592,5369"/>
                    <TextEquiv>
                        <Unicode>fï</Unicode>
                    </TextEquiv>
                    <TextStyle fontFamily="Times New Roman" fontSize="11.0"/>
                </Word>
                <Word id="w_w2aab1b1b2c27b7b1c29" language="English" custom="readingOrder {index:4;}">
                    <Coords points="1716,5250 1997,5250 1997,5371 1716,5371"/>
                    <TextEquiv>
                        <Unicode>belle</Unicode>
                    </TextEquiv>
                    <TextStyle fontFamily="Times New Roman" fontSize="11.0"/>
                </Word>
                <Word id="w_w2aab1b1b2c27b7b1c41" language="English" custom="readingOrder {index:5;}">
                    <Coords points="2044,5263 2212,5263 2212,5377 2044,5377"/>
                    <TextEquiv>
                        <Unicode>ak</Unicode>
                    </TextEquiv>
                    <TextStyle fontFamily="Times New Roman" fontSize="11.0"/>
                </Word>
                <Word id="w_w2aab1b1b2c27b7b1c47" language="English" custom="readingOrder {index:6;}">
                    <Coords points="2266,5260 2855,5260 2855,5387 2266,5387"/>
                    <TextEquiv>
                        <Unicode>d’éternels</Unicode>
                    </TextEquiv>
                    <TextStyle fontFamily="Times New Roman" fontSize="11.0"/>
                </Word>
                <Word id="w_w2aab1b1b2c27b7b1c69" language="English" custom="readingOrder {index:7;}">
                    <Coords points="2906,5282 3183,5282 3183,5396 2906,5396"/>
                    <TextEquiv>
                        <Unicode>liens</Unicode>
                    </TextEquiv>
                    <TextStyle fontFamily="Times New Roman" fontSize="11.0"/>
                </Word>
                <Word id="w_w2aab1b1b2c27b7b1c81" language="English" custom="readingOrder {index:8;}">
                    <Coords points="3241,5379 3274,5379 3274,5434 3241,5434"/>
                    <TextEquiv>
                        <Unicode>,</Unicode>
                    </TextEquiv>
                    <TextStyle fontFamily="Times New Roman" fontSize="11.0"/>
                </Word>
                <TextEquiv>
                    <Unicode>Qu'une amitié ſi belle ait d’éternels liens,</Unicode>
                </TextEquiv>
            </TextLine>
            <TextEquiv>
                <Unicode>Prince, dans ſon malheur ne l’abandonnez pas.
Que l’Orient vous voye arriver à ſa ſuite;
Que ce ſoit un triomphe, &amp; non pas une fuite;
Qu'une amitié ſi belle ait d’éternels liens,</Unicode>
            </TextEquiv>
        </TextRegion>
        <TextRegion type="paragraph" id="r_1_15" custom="readingOrder {index:15;}">
            <Coords points="594,5380 3972,5380 3972,5952 594,5952"/>
            <TextLine id="tl_29" primaryLanguage="English" custom="readingOrder {index:0;}">
                <Coords points="600,5381 3971,5381 3971,5624 600,5624"/>
                <Baseline points="600,5546 882,5515 1216,5525 1552,5535 1822,5536 2370,5550 2706,5555 2998,5561 3260,5561 3918,5545 3966,5570"/>
                <Word id="w_w2aab1b1b2c29b1ab1" language="English" custom="readingOrder {index:0;}">
                    <Coords points="600,5398 882,5398 882,5546 600,5546"/>
                    <TextEquiv>
                        <Unicode>Que</Unicode>
                    </TextEquiv>
                    <TextStyle fontFamily="Times New Roman" fontSize="11.0"/>
                </Word>
                <Word id="w_w2aab1b1b2c29b1ab9" language="English" custom="readingOrder {index:1;}">
                    <Coords points="919,5447 1216,5447 1216,5525 919,5525"/>
                    <TextEquiv>
                        <Unicode>mon</Unicode>
                    </TextEquiv>
                    <TextStyle fontFamily="Times New Roman" fontSize="11.0"/>
                </Word>
                <Word id="w_w2aab1b1b2c29b1ac17" language="English" custom="readingOrder {index:2;}">
                    <Coords points="1265,5452 1552,5452 1552,5535 1265,5535"/>
                    <TextEquiv>
                        <Unicode>nom</Unicode>
                    </TextEquiv>
                    <TextStyle fontFamily="Times New Roman" fontSize="11.0"/>
                </Word>
                <Word id="w_w2aab1b1b2c29b1ac25" language="English" custom="readingOrder {index:3;}">
                    <Coords points="1611,5416 1822,5416 1822,5536 1611,5536"/>
                    <TextEquiv>
                        <Unicode>foit</Unicode>
                    </TextEquiv>
                    <TextStyle fontFamily="Times New Roman" fontSize="11.0"/>
                </Word>
                <Word id="w_w2aab1b1b2c29b1ac35" language="English" custom="readingOrder {index:4;}">
                    <Coords points="1860,5442 2370,5442 2370,5588 1860,5588"/>
                    <TextEquiv>
                        <Unicode>toujours</Unicode>
                    </TextEquiv>
                    <TextStyle fontFamily="Times New Roman" fontSize="11.0"/>
                </Word>
                <Word id="w_w2aab1b1b2c29b1ac53" language="English" custom="readingOrder {index:5;}">
                    <Coords points="2420,5431 2706,5431 2706,5556 2420,5556"/>
                    <TextEquiv>
                        <Unicode>dans</Unicode>
                    </TextEquiv>
                    <TextStyle fontFamily="Times New Roman" fontSize="11.0"/>
                </Word>
                <Word id="w_w2aab1b1b2c29b1ac63" language="English" custom="readingOrder {index:6;}">
                    <Coords points="2748,5480 2998,5480 2998,5561 2748,5561"/>
                    <TextEquiv>
                        <Unicode>tous</Unicode>
                    </TextEquiv>
                    <TextStyle fontFamily="Times New Roman" fontSize="11.0"/>
                </Word>
                <Word id="w_w2aab1b1b2c29b1ac73" language="English" custom="readingOrder {index:7;}">
                    <Coords points="3048,5486 3260,5486 3260,5568 3048,5568"/>
                    <TextEquiv>
                        <Unicode>vos</Unicode>
                    </TextEquiv>
                    <TextStyle fontFamily="Times New Roman" fontSize="11.0"/>
                </Word>
                <Word id="w_w2aab1b1b2c29b1ac81" language="English" custom="readingOrder {index:8;}">
                    <Coords points="3310,5442 3918,5442 3918,5568 3310,5568"/>
                    <TextEquiv>
                        <Unicode>entretiens</Unicode>
                    </TextEquiv>
                    <TextStyle fontFamily="Times New Roman" fontSize="11.0"/>
                </Word>
                <TextEquiv>
                    <Unicode>Que mon nom ſoit toujours dans tous vos entretiens.</Unicode>
                </TextEquiv>
                <TextStyle fontFamily="Times New Roman" fontSize="11.0"/>
            </TextLine>
            <TextLine id="tl_30" primaryLanguage="English" custom="readingOrder {index:1;}">
                <Coords points="595,5562 3786,5562 3786,5790 595,5790"/>
                <Baseline points="596,5679 896,5689 1364,5699 1642,5705 2058,5710 2333,5715 2811,5726 3093,5734 3283,5732 3785,5753"/>
                <Word id="w_w2aab1b1b2c29b3ab1" language="English" custom="readingOrder {index:0;}">
                    <Coords points="596,5568 896,5568 896,5689 596,5689"/>
                    <TextEquiv>
                        <Unicode>Pour</Unicode>
                    </TextEquiv>
                    <TextStyle fontFamily="Times New Roman" fontSize="11.0"/>
                </Word>
                <Word id="w_w2aab1b1b2c29b3ac11" language="English" custom="readingOrder {index:1;}">
                    <Coords points="952,5580 1364,5580 1364,5699 952,5699"/>
                    <TextEquiv>
                        <Unicode>rendre</Unicode>
                    </TextEquiv>
                    <TextStyle fontFamily="Times New Roman" fontSize="11.0"/>
                </Word>
                <Word id="w_w2aab1b1b2c29b3ac25" language="English" custom="readingOrder {index:2;}">
                    <Coords points="1436,5628 1642,5628 1642,5706 1436,5706"/>
                    <TextEquiv>
                        <Unicode>vos</Unicode>
                    </TextEquiv>
                    <TextStyle fontFamily="Times New Roman" fontSize="11.0"/>
                </Word>
                <Word id="w_w2aab1b1b2c29b3ac33" language="English" custom="readingOrder {index:3;}">
                    <Coords points="1708,5586 2058,5586 2058,5711 1708,5711"/>
                    <TextEquiv>
                        <Unicode>Eflats</Unicode>
                    </TextEquiv>
                    <TextStyle fontFamily="Times New Roman" fontSize="11.0"/>
                </Word>
                <Word id="w_w2aab1b1b2c29b3ac47" language="English" custom="readingOrder {index:4;}">
                    <Coords points="2097,5606 2333,5606 2333,5758 2097,5758"/>
                    <TextEquiv>
                        <Unicode>plus</Unicode>
                    </TextEquiv>
                    <TextStyle fontFamily="Times New Roman" fontSize="11.0"/>
                </Word>
                <Word id="w_w2aab1b1b2c29b3ac57" language="English" custom="readingOrder {index:5;}">
                    <Coords points="2398,5606 2811,5606 2811,5727 2398,5727"/>
                    <TextEquiv>
                        <Unicode>voifins</Unicode>
                    </TextEquiv>
                    <TextStyle fontFamily="Times New Roman" fontSize="11.0"/>
                </Word>
                <Word id="w_w2aab1b1b2c29b3ac73" language="English" custom="readingOrder {index:6;}">
                    <Coords points="2856,5617 3093,5617 3093,5735 2856,5735"/>
                    <TextEquiv>
                        <Unicode>l'un</Unicode>
                    </TextEquiv>
                    <TextStyle fontFamily="Times New Roman" fontSize="11.0"/>
                </Word>
                <Word id="w_w2aab1b1b2c29b3ac83" language="English" custom="readingOrder {index:7;}">
                    <Coords points="3142,5617 3283,5617 3283,5733 3142,5733"/>
                    <TextEquiv>
                        <Unicode>de</Unicode>
                    </TextEquiv>
                    <TextStyle fontFamily="Times New Roman" fontSize="11.0"/>
                </Word>
                <Word id="w_w2aab1b1b2c29b3ac89" language="English" custom="readingOrder {index:8;}">
                    <Coords points="3330,5619 3785,5619 3785,5753 3330,5753"/>
                    <TextEquiv>
                        <Unicode>l’autre,</Unicode>
                    </TextEquiv>
                    <TextStyle fontFamily="Times New Roman" fontSize="11.0"/>
                </Word>
                <TextEquiv>
                    <Unicode>Pour rendre vos Eſtats plus voiſins l'un de l’autre,</Unicode>
                </TextEquiv>
                <TextStyle fontFamily="Times New Roman" fontSize="11.0"/>
            </TextLine>
            <TextLine id="tl_31" primaryLanguage="English" custom="readingOrder {index:2;}">
                <Coords points="596,5727 3467,5727 3467,5951 596,5951"/>
                <Baseline points="597,5851 1304,5866 1854,5875 2120,5883 2525,5892 2765,5897 2980,5897 3465,5917"/>
                <Word id="w_w2aab1b1b2c29b5ab1" language="English" custom="readingOrder {index:0;}">
                    <Coords points="597,5736 1304,5736 1304,5903 597,5903"/>
                    <TextEquiv>
                        <Unicode>L’Euphrate</Unicode>
                    </TextEquiv>
                    <TextStyle fontFamily="Times New Roman" fontSize="11.0"/>
                </Word>
                <Word id="w_w2aab1b1b2c29b5ac23" language="English" custom="readingOrder {index:1;}">
                    <Coords points="1361,5751 1854,5751 1854,5875 1361,5875"/>
                    <TextEquiv>
                        <Unicode>bornera</Unicode>
                    </TextEquiv>
                    <TextStyle fontFamily="Times New Roman" fontSize="11.0"/>
                </Word>
                <Word id="w_w2aab1b1b2c29b5ac39" language="English" custom="readingOrder {index:2;}">
                    <Coords points="1921,5761 2120,5761 2120,5883 1921,5883"/>
                    <TextEquiv>
                        <Unicode>fon</Unicode>
                    </TextEquiv>
                    <TextStyle fontFamily="Times New Roman" fontSize="11.0"/>
                </Word>
                <Word id="w_w2aab1b1b2c29b5ac47" language="English" custom="readingOrder {index:3;}">
                    <Coords points="2187,5778 2646,5778 2646,5931 2187,5931"/>
                    <TextEquiv>
                        <Unicode>Empire</Unicode>
                    </TextEquiv>
                    <TextStyle fontFamily="Times New Roman" fontSize="11.0"/>
                </Word>
                <Word id="w_w2aab1b1b2c29b5b1b1" language="English" custom="readingOrder {index:4;}">
                    <Coords points="2697,5793 2812,5793 2812,5898 2697,5898"/>
                    <TextEquiv>
                        <Unicode>8c</Unicode>
                    </TextEquiv>
                    <TextStyle fontFamily="Times New Roman" fontSize="11.0" italic="true"/>
                </Word>
                <Word id="w_w2aab1b1b2c29b5b2b3" language="English" custom="readingOrder {index:5;}">
                    <Coords points="2883,5787 2980,5787 2980,5898 2883,5898"/>
                    <TextEquiv>
                        <Unicode>le</Unicode>
                    </TextEquiv>
                    <TextStyle fontFamily="Times New Roman" fontSize="11.0"/>
                </Word>
                <Word id="w_w2aab1b1b2c29b5b2b9" language="English" custom="readingOrder {index:6;}">
                    <Coords points="3030,5778 3465,5778 3465,5917 3030,5917"/>
                    <TextEquiv>
                        <Unicode>yofire.</Unicode>
                    </TextEquiv>
                    <TextStyle fontFamily="Times New Roman" fontSize="11.0"/>
                </Word>
                <TextEquiv>
                    <Unicode>L’Euphrate bornera ſon Empire &amp; le voſtre.</Unicode>
                </TextEquiv>
            </TextLine>
            <TextEquiv>
                <Unicode>Que mon nom ſoit toujours dans tous vos entretiens.
Pour rendre vos Eſtats plus voiſins l'un de l’autre,
L’Euphrate bornera ſon Empire &amp; le voſtre.</Unicode>
            </TextEquiv>
        </TextRegion>
        <TextRegion type="paragraph" id="r_1_16" custom="readingOrder {index:16;}">
            <Coords points="592,5901 3517,5901 3517,6129 592,6129"/>
            <TextLine id="tl_32" primaryLanguage="English" custom="readingOrder {index:0;}">
                <Coords points="593,5902 3516,5902 3516,6128 593,6128"/>
                <Baseline points="593,6063 731,6020 1023,6078 1285,6036 1429,6041 1823,6046 2141,6056 2477,6061 2663,6063 3095,6072 3439,6075 3514,6092"/>
                <Word id="w_w2aab1b1b2c31b1ab1" language="English" custom="readingOrder {index:0;}">
                    <Coords points="593,5910 731,5910 731,6063 593,6063"/>
                    <TextEquiv>
                        <Unicode>Je</Unicode>
                    </TextEquiv>
                    <TextStyle fontFamily="Times New Roman" fontSize="11.0"/>
                </Word>
                <Word id="w_w2aab1b1b2c31b1ab7" language="English" custom="readingOrder {index:1;}">
                    <Coords points="792,5911 1023,5911 1023,6078 792,6078"/>
                    <TextEquiv>
                        <Unicode>fçay</Unicode>
                    </TextEquiv>
                    <TextStyle fontFamily="Times New Roman" fontSize="11.0"/>
                </Word>
                <Word id="w_w2aab1b1b2c31b1ac17" language="English" custom="readingOrder {index:2;}">
                    <Coords points="1069,5957 1285,5957 1285,6082 1069,6082"/>
                    <TextEquiv>
                        <Unicode>que</Unicode>
                    </TextEquiv>
                    <TextStyle fontFamily="Times New Roman" fontSize="11.0"/>
                </Word>
                <Word id="w_w2aab1b1b2c31b1ac25" language="English" custom="readingOrder {index:3;}">
                    <Coords points="1330,5921 1429,5921 1429,6041 1330,6041"/>
                    <TextEquiv>
                        <Unicode>le</Unicode>
                    </TextEquiv>
                    <TextStyle fontFamily="Times New Roman" fontSize="11.0"/>
                </Word>
                <Word id="w_w2aab1b1b2c31b1ac31" language="English" custom="readingOrder {index:4;}">
                    <Coords points="1463,5931 1823,5931 1823,6047 1463,6047"/>
                    <TextEquiv>
                        <Unicode>Sénat</Unicode>
                    </TextEquiv>
                    <TextStyle fontFamily="Times New Roman" fontSize="11.0"/>
                </Word>
                <Word id="w_w2aab1b1b2c31b1ac43" language="English" custom="readingOrder {index:5;}">
                    <Coords points="1897,5971 2141,5971 2141,6056 1897,6056"/>
                    <TextEquiv>
                        <Unicode>tout</Unicode>
                    </TextEquiv>
                    <TextStyle fontFamily="Times New Roman" fontSize="11.0"/>
                </Word>
                <Word id="w_w2aab1b1b2c31b1ac53" language="English" custom="readingOrder {index:6;}">
                    <Coords points="2173,5942 2477,5942 2477,6094 2173,6094"/>
                    <TextEquiv>
                        <Unicode>plein</Unicode>
                    </TextEquiv>
                    <TextStyle fontFamily="Times New Roman" fontSize="11.0"/>
                </Word>
                <Word id="w_w2aab1b1b2c31b1ac65" language="English" custom="readingOrder {index:7;}">
                    <Coords points="2527,5942 2663,5942 2663,6063 2527,6063"/>
                    <TextEquiv>
                        <Unicode>de</Unicode>
                    </TextEquiv>
                    <TextStyle fontFamily="Times New Roman" fontSize="11.0"/>
                </Word>
                <Word id="w_w2aab1b1b2c31b1ac71" language="English" custom="readingOrder {index:8;}">
                    <Coords points="2711,5947 3095,5947 3095,6072 2711,6072"/>
                    <TextEquiv>
                        <Unicode>voflre</Unicode>
                    </TextEquiv>
                    <TextStyle fontFamily="Times New Roman" fontSize="11.0"/>
                </Word>
                <Word id="w_w2aab1b1b2c31b1ac85" language="English" custom="readingOrder {index:9;}">
                    <Coords points="3143,5988 3439,5988 3439,6075 3143,6075"/>
                    <TextEquiv>
                        <Unicode>nom</Unicode>
                    </TextEquiv>
                    <TextStyle fontFamily="Times New Roman" fontSize="11.0"/>
                </Word>
                <Word id="w_w2aab1b1b2c31b1ac93" language="English" custom="readingOrder {index:10;}">
                    <Coords points="3485,6038 3514,6038 3514,6092 3485,6092"/>
                    <TextEquiv>
                        <Unicode>»</Unicode>
                    </TextEquiv>
                    <TextStyle fontFamily="Times New Roman" fontSize="11.0"/>
                </Word>
                <TextEquiv>
                    <Unicode>Je ſçay que le Senat tout plein de voſtre nom,</Unicode>
                </TextEquiv>
                <TextStyle fontFamily="Times New Roman" fontSize="11.0"/>
            </TextLine>
            <TextEquiv>
                <Unicode>Je ſçay que le Senat tout plein de voſtre nom,</Unicode>
            </TextEquiv>
        </TextRegion>
        <TextRegion type="paragraph" id="r_1_17" custom="readingOrder {index:17;}">
            <Coords points="594,6068 3264,6068 3264,6249 594,6249"/>
            <TextLine id="tl_33" primaryLanguage="English" custom="readingOrder {index:0;}">
                <Coords points="595,6069 3263,6069 3263,6248 595,6248"/>
                <Baseline points="595,6190 982,6201 1668,6209 2000,6217 2737,6232 2944,6238 3261,6242"/>
                <Word id="w_w2aab1b1b2c33b1ab1" language="English" custom="readingOrder {index:0;}">
                    <Coords points="595,6076 982,6076 982,6201 595,6201"/>
                    <TextEquiv>
                        <Unicode>D’une</Unicode>
                    </TextEquiv>
                    <TextStyle fontFamily="Times New Roman" fontSize="11.0"/>
                </Word>
                <Word id="w_w2aab1b1b2c33b1ac13" language="English" custom="readingOrder {index:1;}">
                    <Coords points="1031,6128 1668,6128 1668,6211 1031,6211"/>
                    <TextEquiv>
                        <Unicode>commune</Unicode>
                    </TextEquiv>
                    <TextStyle fontFamily="Times New Roman" fontSize="11.0"/>
                </Word>
                <Word id="w_w2aab1b1b2c33b1ac29" language="English" custom="readingOrder {index:2;}">
                    <Coords points="1733,6105 2000,6105 2000,6219 1733,6219"/>
                    <TextEquiv>
                        <Unicode>voix</Unicode>
                    </TextEquiv>
                    <TextStyle fontFamily="Times New Roman" fontSize="11.0"/>
                </Word>
                <Word id="w_w2aab1b1b2c33b1ac39" language="English" custom="readingOrder {index:3;}">
                    <Coords points="2041,6102 2737,6102 2737,6233 2041,6233"/>
                    <TextEquiv>
                        <Unicode>confirmera</Unicode>
                    </TextEquiv>
                    <TextStyle fontFamily="Times New Roman" fontSize="11.0"/>
                </Word>
                <Word id="w_w2aab1b1b2c33b1ac61" language="English" custom="readingOrder {index:4;}">
                    <Coords points="2787,6155 2944,6155 2944,6238 2787,6238"/>
                    <TextEquiv>
                        <Unicode>ce</Unicode>
                    </TextEquiv>
                    <TextStyle fontFamily="Times New Roman" fontSize="11.0"/>
                </Word>
                <Word id="w_w2aab1b1b2c33b1ac67" language="English" custom="readingOrder {index:5;}">
                    <Coords points="2973,6117 3261,6117 3261,6243 2973,6243"/>
                    <TextEquiv>
                        <Unicode>don.</Unicode>
                    </TextEquiv>
                    <TextStyle fontFamily="Times New Roman" fontSize="11.0"/>
                </Word>
                <TextEquiv>
                    <Unicode>D’une commune voix confirmera ce don.</Unicode>
                </TextEquiv>
                <TextStyle fontFamily="Times New Roman" fontSize="11.0"/>
            </TextLine>
            <TextEquiv>
                <Unicode>D’une commune voix confirmera ce don.</Unicode>
            </TextEquiv>
        </TextRegion>
        <TextRegion type="paragraph" id="r_1_18" custom="readingOrder {index:18;}">
            <Coords points="590,6233 3081,6233 3081,6452 590,6452"/>
            <TextLine id="tl_34" primaryLanguage="English" custom="readingOrder {index:0;}">
                <Coords points="591,6234 3080,6234 3080,6451 591,6451"/>
                <Baseline points="591,6398 732,6354 1097,6375 1263,6375 1715,6382 1834,6385 2289,6390 3078,6430"/>
                <Word id="w_w2aab1b1b2c35b1ab1" language="English" custom="readingOrder {index:0;}">
                    <Coords points="591,6234 732,6234 732,6398 591,6398"/>
                    <TextEquiv>
                        <Unicode>]e</Unicode>
                    </TextEquiv>
                    <TextStyle fontFamily="Times New Roman" fontSize="11.0"/>
                </Word>
                <Word id="w_w2aab1b1b2c35b1ab7" language="English" custom="readingOrder {index:1;}">
                    <Coords points="777,6256 1097,6256 1097,6402 777,6402"/>
                    <TextEquiv>
                        <Unicode>joins</Unicode>
                    </TextEquiv>
                    <TextStyle fontFamily="Times New Roman" fontSize="11.0"/>
                </Word>
                <Word id="w_w2aab1b1b2c35b1ac19" language="English" custom="readingOrder {index:2;}">
                    <Coords points="1154,6262 1263,6262 1263,6375 1154,6375"/>
                    <TextEquiv>
                        <Unicode>la</Unicode>
                    </TextEquiv>
                    <TextStyle fontFamily="Times New Roman" fontSize="11.0"/>
                </Word>
                <Word id="w_w2aab1b1b2c35b1ac25" language="English" custom="readingOrder {index:3;}">
                    <Coords points="1324,6266 1715,6266 1715,6382 1324,6382"/>
                    <TextEquiv>
                        <Unicode>Cilicie</Unicode>
                    </TextEquiv>
                    <TextStyle fontFamily="Times New Roman" fontSize="11.0"/>
                </Word>
                <Word id="w_w2aab1b1b2c35b1ac41" language="English" custom="readingOrder {index:4;}">
                    <Coords points="1766,6267 1834,6267 1834,6385 1766,6385"/>
                    <TextEquiv>
                        <Unicode>à</Unicode>
                    </TextEquiv>
                    <TextStyle fontFamily="Times New Roman" fontSize="11.0"/>
                </Word>
                <Word id="w_w2aab1b1b2c35b1ac45" language="English" custom="readingOrder {index:5;}">
                    <Coords points="1914,6271 2289,6271 2289,6391 1914,6391"/>
                    <TextEquiv>
                        <Unicode>voflre</Unicode>
                    </TextEquiv>
                    <TextStyle fontFamily="Times New Roman" fontSize="11.0"/>
                </Word>
                <Word id="w_w2aab1b1b2c35b1ac59" language="English" custom="readingOrder {index:6;}">
                    <Coords points="2346,6292 3078,6292 3078,6446 2346,6446"/>
                    <TextEquiv>
                        <Unicode>Comagene,</Unicode>
                    </TextEquiv>
                    <TextStyle fontFamily="Times New Roman" fontSize="11.0"/>
                </Word>
                <TextEquiv>
                    <Unicode>Je joins la Cilicie à voſtre Comagene.</Unicode>
                </TextEquiv>
                <TextStyle fontFamily="Times New Roman" fontSize="11.0"/>
            </TextLine>
            <TextEquiv>
                <Unicode>Je joins la Cilicie à voſtre Comagene.</Unicode>
            </TextEquiv>
        </TextRegion>
        <TextRegion type="paragraph" id="r_1_19" custom="readingOrder {index:19;}">
            <Coords points="593,6403 3814,6403 3814,6808 593,6808"/>
            <TextLine id="tl_35" primaryLanguage="English" custom="readingOrder {index:0;}">
                <Coords points="596,6404 3813,6404 3813,6647 596,6647"/>
                <Baseline points="597,6531 966,6541 1049,6576 1278,6552 1720,6546 2104,6557 2344,6562 2950,6572 3025,6608 3280,6580 3811,6599"/>
                <Word id="w_w2aab1b1b2c37b1ab1" language="English" custom="readingOrder {index:0;}">
                    <Coords points="597,6416 966,6416 966,6541 597,6541"/>
                    <TextEquiv>
                        <Unicode>Adieu</Unicode>
                    </TextEquiv>
                    <TextStyle fontFamily="Times New Roman" fontSize="11.0"/>
                </Word>
                <Word id="w_w2aab1b1b2c37b1ac13" language="English" custom="readingOrder {index:1;}">
                    <Coords points="1020,6522 1049,6522 1049,6576 1020,6576"/>
                    <TextEquiv>
                        <Unicode>,</Unicode>
                    </TextEquiv>
                    <TextStyle fontFamily="Times New Roman" fontSize="11.0"/>
                </Word>
                <Word id="w_w2aab1b1b2c37b1ac17" language="English" custom="readingOrder {index:2;}">
                    <Coords points="1133,6468 1278,6468 1278,6552 1133,6552"/>
                    <TextEquiv>
                        <Unicode>ne</Unicode>
                    </TextEquiv>
                    <TextStyle fontFamily="Times New Roman" fontSize="11.0"/>
                </Word>
                <Word id="w_w2aab1b1b2c37b1ac23" language="English" custom="readingOrder {index:3;}">
                    <Coords points="1308,6437 1720,6437 1720,6600 1308,6600"/>
                    <TextEquiv>
                        <Unicode>quittez</Unicode>
                    </TextEquiv>
                    <TextStyle fontFamily="Times New Roman" fontSize="11.0"/>
                </Word>
                <Word id="w_w2aab1b1b2c37b1ac39" language="English" custom="readingOrder {index:4;}">
                    <Coords points="1770,6444 2104,6444 2104,6595 1770,6595"/>
                    <TextEquiv>
                        <Unicode>point</Unicode>
                    </TextEquiv>
                    <TextStyle fontFamily="Times New Roman" fontSize="11.0"/>
                </Word>
                <Word id="w_w2aab1b1b2c37b1ac51" language="English" custom="readingOrder {index:5;}">
                    <Coords points="2148,6486 2344,6486 2344,6564 2148,6564"/>
                    <TextEquiv>
                        <Unicode>ma</Unicode>
                    </TextEquiv>
                    <TextStyle fontFamily="Times New Roman" fontSize="11.0"/>
                </Word>
                <Word id="w_w2aab1b1b2c37b1ac57" language="English" custom="readingOrder {index:6;}">
                    <Coords points="2402,6448 2950,6448 2950,6572 2402,6572"/>
                    <TextEquiv>
                        <Unicode>Princeffe</Unicode>
                    </TextEquiv>
                    <TextStyle fontFamily="Times New Roman" fontSize="11.0"/>
                </Word>
                <Word id="w_w2aab1b1b2c37b1ac77" language="English" custom="readingOrder {index:7;}">
                    <Coords points="2994,6553 3025,6553 3025,6608 2994,6608"/>
                    <TextEquiv>
                        <Unicode>,</Unicode>
                    </TextEquiv>
                    <TextStyle fontFamily="Times New Roman" fontSize="11.0"/>
                </Word>
                <Word id="w_w2aab1b1b2c37b1ac81" language="English" custom="readingOrder {index:8;}">
                    <Coords points="3072,6501 3280,6501 3280,6581 3072,6581"/>
                    <TextEquiv>
                        <Unicode>ma</Unicode>
                    </TextEquiv>
                    <TextStyle fontFamily="Times New Roman" fontSize="11.0"/>
                </Word>
                <Word id="w_w2aab1b1b2c37b1ac87" language="English" custom="readingOrder {index:9;}">
                    <Coords points="3340,6473 3811,6473 3811,6620 3340,6620"/>
                    <TextEquiv>
                        <Unicode>Reyne,</Unicode>
                    </TextEquiv>
                    <TextStyle fontFamily="Times New Roman" fontSize="11.0"/>
                </Word>
                <TextEquiv>
                    <Unicode>Adieu, ne quittez point ma Princeſſe, ma Reyne,</Unicode>
                </TextEquiv>
                <TextStyle fontFamily="Times New Roman" fontSize="11.0"/>
            </TextLine>
            <TextLine id="tl_36" primaryLanguage="English" custom="readingOrder {index:1;}">
                <Coords points="594,6576 3431,6576 3431,6807 594,6807"/>
                <Baseline points="596,6691 911,6706 1089,6715 1333,6721 1865,6722 2242,6732 2461,6733 3003,6748 3429,6781"/>
                <Word id="w_w2aab1b1b2c37b3ab1" language="English" custom="readingOrder {index:0;}">
                    <Coords points="596,6576 911,6576 911,6706 596,6706"/>
                    <TextEquiv>
                        <Unicode>Tout</Unicode>
                    </TextEquiv>
                    <TextStyle fontFamily="Times New Roman" fontSize="11.0"/>
                </Word>
                <Word id="w_w2aab1b1b2c37b3ac11" language="English" custom="readingOrder {index:1;}">
                    <Coords points="963,6638 1089,6638 1089,6716 963,6716"/>
                    <TextEquiv>
                        <Unicode>ce</Unicode>
                    </TextEquiv>
                    <TextStyle fontFamily="Times New Roman" fontSize="11.0"/>
                </Word>
                <Word id="w_w2aab1b1b2c37b3ac17" language="English" custom="readingOrder {index:2;}">
                    <Coords points="1132,6602 1333,6602 1333,6763 1132,6763"/>
                    <TextEquiv>
                        <Unicode>qui</Unicode>
                    </TextEquiv>
                    <TextStyle fontFamily="Times New Roman" fontSize="11.0"/>
                </Word>
                <Word id="w_w2aab1b1b2c37b3ac25" language="English" custom="readingOrder {index:3;}">
                    <Coords points="1395,6602 1865,6602 1865,6722 1395,6722"/>
                    <TextEquiv>
                        <Unicode>démon</Unicode>
                    </TextEquiv>
                    <TextStyle fontFamily="Times New Roman" fontSize="11.0"/>
                </Word>
                <Word id="w_w2aab1b1b2c37b3ac37" language="English" custom="readingOrder {index:4;}">
                    <Coords points="1907,6645 2242,6645 2242,6733 1907,6733"/>
                    <TextEquiv>
                        <Unicode>cœur</Unicode>
                    </TextEquiv>
                    <TextStyle fontFamily="Times New Roman" fontSize="11.0"/>
                </Word>
                <Word id="w_w2aab1b1b2c37b3ac47" language="English" custom="readingOrder {index:5;}">
                    <Coords points="2293,6613 2461,6613 2461,6733 2293,6733"/>
                    <TextEquiv>
                        <Unicode>fut</Unicode>
                    </TextEquiv>
                    <TextStyle fontFamily="Times New Roman" fontSize="11.0"/>
                </Word>
                <Word id="w_w2aab1b1b2c37b3ac55" language="English" custom="readingOrder {index:6;}">
                    <Coords points="2509,6624 3003,6624 3003,6789 2509,6789"/>
                    <TextEquiv>
                        <Unicode>Tunique</Unicode>
                    </TextEquiv>
                    <TextStyle fontFamily="Times New Roman" fontSize="11.0"/>
                </Word>
                <Word id="w_w2aab1b1b2c37b3ac71" language="English" custom="readingOrder {index:7;}">
                    <Coords points="3069,6630 3429,6630 3429,6781 3069,6781"/>
                    <TextEquiv>
                        <Unicode>defîr,</Unicode>
                    </TextEquiv>
                    <TextStyle fontFamily="Times New Roman" fontSize="11.0"/>
                </Word>
                <TextEquiv>
                    <Unicode>Tout ce qui de mon cœur fut l'unique deſir,</Unicode>
                </TextEquiv>
                <TextStyle fontFamily="Times New Roman" fontSize="11.0"/>
            </TextLine>
            <TextEquiv>
                <Unicode>Adieu, ne quittez point ma Princeſſe, ma Reyne,
Tout ce qui de mon cœur fut l'unique deſir,</Unicode>
            </TextEquiv>
        </TextRegion>
        <TextRegion type="paragraph" id="r_1_20" custom="readingOrder {index:20;}">
            <Coords points="587,6737 3564,6737 3564,6982 587,6982"/>
            <TextLine id="tl_37" primaryLanguage="English" custom="readingOrder {index:0;}">
                <Coords points="588,6738 3563,6738 3563,6981 588,6981"/>
                <Baseline points="589,6865 907,6881 1086,6891 1364,6891 2012,6945 2572,6917 3092,6922 3561,6940"/>
                <Word id="w_w2aab1b1b2c39b1ab1" language="English" custom="readingOrder {index:0;}">
                    <Coords points="589,6738 907,6738 907,6881 589,6881"/>
                    <TextEquiv>
                        <Unicode>Tout</Unicode>
                    </TextEquiv>
                    <TextStyle fontFamily="Times New Roman" fontSize="12.0"/>
                </Word>
                <Word id="w_w2aab1b1b2c39b1ac11" language="English" custom="readingOrder {index:1;}">
                    <Coords points="963,6805 1086,6805 1086,6891 963,6891"/>
                    <TextEquiv>
                        <Unicode>ce</Unicode>
                    </TextEquiv>
                    <TextStyle fontFamily="Times New Roman" fontSize="12.0"/>
                </Word>
                <Word id="w_w2aab1b1b2c39b1ac17" language="English" custom="readingOrder {index:2;}">
                    <Coords points="1142,6804 1364,6804 1364,6934 1142,6934"/>
                    <TextEquiv>
                        <Unicode>que</Unicode>
                    </TextEquiv>
                    <TextStyle fontFamily="Times New Roman" fontSize="12.0"/>
                </Word>
                <Word id="w_w2aab1b1b2c39b1ac25" language="English" custom="readingOrder {index:3;}">
                    <Coords points="1436,6778 2012,6778 2012,6945 1436,6945"/>
                    <TextEquiv>
                        <Unicode>j'rimeray</Unicode>
                    </TextEquiv>
                    <TextStyle fontFamily="Times New Roman" fontSize="12.0"/>
                </Word>
                <Word id="w_w2aab1b1b2c39b1ac45" language="English" custom="readingOrder {index:4;}">
                    <Coords points="2080,6777 2572,6777 2572,6951 2080,6951"/>
                    <TextEquiv>
                        <Unicode>jufqu’au</Unicode>
                    </TextEquiv>
                    <TextStyle fontFamily="Times New Roman" fontSize="12.0"/>
                </Word>
                <Word id="w_w2aab1b1b2c39b1ac63" language="English" custom="readingOrder {index:5;}">
                    <Coords points="2655,6789 3092,6789 3092,6928 2655,6928"/>
                    <TextEquiv>
                        <Unicode>dernier</Unicode>
                    </TextEquiv>
                    <TextStyle fontFamily="Times New Roman" fontSize="12.0"/>
                </Word>
                <Word id="w_w2aab1b1b2c39b1ac79" language="English" custom="readingOrder {index:6;}">
                    <Coords points="3155,6798 3561,6798 3561,6971 3155,6971"/>
                    <TextEquiv>
                        <Unicode>fbupir.</Unicode>
                    </TextEquiv>
                    <TextStyle fontFamily="Times New Roman" fontSize="12.0"/>
                </Word>
                <TextEquiv>
                    <Unicode>Tout ce que j'aimeray juſqu’au dernier ſoupir.</Unicode>
                </TextEquiv>
                <TextStyle fontFamily="Times New Roman" fontSize="12.0"/>
            </TextLine>
            <TextEquiv>
                <Unicode>Tout ce que j'aimeray juſqu’au dernier ſoupir.</Unicode>
            </TextEquiv>
        </TextRegion>
        <SeparatorRegion id="r_2" custom="readingOrder {index:21;}">
            <Coords points="1614,86 2978,86 2978,113 1614,113"/>
        </SeparatorRegion>
    </Page>
</PcGts>
