4267 8061
665 636 725 720 %
749 592 837 725 s
1741 546 3009 700 BERENICE.

662 782 1214 898 L’Orient
1260 766 1702 935 prefque
1742 777 2096 889 entier
2132 814 2268 894 va
2300 772 2684 894 fléchir
2730 776 2966 899 fous
3002 771 3098 893 fi
3134 777 3366 935 loy,

668 951 982 1067 Vous
1030 952 1130 1066 la
1197 946 1722 1104 plaignez
1764 961 1802 1057 ?

2021 1107 2667 1230 TITUS

1695 1269 2159 1434 Paulin,
2247 1312 2605 1434 quon
2661 1307 2935 1392 vous
2987 1265 3285 1387 îaifle
3355 1296 3623 1386 avec
3659 1298 3991 1424 moy*

1543 1726 2664 1915 SCENE
2839 1728 3111 1908 II.

1283 2070 2139 2251 TITUS,
2295 2075 3267 2228 PAULIN.

1958 2303 2638 2435 TITUS.

620 2469 963 2754 H
1055 2472 1179 2584 E'
1245 2462 1507 2611 bien
1547 2467 1587 2611 -
1659 2467 1801 2589 de
1847 2503 2101 2587 mes
2167 2472 2641 2596 defleins
2681 2472 3065 2594 Rome
3129 2509 3549 2600 encore
3583 2478 3969 2616 incer¬

1333 2634 1629 2750 taine

661 2792 1087 2915 Attend
1157 2834 1377 2962 que
1443 2793 2049 2919 deviendra
2101 2801 2211 2920 le
2259 2792 2625 2920 deftin
2687 2798 2831 2924 de
2877 2809 2983 2925 la
3035 2809 3433 2961 Reyne
3469 2814 3517 2962 ^

660 2962 1124 3108 Paulin,
1166 2980 1277 3082 &
1344 2966 1499 3083 les
1558 2961 1929 3077 fecrets
1968 2965 2107 3083 de
2158 2966 2359 3082 fon
2410 2998 2747 3082 cœur
2782 2980 2899 3083 &
2960 2965 3109 3087 du
3138 2981 3471 3088 .mien

656 3133 962 3249 Sont
1018 3128 1162 3244 de
1224 3164 1466 3244 tout
1510 3129 2064 3251 l’Univers
2114 3127 2610 3250 devenus
2662 3138 3324 3255 l’entretien.

660 3298 1030 3450 Voicy
1086 3296 1188 3408 le
1234 3328 1602 3455 temps
1654 3285 1964 3413 enfin
2032 3302 2294 3459 qu'il
2368 3292 2600 3418 faut
2662 3338 2878 3460 que
2950 3313 3056 3455 je
3102 3302 3836 3466 m’expliquai

656 3459 852 3576 De
898 3458 994 3570 la
1034 3464 1418 3612 Reyne
1464 3474 1572 3577 &
1616 3459 1754 3575 de
1786 3495 2064 3617 moy
2104 3499 2322 3624 que
2368 3464 2536 3586 dit
2584 3470 2694 3586 la
2734 3469 2992 3591 voix
3044 3465 3564 3627 publique
3612 3492 3654 3586 ?

651 3625 1087 3764 Parlez,
1155 3626 2316 3786 Qu’entendez-vous
2347 3654 2400 3754 ?

1959 3795 2757 3932 PAULIN,

2241 3964 2751 4122 J’entens
2787 3958 2929 4075 de
2971 3995 3219 4079 tous
3265 3952 3655 4080 colles

651 4121 1083 4248 Publier
1129 4156 1335 4242 vos
1385 4153 1749 4246 vertus
1817 4209 1855 4273 ,
1921 4125 2557 4284 Seigneur,
2615 4140 2731 4246 8c
2797 4125 2947 4247 fis
3019 4131 3513 4262 beautez,

2026 4294 2688 4426 TITUS.

646 4457 926 4609 Que
986 4440 1372 4568 dit-on
1444 4450 1638 4573 des
1680 4451 2096 4609 foupirs
2142 4498 2362 4620 que
2398 4468 2520 4610 je
2578 4457 3276 4615 pouflèpour
3328 4465 3528 4584 elle
3564 4484 3612 4584 ?

646 4618 968 4771 Quel
1002 4614 1356 4740 fuccés
1412 4619 2028 4741 attend-on
2094 4623 2368 4742 d’un
2404 4666 2814 4747 amour
2850 4625 2932 4751 fi
2966 4619 3328 4745 fidelle
3364 4655 3408 4749 ?

1944 4791 2730 4914 PAULIN.

651 4965 962 5077 Vous
1029 4990 1466 5114 pouvez
1527 4981 1817 5087 tout.
1925 4955 2409 5102 Aimez,
2451 4954 2794 5076 cdfez
2843 4949 3244 5077 d’efire
3285 4986 3953 5108 amoureux;

651 5127 809 5245 La
903 5128 1213 5240 Cour
1291 5118 1513 5240 fera
1553 5123 2069 5281 toüjours
2105 5123 2251 5234 du
2309 5160 2621 5286 party
2671 5122 2809 5245 de
2843 5165 3049 5249 vos
3087 5159 3497 5260 vœux,

1895 5290 2559 5422 TITUS.

647 5459 793 5575 Lt
851 5464 967 5616 je
1019 5458 1225 5612 l’ay
1287 5459 1581 5569 veuë
1633 5447 1891 5565 aufîi
1931 5489 2205 5570 cette
2251 5464 2563 5574 Cour
2635 5490 2847 5612 peu
2907 5453 3323 5571 fincere
3373 5547 3409 5601 ,

646 5631 759 5741 A
814 5621 973 5738 fes
1030 5610 1555 5742 Maiftres
1612 5631 2127 5779 toujours
2166 5658 2427 5780 trop
2488 5615 3229 5784 fcigneufede
3280 5610 3639 5775 plaire
3663 5703 3711 5770 l

646 5795 894 5906 Des
956 5790 1350 5906 crimes
1392 5784 1534 5901 de
1580 5783 1990 5905 Néron
2026 5825 2658 5948 approuver
2718 5794 2872 5905 les
2928 5783 3450 5938 horreurs
3484 5880 3528 5938 %

640 5963 788 6119 Je
850 5958 1056 6116 Pay
1108 5966 1386 6078 veuë
1434 5946 1502 6063 à
1544 5993 2002 6117 genoux
2058 5948 2636 6074 conficrer
2704 5946 2852 6069 fes
2918 5947 3382 6073 fureurs.

646 6135 794 6279 Je
840 6162 984 6238 ne
1044 6156 1372 6278 prens
1422 6125 1744 6279 point
1806 6161 2096 6283 pour
2120 6135 2416 6288 Juge
2452 6162 2672 6242 une
2714 6124 3030 6237 Cour
3070 6115 3554 6241 idolâtre
3574 6178 3618 6268 $

655 6288 1087 6430 Paulin,
1201 6298 1339 6452 Je
1375 6329 1569 6421 me
1617 6283 2091 6457 propofe
2153 6330 2305 6414 un
2347 6292 2579 6456 plus
2623 6293 2997 6447 ample
3029 6277 3575 6440 Théâtre;

3653 6447 3809 6572 Et
