4267 7934
1364 547 2657 720 TRAGEDIE.
3482 542 3687 683 rB

316 861 689 974 Rome
728 862 1005 958 vous
1054 831 1274 972 vit,
1328 822 1949 957 Madame,
1998 811 2425 931 arriver
2478 843 2761 922 avec,
2803 801 3023 958 luy*

318 1022 648 1132 Dans
696 1002 1196 1123 l'Orient
1228 991 1568 1108 defert
1642 988 1898 1150 quel
1942 980 2334 1097 devint
2374 1012 2661 1088 mon
2722 1006 3098 1122 ennuy
3146 988 3176 1086 !

321 1183 450 1314 ]e
517 1174 1115 1319 demeuray
1183 1162 1846 1320 longtemps
1911 1174 2290 1258 errant
2340 1136 2622 1253 dans
2712 1121 3246 1272 Céfirée,

313 1343 653 1454 Lieux
708 1328 1305 1448 charmans
1348 1410 1381 1462 ,
1436 1359 1593 1433 ou
1638 1352 1929 1428 mon
1967 1338 2287 1418 cœur
2323 1338 2594 1417 vous
2629 1338 2692 1407 a
2703 1303 2930 1412 voit
2985 1282 3447 1412 adorée»

314 1497 451 1654 Je
512 1534 787 1619 vous
832 1483 1639 1608 redemandais
1693 1476 1757 1589 à
1830 1513 2041 1589 vos
2096 1461 2449 1582 triftes
2525 1455 2941 1602 Eftats,

314 1669 452 1818 Je
481 1658 742 1780 cher
749 1657 1062 1774 chois
1099 1693 1242 1763 en
1275 1648 1788 1800 pleurant
1838 1638 1992 1752 les
2040 1663 2384 1748 traces
2432 1627 2570 1738 de
2602 1658 2807 1739 vos
2860 1658 3106 1775 pas»

325 1824 636 1944 Mais
697 1813 1008 1938 enfin
1069 1798 1902 1930 fuccombantà
1967 1838 2160 1909 ma
2237 1787 2920 1909 mélancolie
2950 1871 2994 1918 ,

329 1998 637 2110 Mon
695 1977 1247 2134 defèfpoir
1318 2005 1727 2089 tourna
1766 1994 2001 2080 mes
2055 1994 2255 2109 pas
2314 1989 2555 2073 vers
2607 1946 3035 2063 l’Italie.

350 2153 493 2265 Le
536 2158 809 2269 Sort
878 2149 1108 2301 m'y
1162 2132 1437 2254 refèr
1456 2134 1695 2250 voit
1750 2134 1851 2240 le
1895 2123 2337 2239 dernier
2391 2113 2529 2228 de
2571 2103 2719 2223 Tes
2778 2138 3157 2259 coups*

330 2314 648 2430 Titus
713 2349 858 2425 en
909 2293 1750 2425 m’embrafiant
1803 2293 2368 2403 m'amena
2438 2278 2858 2389 devant
2915 2304 3252 2394 vous.

337 2474 538 2590 Un
609 2478 900 2590 voile
965 2455 1464 2584 d’amitié
1535 2489 1806 2574 vous
1871 2478 2320 2596 trompa
2370 2444 2600 2555 l'un
2685 2448 2792 2550 &
2840 2433 3210 2549 l’autre
3265 2484 3304 2569 z

361 2645 495 2750 Et
548 2671 833 2751 mon
888 2665 1293 2746 amour
1373 2624 1753 2740 devint
1777 2619 1877 2729 le
1932 2603 2519 2729 confident
2571 2598 2719 2714 du
2754 2593 3179 2725 voftre.

346 2800 657 2916 Mais
728 2810 1241 2951 toujours
1286 2790 1747 2947 quelque
1788 2774 2135 2930 efpoir
2178 2774 2849 2885 flattoit-mes
2891 2738 3493 2914 déplaîfirs»

346 2968 797 3106 Rome,
836 2950 1416 3111 Vefpafien
1462 3042 1496 3095 ,
1539 2939 2270 3061 traverfoient
2319 2970 2528 3056 vos
2578 2925 3050 3080 foûpirs.

355 3135 704 3272 Apres
781 3152 1020 3237 tant
1059 3120 1200 3237 de
1281 3110 1794 3231 combats
1835 3105 2156 3225 Titus
2205 3094 2584 3215 cedoit
2665 3083 3318 3240 peut-eftre»

348 3285 915 3441 Vefpafien
950 3274 1119 3398 eft
1156 3315 1531 3422 mort,
1569 3289 1681 3391 &
1719 3271 2037 3391 Titus
2076 3253 2241 3379 eft
2271 3266 2367 3376 le
2401 3249 2915 3376 Maiftre.

362 3450 618 3588 Que
682 3492 824 3567 ne
872 3445 1412 3602 fuyois-je
1470 3439 1774 3555 alors
1858 3456 1882 3551 !
1962 3436 2208 3582 J’ay
2238 3431 2573 3545 voulu
2640 3421 3153 3583 quelques
3202 3419 3525 3570 jours

372 3620 560 3726 De
614 3611 818 3727 Ton
873 3612 1292 3727 nouvel
1333 3606 1764 3756 empire
1807 3596 2380 3716 examiner
2422 3589 2518 3700 le
2547 3621 2910 3711 cours.

377 3780 679 3894 Mon
727 3771 947 3886 fort
987 3766 1149 3886 eft
1210 3767 1831 3917 accomply*
1907 3750 2316 3876 Voftre
2369 3751 2728 3913 gloire
2789 3735 3344 3892 s’aprefte.

375 3937 689 4056 Afiet
727 3941 1189 4058 d'autres
1224 3942 1459 4048 fans
1494 3966 1770 4077 moy
1803 4013 1845 4062 >
1886 3921 2383 4037 témoins
2427 3915 2573 4030 de
2598 3941 2869 4026 cette
2935 3900 3247 4026 Fefte
3286 3978 3323 4037 -

376 4106 482 4218 A
517 4132 716 4218 vos
768 4096 1248 4214 heureux
1296 4091 1902 4243 tranfports
1942 4080 2539 4201 viendront
2578 4071 3013 4212 joindre
3058 4076 3205 4182 les
3248 4060 3575 4171 leurs.

387 4272 684 4386 Pour
739 4261 1334 4424 moyqui
1379 4250 2072 4407 ne*pourrois
2127 4286 2199 4399 y
2243 4241 2632 4357 mefîer
2665 4271 2880 4394 que
2912 4231 3102 4346 des
3141 4225 3566 4383 pleurs,

381 4432 695 4538 D’un
753 4427 1129 4542 inutile
1172 4457 1577 4538 amour
1633 4452 1893 4567 trop
1938 4401 2529 4528 confiante
2567 4396 3097 4526 viâime,

381 4592 911 4704 Heureux
939 4588 1215 4703 dans
1250 4617 1489 4698 mes
1524 4577 2120 4713 malheurs,
2147 4571 2403 4687 d’en
2442 4566 2755 4683 avoir
2808 4597 2957 4712 pu
2985 4550 3221 4673 fins
3254 4540 3658 4672 crime-.

392 4756 824 4868 Conter
869 4783 1170 4868 toute
1212 4736 1754 4863 l’hiftoire
1787 4777 1992 4858 aux
2035 4772 2308 4888 yeux
2354 4732 2550 4893 qui
2592 4733 2740 4841 les
2768 4758 2973 4837 ont
3006 4716 3252 4833 faits
3297 4804 3334 4859 »

381 4917 520 5074 Je
587 4947 838 5065 pars
905 4918 1134 5068 plus
1203 4942 1816 5024 amoureux
1891 4937 2104 5060 que
2156 4902 2270 5048 je
2329 4933 2476 5008 ne
2520 4888 2688 5003 fus
2751 4888 3198 5049 jamais.

1519 5062 2585 5184 BERENICE,

385 5233 998 5391 Seigneur,
1048 5239 1159 5383 je
1208 5237 1466 5384 n*ay
1514 5263 1713 5378 pas
1778 5221 1975 5338 crû
2030 5257 2239 5380 que
2271 5217 2555 5333 dans
2614 5248 2833 5323 une
2870 5201 3345 5363 journée

392 5392 648 5554 Quj
692 5398 938 5513 doit
987 5429 1252 5508 avec
1332 5381 1670 5509 Céfir
1725 5392 1976 5504 unir
2034 5368 2750 5494 madeftinée
2795 5460 2828 5514 ,

396 5558 498 5668 Il
552 5552 772 5679 fuft
811 5563 1284 5721 quelque
1337 5552 1768 5669 Mortel
1823 5549 2016 5705 qui
2071 5536 2336 5694 puft
2361 5526 3144 5695 impunément

387 5722 539 5834 Se
586 5723 901 5839 venir
959 5718 1025 5835 à
1090 5749 1331 5835 mes
1368 5754 1639 5869 yeux
1673 5708 2151 5828 déclarer
2216 5743 2497 5819 mon
2551 5707 3019 5818 Amant.

398 5887 705 6000 Mais
744 5883 879 5999 de
908 5919 1195 6002 mon
1250 5874 1685 5994 Amitié
1746 5865 2471 5991 monfilence
2546 5858 2709 5974 eft
2758 5894 2909 5969 un
2964 5888 3261 6016 gage
3307 5936 3344 5995 -

402 6053 874 6180 l'oublie
925 6085 1062 6164 en
1114 6043 1216 6159 fi
1244 6038 1620 6155 faveur
1667 6079 1820 6150 un
1864 6032 2342 6149 discours
2412 6027 2604 6184 qui
2685 6028 3354 6181 m'outrage,

435 6215 542 6318 le
589 6219 848 6330 n’eu
909 6255 1045 6367 ay
1115 6210 1438 6367 point
1507 6194 1938 6315 troublé
2015 6200 2110 6310 le
2179 6230 2496 6305 cours
2547 6187 3132 6334 injurieux.

401 6369 539 6520 Je
597 6364 773 6531 fay
846 6375 1127 6531 plus,
1233 6379 1331 6499 A
1390 6395 1757 6532 regret
1811 6373 1925 6526 je
1988 6394 2311 6515 reçoy
2372 6390 2579 6473 vos
2640 6347 3021 6469 adkux
3032 6440 3071 6479 a
3142 6437 3163 6459 ,
