4267 7959
1553 502 2855 666 BERENICE,

591 755 748 881 le
839 756 1079 876 Ciel
1123 751 1369 924 fçait
1429 767 1764 924 qu’au
1833 772 2222 893 milieu
2289 776 2482 898 des
2567 776 3140 903 honneurs
3205 797 3481 954 qu’il
3543 816 3922 940 nVeut-

931 963 1312 1079 voye,

590 1081 736 1244 Je
797 1087 1478 1209 n’attendois
1526 1128 1746 1255 que
1791 1139 2068 1220 vous
2114 1144 2404 1265 pour
2455 1107 2908 1236 témoin
2963 1117 3108 1239 de
3165 1164 3364 1250 ma
3398 1139 3709 1302 joye*

601 1254 924 1369 Avec
989 1285 1230 1369 tout
1273 1257 1840 1380 l*Uniiiers
1894 1268 2540 1426 j’honorois
2598 1321 2813 1399 vos
2858 1319 3223 1410 vertus
3262 1384 3307 1440 »

594 1419 920 1535 Titus
984 1455 1266 1536 vous
1314 1414 1939 1576 cherifioit,
1976 1476 2253 1556 vous
2324 1444 2871 1566 admiriez
2930 1455 3288 1576 Titus.

610 1590 923 1699 Cent
968 1579 1183 1700 fois
1222 1596 1337 1743 je
1392 1624 1581 1700 me
1610 1589 1823 1710 luis
1894 1595 2099 1716 fait
2148 1646 2367 1731 une
2404 1610 2895 1732 douceur
2942 1617 3445 1746 extrême

610 1746 1373 1867 D’entretenir
1414 1754 1727 1872 Titus
1772 1755 2059 1876 dans
2106 1808 2261 1886 un
2304 1812 2617 1893 autre
2660 1781 3346 1940 luy-méme.

1584 1928 2925 2080 ANTIOCHUS.
616 2082 759 2193 Et
798 2066 1053 2187 c’eft
1104 2117 1229 2197 ce
1287 2114 1499 2244 que
1533 2096 1639 2243 je
1694 2082 1954 2228 fuis.
2039 2093 2508 2249 J’évite,
2559 2107 2840 2224 mais
2905 2145 3160 2270 trop
3231 2114 3483 2239 tard
3547 2205 3600 2274 *

631 2242 850 2353 Ces
901 2247 1250 2358 cruels
1315 2252 1922 2364 entretiens
2009 2252 2167 2375 où
2211 2273 2322 2416 je
2391 2273 2648 2425 n'ay
2693 2278 3026 2425 point
3065 2283 3202 2395 de
3256 2316 3549 2436 part.

611 2402 758 2555 Je
819 2397 1018 2519 fuis
1075 2414 1447 2529 Titus.
1553 2409 1684 2565 Je
1723 2403 1928 2529 fuis
1973 2459 2094 2534 ce
2169 2465 2452 2539 nom
2536 2440 2732 2587 qui
2775 2439 3430 2600 m’inquiété
3480 2533 3513 2591 ,

631 2568 804 2679 Ce
855 2609 1146 2685 nom
1210 2569 1469 2727 qu’à
1527 2606 1774 2689 tous
1811 2618 2348 2701 momens
2429 2589 2808 2711 voftre
2859 2600 3290 2720 bouche
3355 2640 3771 2761 répété»

616 2728 882 2870 Que
927 2769 1204 2851 vous
1249 2734 1752 2897 diray-je
1829 2738 2136 2860 enfin
2180 2781 2214 2871 ?
2262 2760 2400 2913 Je
2445 2751 2650 2871 fuis
2702 2760 2891 2877 des
2936 2805 3217 2918 yeux
3262 2765 3762 2887 diftraits

626 2894 867 3040 Qm
922 2936 1110 3017 me
1154 2937 1598 3058 voyant
1662 2915 2165 3061 toujours
2206 2951 2353 3031 ne
2392 2962 2581 3036 me
2620 2931 3155 3082 voyoient
3184 2941 3642 3079 jamais.

622 3060 1063 3208 Adieu,
1118 3071 1229 3223 je
1278 3065 1509 3182 vais
1554 3067 1654 3182 k
1694 3101 2027 3191 cœur
2060 3111 2317 3233 trop
2370 3086 2669 3239 plein
2714 3090 2851 3207 de
2900 3085 3273 3212 voftre
3320 3102 3703 3265 image
3744 3184 3786 3239 »

632 3225 1183 3343 Attendre
1222 3262 1365 3346 en
1398 3267 1681 3347 vous
1710 3236 2141 3357 aimant
2176 3247 2281 3362 la
2316 3283 2627 3366 mort
2651 3287 2939 3404 pour
2988 3294 3275 3374 mon
3309 3298 3834 3430 partage.

638 3396 1141 3507 Surtout
1206 3432 1349 3508 ne
1414 3397 1939 3559 craignez
1989 3413 2317 3563 point
2365 3418 2767 3575 qu’une
2828 3423 3291 3585 aveugle
3324 3429 3783 3548 douleur

632 3548 1245 3709 Remplifïê
1302 3558 1876 3684 l’Univers
1937 3572 2084 3688 du
2127 3572 2411 3690 bruit
2479 3577 2616 3694 de
2661 3624 2960 3700 mon
2999 3584 3590 3740 malheur,

631 3713 1182 3838 Madame
1227 3806 1264 3865 ,
1309 3729 1404 3838 le
1439 3714 1645 3834 fèul
1681 3722 1964 3850 bruit
2019 3739 2354 3859 d’une
2417 3780 2726 3860 mort
2785 3785 3004 3906 que
3061 3754 3715 3917 j’implore*

635 3888 950 4000 Vous
1009 3877 1244 4005 fera
1299 3878 1804 4015 fbuvenir
1854 3936 2078 4054 que
2132 3915 2250 4057 je
2309 3911 2684 4029 yiyoïs
2755 3951 3237 4051 encore..

637 4040 1047 4186 Adieu,

1331 5089 2429 5295 SCENE
2891 5112 3119 5302 V.

1006 5508 1764 5658 BEREN
1842 5519 2326 5696 ICE,
2474 5525 3590 5677 PHENICE.

1939 5862 2898 6023 PHENICE
1295 5851 3592 6217 Que je le plains! Tant de fidelité,
639 6169 2997 6384 Madame, meritoit plus de proſperité.
656 6342 2270 6542 Ne le plaignez-vous pas?
