4267 8051
3521 592 3651 742 U

1293 529 2598 680 TRAGEDIE.

1374 791 2519 931 .BERENICE.

1761 980 2082 1092 Cette
2132 1012 2674 1134 prompte
2727 981 3226 1103 retraitte

335 1121 876 1255 Melaiflfe
932 1227 965 1285 ,
1034 1144 1140 1297 je
1211 1133 1737 1282 Pavcuê*,
1787 1180 2010 1256 une
2049 1144 2506 1261 douleur
2579 1137 3075 1285 lècrette.

1474 1326 1560 1439 P
1610 1336 1734 1443 H
1788 1332 2026 1450 EN
2092 1336 2466 1475 ICE»

341 1509 485 1670 J,e
556 1510 993 1632 l’aurois
1054 1542 1480 1648 retenu.

1447 1706 2493 1830 BERENICE

1535 1871 1784 2015 Qui
1861 1897 2224 2031 moyi
2305 1883 2454 1994 Le
2485 1888 2980 2004 retenir?

330 2023 594 2188 J’en
651 2017 884 2184 doy
936 2030 1340 2188 perdre
1404 2030 1826 2188 plutoft
1866 2033 2302 2202 jufqués
2365 2085 2502 2157 au
2547 2056 3099 2188 iouvenir.

345 2197 538 2309 Tu
607 2228 884 2308 veux
933 2195 1244 2320 donc
1300 2238 1518 2361 que
1562 2211 1666 2350 je
1705 2201 2016 2319 flatte
2081 2242 2298 2325 une
2343 2211 2744 2329 ardeur
2779 2212 3257 2344 inlènfée
3286 2250 3336 2345 ?

1494 2394 1722 2503 PH
1766 2400 2009 2513 EN
2054 2406 2109 2519 I
2170 2401 2266 2507 C
2328 2405 2450 2533 E.

340 2543 669 2661 Titus
730 2553 919 2665 n’a
969 2554 1313 2706 point
1380 2589 1799 2670 encore
1850 2557 2377 2722 expliqué
2438 2563 2545 2680 la
2605 2567 3058 2722 pensée.

352 2715 745 2827 Rome
802 2753 1077 2832 vous
1126 2720 1438 2868 voit,
1490 2719 2045 2842 Madame
2091 2820 2130 2865 ,
2170 2769 2439 2848 avec
2480 2731 2675 2848 des
2725 2777 3001 2890 yeux
3083 2747 3466 2905 jaloux
3507 2839 3561 2906 l

368 2878 527 2989 La
582 2877 1023 3037 rigueur
1080 2879 1219 2999 de
1258 2883 1403 3001 les
1462 2888 1737 3001 Loix
1788 2889 2590 3052 m’épouvante
2651 2942 2936 3059 pour
2981 2946 3315 3047 vous.

355 3035 918 3193 L’hymen
959 3040 1230 3163 chez
1257 3055 1412 3169 les
1455 3061 2026 3174 Romains
2069 3061 2576 3184 n’admet
2605 3077 3004 3230 qu’une
3049 3082 3655 3209 Romaine,

367 3208 746 3330 Rome
791 3203 1034 3330 hait
1069 3245 1318 3331 tous
1367 3225 1518 3335 les
1567 3224 1931 3366 Rois,
1967 3239 2072 3342 &
2133 3234 2674 3351 Bérénice
2715 3230 2881 3357 eft
2929 3245 3361 3401 Reyne,

1441 3392 2513 3518 BERENICE.

357 3533 510 3651 Le
545 3564 914 3698 temps
949 3538 1238 3662 n’eft
1268 3555 1569 3702 plus,,
1619 3549 2177 3708 Phénice,
2213 3553 2372 3682 oâ
2402 3575 2518 3719 je
2548 3570 3026 3713 pouvois
3061 3571 3641 3713 trembler,

355 3701 684 3818 Titus
725 3712 1261 3855 m’aime,
1295 3716 1372 3828 il
1410 3752 1666 3870 peut
1699 3753 2005 3869 tout,
2044 3727 2136 3839 il
2170 3733 2355 3844 n’a
2386 3731 2634 3885 plus
2672 3727 2932 3891 qu’à
2970 3737 3379 3887 parler.

366 3863 480 3980 Il
534 3905 851 3986 verra
912 3879 1013 3986 le
1058 3885 1407 3997 Sénat
1458 3890 2161 4049 m’apporter
2212 3885 2365 4011 lès
2412 3885 3188 4060 hommages,

372 4026 509 4143 Et
556 4032 661 4143 le
712 4036 1176 4190 Peuple,
1242 4047 1387 4168 d.è
1442 4048 1775 4168 fleurs
1828 4094 2475 4179 couronner
2552 4053 2701 4175 lès
2752 4061 3246 4232 images.

534 4200 731 4316 De
782 4235 1067 4317 cette
1102 4210 1428 4358 nuit,
1482 4210 1983 4338 Phénice
2034 4310 2078 4358 ,
2128 4255 2429 4343 as-tu
2490 4262 2701 4347 veu
2736 4229 2839 4342 la
2888 4229 3467 4388 Iplendeur
3512 4267 3557 4368 ?

366 4362 593 4474 Tes
653 4402 931 4520 yeux
976 4413 1125 4489 ne
1186 4372 1627 4494 lont-ils
1657 4419 1853 4536 pas
1918 4424 2167 4509 tous
2207 4392 2565 4547 pleins
2610 4387 2753 4511 de
2790 4388 2895 4511 là
2941 4402 3508 4557 grandeur
3555 4430 3603 4536 ?

372 4524 595 4640 Ces
630 4529 1265 4652 flambeaux
1311 4634 1344 4683 ,
1380 4581 1513 4662 ce
1568 4545 2078 4704 Bûcher,
2117 4591 2402 4679 cette
2443 4556 3368 4741 nui^enflâmée,

377 4696 605 4819 Ces
675 4701 1056 4861 Aigles
1111 4792 1144 4850 ,
1185 4743 1364 4820 ces
1431 4706 1998 4834 Failceaux
2045 4812 2078 4866 ,
2133 4760 2266 4841 ce
2311 4733 2786 4881 Peuplé,
2829 4764 3116 4850 cette
3167 4739 3670 4897 Armée*

377 4858 710 4976 Cette
765 4859 1076 4987 foule
1105 4867 1250 4987 de
1285 4874 1648 5023 Rois,
1703 4921 1878 5003 ces
1945 4884 2497 5034 Confîils,
2525 4931 2654 5008 ce
2705 4897 3135 5054 Sénat,

377 5022 627 5160 Qui
691 5058 940 5145 tous
985 5032 1128 5150 de
1179 5072 1470 5156 mon
1515 5047 1962 5165 Amant
2003 5060 3122 5207 empruntoientleur
3161 5063 3440 5196 éclat
3460 5147 3503 5233 5

383 5194 720 5307 Cette
750 5227 1250 5354 pourpre
1294 5294 1327 5348 ,
1369 5243 1544 5323 cet
1579 5251 1716 5327 or
1786 5253 2029 5379 que*
2065 5215 2676 5339 rehaufloit
2721 5225 2822 5338 la
2866 5232 3287 5390 gloire,

373 5358 528 5469 Et
593 5394 768 5469 ces
811 5362 1308 5490 Lauriers
1353 5409 1768 5494 encore
1819 5378 2313 5507 témoins
2380 5388 2523 5506 de
2555 5395 2659 5506 la
2710 5392 3231 5552 viâoire,

366 5520 684 5641 Tous
718 5566 897 5642 ces
934 5572 1287 5688 yeux,
1326 5547 1679 5699 qu’on
1724 5552 2113 5705 voyoit
2154 5556 2481 5672 venir
2516 5550 2653 5683 de
2688 5588 3047 5683 toutes
3102 5603 3409 5731 parts

382 5686 1087 5815 Confondre
1132 5702 1301 5820 lur
1348 5709 1533 5863 luy
1578 5702 1796 5825 lèul
1856 5713 2141 5832 leurs
2200 5713 2591 5836 avides
2622 5734 3089 5882 regards
3140 5808 3166 5831 -

382 5860 557 5973 Ce
588 5893 851 6010 port
886 5865 1658 6024 majeflueux,
1694 5912 1977 5993 cette
2014 5882 2371 6003 douce
2405 5883 2952 6040 prefènce.

382 6023 631 6139 Ciel
688 6050 711 6144 !
750 6070 1019 6151 avec
1067 6038 1329 6198 quel
1368 6037 1848 6192 relpeél,
1898 6054 2005 6161 &
2059 6054 2413 6207 quelle
2470 6055 3362 6213 complailânce,

372 6190 689 6302 Tous
752 6197 905 6312 les
938 6237 1329 6319 coeurs
1406 6244 1548 6322 en
1594 6201 1927 6323 fècret
1966 6205 2645 6334 l’alfiiroient
2685 6217 2826 6338 de
2893 6227 3120 6344 leur
3171 6227 3366 6392 foy
3411 6258 3451 6361 1

394 6354 714 6474 Parle
735 6447 774 6495 à
855 6370 1374 6492 Peut-on
1431 6374 1532 6495 le
1571 6374 1826 6503 voir
1871 6368 2114 6497 fans
2175 6375 2564 6543 penlèr
2605 6425 3074 6523 comme
3123 6390 3408 6565 moy
3453 6482 3513 6555 J
