4267 8012
625 507 801 670 V§
1601 468 2924 633 BERENICE,

641 787 916 937 Que
953 767 1094 891 de
1135 767 1651 916 Sceptres
1683 745 1921 875 fins
1960 735 2449 865 nombre
2477 735 2553 851 il
2579 724 2831 890 pu#
2867 756 3199 884 payer
3237 757 3439 843 ma
3467 710 3821 873 flâme
3854 709 3906 872 l

635 954 919 1106 Que
959 976 1161 1057 ton
1213 960 1621 1046 amour
1667 912 2033 1041 n'euft
2069 913 2303 1030 rien
2356 901 2427 1020 à
2470 897 2925 1015 donner
2989 933 3205 1057 que
3255 928 3461 1010 ton
3495 928 3753 1011 ame
3786 955 3831 1040 3

635 1127 749 1234 C
797 1105 963 1228 eft
995 1106 1285 1222 alors
1336 1188 1363 1237 ,
1413 1084 1682 1207 cher
1732 1095 2125 1222 Titus,
2169 1064 2662 1239 qu’aimé
2702 1148 2747 1211 ,
2785 1058 3412 1177 viâorieux
3458 1148 3491 1201 ,

630 1287 821 1410 Tu
883 1266 1306 1396 verrois
1376 1256 1520 1374 de
1564 1258 1828 1418 quel
1870 1253 2120 1405 prix
2154 1277 2360 1357 ton
2394 1266 2732 1354 cœur
2790 1220 2950 1337 eft
3007 1221 3080 1349 à
3130 1262 3372 1338 mes
3410 1257 3752 1378 yeux.

634 1449 1123 1582 Allons,
1178 1419 1748 1571 Phénice,
1788 1455 1942 1537 un
1998 1441 2251 1530 mot
2284 1434 2699 1562 pourra
2747 1397 2845 1508 le
2905 1382 3476 1515 fitisfaire.

629 1608 1656 1740 RalFurons-nous,
1680 1625 1967 1703 mon
2008 1607 2341 1696 cœur
2389 1663 2418 1712 ,
2465 1580 2573 1728 je
2605 1561 2851 1723 puis
2889 1596 3241 1675 encor
3275 1560 3448 1709 luy
3489 1527 3901 1702 plaire^

639 1788 785 1942 Je
840 1815 1035 1891 me
1089 1758 1537 1906 çpntois
1607 1788 1866 1911 trop
1919 1741 2151 1865 toft
2191 1777 2329 1855 au
2389 1768 2680 1891 rang
2736 1721 2928 1843 des
2966 1716 3757 1843 Malheureux*

647 1947 779 2074 Si
854 1946 1167 2069 Titus
1225 1920 1389 2053 eft
1430 1920 1881 2083 jaloux,
1920 1915 2246 2036 Titus
2295 1899 2454 2020 eft
2519 1924 3184 2016 amoureux.

1531 2333 3069 2529 Fin du Second Acte.
