4267 8111
1187 510 2575 672 TRAGEDIE.
3431 575 3504 667 %
3506 579 3577 724 5

205 824 799 958 pourquoy
861 782 1052 901 des
1129 786 1808 905 Immortels
1895 776 2341 900 attefter
2387 791 2493 900 ia
2545 776 3183 937 puiiTarïce?

211 966 616 1106 Paut-il
675 994 874 1116 par
941 944 1676 1073 de&fcrmens
1731 951 2204 1070 vaincre
2243 993 2435 1070 ma
2477 946 2985 1079 défiance
3027 981 3066 1077 ?

213 1156 513 1270 Mon
597 1162 925 1245 cœur
987 1162 1137 1238 ne
1218 1114 1694 1280 prétend
1784 1119 2125 1275 point
2201 1215 2235 1270 ,
2297 1126 2943 1291 Seigneur,
3017 1157 3301 1248 vous
3381 1114 3593 1247 dé¬

528 1298 953 1419 mentir
1020 1382 1057 1437 ,

217 1494 357 1608 Et
417 1489 525 1624 je
590 1500 873 1603 vous
924 1500 1069 1578 en
1130 1457 1571 1612 croiray
1615 1448 1783 1571 fur
1844 1492 1997 1569 un
2053 1453 2447 1618 fimple
2497 1452 2921 1619 foiipir,

1499 1626 2166 1766 TITUS.

227 1811 938 1946 Madame.,»

1331 1959 2265 2089 BERENIC
2307 1976 2442 2099 E.

384 2144 581 2268 Hé
634 2139 895 2257 bien
946 2235 978 2279 ,
1040 2133 1597 2293 Seigneur
1648 2160 1681 2256 ?
1738 2133 2055 2247 Mais
2128 2165 2432 2294 quoy
2486 2124 2733 2247 fans
2792 2170 2979 2252 me
3020 2133 3599 2294 répondre

226 2334 531 2436 Vous
586 2312 1207 2433 détournez
1242 2303 1397 2414 les
1446 2340 1719 2458 yeux
1780 2312 1883 2415 &
1942 2297 2411 2416 fembiez
2470 2334 2753 2415 vous
2800 2303 3506 2446 confondre.

222 2496 430 2612 'Ne
476 2525 592 2600 m
602 2488 625 2516 J
640 2472 1450 2595 ofFrirez-vous
1490 2472 1728 2626 plus
1774 2477 2114 2633 qu’un
2160 2461 2532 2633 vilage
2577 2467 3038 2590 interdit
3080 2509 3122 2600 ?

227 2666 804 2810 Toujours
841 2650 952 2765 la
988 2671 1300 2758 mort
1347 2633 1618 2753 d'un
1663 2646 1936 2753 Pere
1970 2673 2398 2790 occupe
2434 2624 2816 2753 voftre
2858 2645 3186 2802 e/prit
3222 2673 3266 2768 ?

232 2825 534 2950 Rien
596 2856 746 2939 ne
802 2809 1200 2971 peut-il
1240 2799 1770 2927 charmer
1838 2808 2300 2964 l’ennuy
2360 2810 2558 2968 qui
2602 2846 2882 2927 vous
2940 2815 3370 2938 dévoré
3410 2846 3450 2917 *

1520 2975 2193 3112 TITUS.

242 3147 541 3286 pluft
576 3189 788 3271 aux
840 3147 1205 3263 Dieux
1246 3175 1459 3305 que
1490 3184 1787 3265 mon
1838 3148 2147 3297 Pere,
2198 3137 2563 3296 helas,
2604 3142 3032 3271 velcuft
3068 3189 3481 3277 encore
3528 3174 3562 3285 !

244 3327 518 3448 Que
587 3338 710 3480 je
750 3316 1120 3445 vivois
1178 3304 1664 3428 heureux
1722 3332 1750 3435 !

1348 3485 2458 3624 BERENICE.

1768 3658 2336 3816 Seigneur
2397 3747 2431 3808 ,
2507 3686 2754 3773 tous
2815 3697 2986 3778 ces
3037 3703 3472 3836 regrets

248 3829 440 3942 De
496 3814 878 3940 voftre
928 3803 1218 3977 pieté
1266 3807 1520 3930 font
1568 3813 1708 3931 de
1738 3814 2078 3977 juftes
2129 3813 2493 3962 effets.

260 3991 557 4110 Mais
602 4024 805 4105 vos
860 3993 1233 4147 pleurs
1278 4017 1491 4094 ont
1530 3982 1807 4101 allez
1854 3982 2306 4106 honoré
2376 3987 2479 4111 fit
2520 3997 3187 4138 Mémoire,

254 4173 563 4280 Vous
614 4155 953 4275 devez
1014 4154 1497 4270 d’autres
1558 4156 1855 4269 foins
1900 4157 1965 4273 à
2008 4166 2457 4311 Rome,
2508 4156 2573 4274 à
2636 4160 3017 4284 voftre
3083 4172 3525 4310 Gloire;

253 4331 440 4448 De
495 4367 788 4444 mon
829 4356 1248 4485 propre
1299 4314 1754 4439 intereft
1807 4340 1918 4485 je
1959 4325 2266 4444 n’ofè
2307 4368 2584 4452 vous
2639 4336 3044 4484 parler.

257 4498 788 4622 Bérénice
829 4483 1364 4611 autrefois
1411 4498 1898 4645 pouvoir
1933 4535 2210 4611 vous
2245 4500 2821 4637 confoier.

265 4673 571 4786 Avec
627 4664 864 4823 plus
925 4662 1061 4775 de
1099 4651 1465 4813 plaifir
1521 4699 1797 4777 vous
1865 4669 2303 4782 m'avez
2371 4664 2879 4797 écoutée.

248 4847 439 4960 De
507 4832 1057 4954 combien
1104 4827 1247 4939 de
1295 4816 1861 4945 malheurs
1906 4869 2193 4987 pour
2245 4873 2521 4954 vous
2578 4830 3203 4997 perfècutée

237 5022 561 5128 Vous
613 5010 937 5157 ay-je
977 5031 1269 5155 pour
1310 5027 1465 5108 un
1517 5028 1777 5114 mot
1811 4994 2225 5115 fiterifié
2266 5043 2515 5121 mes
2550 5010 2913 5161 pleurs
2961 5031 2981 5123 !

243 5194 563 5294 Vous
591 5196 1139 5330 regrettez
1171 5201 1323 5278 un
1357 5169 1698 5298 Pere,
1773 5174 2131 5284 Helas
2192 5165 2224 5314 ,
2271 5165 2675 5293 foibles
2729 5175 3239 5296 douleurs
3295 5202 3323 5262 *

247 5349 399 5462 Et
449 5380 727 5498 moy
783 5344 975 5489 (ce
1013 5327 1529 5446 fouvenir
1589 5332 2021 5451 méfait
2065 5330 2469 5457 frémir
2519 5382 2942 5461 encore
2983 5343 3023 5484 )

243 5522 461 5632 On
491 5502 921 5627 vouloir
961 5491 1659 5618 m’arracher
1695 5502 1833 5619 de
1885 5538 2125 5625 tout
2155 5549 2283 5626 ce
2322 5546 2541 5672 que
2566 5513 3054 5688 j’adore,

255 5683 551 5838 Moy
598 5772 631 5826 ,
681 5672 973 5789 dont
1019 5709 1297 5796 vous
1341 5666 2129 5790 connoiflezie
2191 5678 2625 5800 trouble
2666 5698 2775 5799 8c
2820 5686 2917 5799 le
2952 5683 3620 5837 tourment?

252 5845 689 5990 Quand
722 5878 1005 5962 vous
1050 5882 1195 5957 ne
1230 5878 1423 5955 me
1462 5840 1871 6000 quittez
1918 5880 2135 6005 que
2166 5882 2457 6002 pour
2502 5857 2979 6011 quelque
3020 5893 3608 6005 moment,

259 6021 551 6174 Moy
586 6020 827 6181 ,qui
862 6016 1433 6127 mourrois
1463 6009 1565 6122 le
1589 6020 1851 6171 jour
1890 6015 2247 6175 qu’on
2302 6016 2843 6139 voudroit
2904 6015 3614 6154 m’interdire

253 6183 452 6302 De
495 6221 894 6323 vous,.
900 6274 942 6317 4
946 6273 990 6311 *

1543 6347 2230 6486 TITUS.

924 6511 1554 6670 Madame,
1604 6509 1908 6640 helas
1984 6539 2004 6645 !
2044 6553 2262 6688 que
2292 6553 2486 6649 me
2534 6558 2880 6649 venez
2899 6542 3236 6654 -vous
3274 6532 3514 6660 dire
3548 6565 3588 6665 ?

770 6695 1163 6815 Tome
1246 6690 1465 6824 11.
2888 6701 2983 6813 C
