4267 7830
1382 649 2694 800 TRAGEDIE.
3506 698 3602 823 /

1549 882 2369 1009 ARSACE.

1872 1058 2168 1166 Vous
2212 1071 2252 1160 ?

1320 1193 2596 1326 ÀNTIOCHÜS.

2285 1377 2454 1479 En
2509 1356 2918 1475 fartant
2957 1352 3106 1479 du
3149 1362 3494 1485 Palais
3533 1361 3586 1520 J

372 1525 511 1689 Je
556 1520 773 1642 tors
804 1515 939 1642 de
978 1530 1425 1668 Rome,
1474 1524 1935 1663 Arfàce,
1998 1533 2107 1634 &
2166 1530 2387 1678 j’en
2436 1524 2657 1639 fors
2708 1561 2993 1679 pour
3024 1534 3469 1689 jamais.

1560 1687 2414 1815 ARSACE.

376 1841 517 2001 Je
567 1850 763 1960 fuis
827 1841 1209 2000 furpris
1245 1835 1475 1958 fans
1539 1845 1867 1965 doute
1913 1937 1943 1991 ,
1979 1857 2087 1960 &
2121 1845 2387 1965 c’eft
2427 1890 2687 1970 avec
2733 1846 3169 2009 juftice#

388 2009 734 2159 Quoy
776 2003 1148 2158 depuis
1204 2003 1281 2121 fi
1336 2014 2040 2173 long-temps
2080 2014 2178 2122 la
2212 2020 2586 2168 Reyne
2620 2020 3150 2129 Bérénice

383 2183 689 2285 Vous
745 2166 1199 2286 arrache
1249 2257 1275 2305 ,
1325 2173 1873 2331 Seigneur
1907 2259 1943 2311 ,
1999 2167 2143 2282 du
2183 2172 2403 2287 fein
2453 2178 2585 2290 de
2629 2217 2831 2291 vos
2871 2172 3300 2332 Eflats,'

388 2335 813 2478 Depuis
856 2336 1119 2444 trois
1188 2366 1389 2440 ans
1442 2334 1721 2445 dans
1758 2340 2133 2449 Rome
2202 2341 2393 2449 elle
2442 2335 2847 2454 arrcfîie
2900 2375 3101 2453 vos
3170 2375 3365 2494 pas
3406 2407 3448 2495 Z

399 2503 532 2607 Et
587 2494 808 2601 lors
861 2528 1066 2644 que
1111 2523 1378 2602 cette
1421 2498 1800 2643 Reyne
1845 2489 2316 2608 afîurant
2345 2493 3076 2653 fàeonquefle

393 2661 705 2760 Vous
775 2650 1149 2760 attend
1222 2686 1505 2802 pour
1571 2657 2005 2766 témoin
2055 2652 2189 2766 de
2225 2693 2495 2770 cette
2535 2655 2933 2774 illuftre
2976 2651 3269 2779 Fefte
3298 2742 3341 2806 ?

398 2805 834 2952 Quand
872 2809 1546 2939 famoureux
1586 2820 1902 2932 Titus,
1948 2813 2504 2932 devenant
2544 2814 2730 2933 fbn
2780 2829 3168 2974 Epoux
3202 2906 3248 2968 ÿ

393 2967 619 3126 Luy
673 2967 1129 3123 prépare
1173 3009 1321 3086 un
1361 2972 1637 3087 éclat
1703 2978 1883 3132 qui
1939 2982 2331 3128 rejallit
2411 2981 2569 3096 fur
2611 3023 3039 3123 vous...,

1260 3139 2592 3270 ANTIOCHÜS.

399 3284 863 3433 Arfàce,
927 3293 1383 3412 laifïè-la
1439 3299 1744 3449 jouir
1805 3293 1940 3417 de
2003 3293 2103 3412 fa.
2151 3294 2657 3449 fortune,

404 3457 541 3565 Et
576 3457 909 3610 quitte
958 3498 1107 3575 un
1148 3467 1679 3579 entretien
1714 3456 1995 3575 dont
2030 3465 2129 3574 le
2166 3502 2479 3580 cours
2528 3471 3370 3620 m’importune#

1611 3623 2434 3745 ARSACE.

402 3777 533 3931 Je
597 3818 869 3897 vous
903 3817 1353 3926 entens,
1389 3783 1975 3942 Seigneur,
2049 3788 2261 3897 Ces
2309 3782 2765 3911 mefmes
2815 3794 3309 3953 dignitez

414 3941 660 4050 Ont
720 3946 1066 4060 rendu
1142 3941 1648 4059 Bérénice
1714 3940 2152 4105 ingrate
2218 3946 2280 4061 à
2350 3992 2550 4070 vos
2596 3946 3044 4091 hontez.

403 4098 1016 4222 L’inimitié
1077 4104 1511 4223 fuccede
1571 4145 1633 4217 a
1709 4110 2163 4223 l’amitié
2207 4115 2601 4228 trahie.

1372 4272 2636 4396 ANTIOCHÜS.

413 4425 696 4540 Non
739 4517 781 4563 j
837 4426 1297 4580 Arfàce,
1351 4432 1756 4584 jamais
1795 4440 1914 4584 je
1957 4472 2098 4544 ne
2157 4440 2362 4589 l'ay
2425 4437 2812 4554 moins
2881 4430 3178 4579 hate^

1570 4598 2396 4727 ARSACE.

407 4741 762 4895 Quoy
826 4745 1122 4864 donc
1161 4771 1196 4865 ?
1332 4756 1510 4865 De
1570 4747 1670 4860 fà
1739 4756 2296 4910 grandeur
2335 4761 2582 4916 déjà
2629 4793 2878 4916 trop
2931 4757 3504 4917 prévenu,

413 4899 567 5011 Le
623 4914 1021 5022 nouvel
1097 4919 1689 5058 Empereur
1749 4954 2015 5028 vous
2065 4925 2371 5033 a-t-il
2433 4920 2999 5039 méconnu
3049 4951 3085 5043 ?

404 5057 934 5217 Quelque
990 5068 1812 5222 prdïèntîment
1866 5077 2000 5191 de
2054 5072 2250 5195 fan
2324 5082 3050 5200 indifférence

413 5225 715 5334 Vous
785 5219 1118 5349 fait-il
1163 5236 1389 5350 loin
1433 5234 1567 5345 de
1601 5245 1979 5354 Rome
2039 5236 2377 5354 éviter
2421 5246 2520 5360 fà
2581 5242 3081 5401 prefènee
3121 5271 3171 5365 ?

1316 5398 2622 5537 ANTIOCHÜS.

407 5546 726 5661 Titus
791 5561 972 5670 n’a
1025 5561 1348 5707 point
1401 5592 1684 5707 pour
1723 5602 1994 5711 moy
2039 5602 2316 5716 paru
2359 5561 2450 5682 fè
2493 5566 3046 5715 démentir
3079 5649 3121 5715 9

418 5705 889 5863 J’aurois
958 5751 1173 5834 tort
1218 5715 1357 5834 de
1408 5755 1599 5839 me
1658 5725 2183 5874 plaindre.

1580 5889 2224 6002 ARSAC
2294 5899 2408 6007 E.

1749 6056 1887 6161 Et
1947 6081 2529 6211 pourquoy
2595 6046 2891 6165 donc
2963 6052 3299 6205 partir
3339 6076 3387 6171 t

414 6179 717 6328 Quel
776 6204 1200 6344 caprice
1264 6240 1536 6318 vous
1576 6208 1842 6323 rend
1882 6250 2366 6369 ennemy
2412 6234 2546 6328 de
2596 6209 3346 6329 vous-mefme
3386 6245 3422 6337 ?

409 6341 558 6456 Le
617 6356 848 6471 Ciel
883 6398 1117 6480 met
1157 6363 1317 6482 fur
1357 6368 1455 6486 le
1489 6362 1877 6491 Trône
1913 6409 2061 6490 un
2105 6378 2485 6496 Prince
2513 6377 2700 6537 qui
2733 6412 3003 6492 vous
3033 6383 3397 6527 aime,

2764 6555 2867 6664 A
2942 6540 3061 6699 iij
