4267 7697
1448 560 2948 737 PREFACE.

563 852 743 937 ou
771 791 853 928 il
887 796 1243 929 eftoit
1277 785 2119 974 tombé,apres
2169 792 2281 922 le
2325 797 2655 933 refus
2724 811 3111 978 qu’on
3147 802 3367 993 luy
3405 826 3763 953 avoir

552 982 782 1129 Fait
826 998 1034 1124 des
1072 1026 1468 1123 armes
1518 977 2184 1124 d'Achille.
2314 987 2470 1123 Ils
2530 1032 2750 1124 ont
2784 997 3256 1134 admiré
3296 997 3406 1129 le
3466 1008 3762 1142 Phi-

551 1182 1023 1319 loétete
1073 1293 1113 1349 ,
1163 1183 1473 1313 dont
1517 1217 1793 1305 tout
1837 1172 1949 1309 le
2003 1167 2315 1364 fujet
2359 1187 2536 1313 eft
2579 1178 3083 1369 Ülyfie,
3135 1197 3342 1374 qui
3415 1208 3763 1335 vient

552 1424 872 1563 pour
932 1372 1654 1553 furprendre
1694 1367 1870 1500 les
1954 1363 2404 1505 fléchés
2464 1377 3186 1524 d'Hercule,
3306 1393 3758 1524 L'Oe-

551 1572 842 1755 dipe
911 1563 1364 1704 mefme
1443 1674 1483 1731 ,
1557 1609 1910 1750 quoy
2019 1609 2266 1743 que
2339 1607 2616 1700 tout
2665 1562 2998 1754 plein
3071 1578 3226 1710 de
3299 1623 3747 1716 recon-

550 1753 1304 1926 noifiànces,
1338 1758 1509 1890 eft
1546 1764 1959 1889 moins
2018 1753 2461 1945 chargé
2500 1763 2655 1893 de
2694 1773 3211 1904 matière
3270 1883 3306 1931 ,
3360 1818 3603 1953 que
3640 1772 3759 1905 la

547 1949 822 2141 plus
865 1943 1914 2135 fimpleTragédie
1947 1949 2100 2079 de
2134 1993 2370 2080 nos
2405 1959 2802 2135 jours.
2843 1967 3222 2095 Nous
3259 2008 3758 2150 voyons

551 2143 887 2281 enfin
962 2188 1209 2325 que
1293 2140 1469 2276 les
1517 2132 2129 2275 Partisans
2223 2144 2375 2277 de
2429 2139 3087 2320 Terence,
3134 2198 3347 2336 qui
3417 2153 3757 2291 ?élè¬

546 2378 848 2471 vent
916 2379 1218 2471 avec
1288 2324 1690 2466 raifon
1764 2380 1920 2461 au
1994 2330 2390 2466 defiùs
2454 2335 2610 2466 de
2680 2380 2962 2471 tous
3050 2346 3218 2476 les
3306 2355 3762 2485 Poètes

557 2534 1253 2707 Comiques
1307 2634 1343 2690 5
1417 2573 1733 2691 pour
1833 2520 1869 2650 l
1879 2528 1899 2566 3
1919 2521 2495 2712 élégance
2555 2529 2705 2660 de
2795 2524 2917 2665 fa
2965 2533 3533 2702 diétion,
3617 2558 3753 2677 &

546 2765 868 2907 pour
906 2714 1014 2850 la
1072 2714 1715 2902 vraylèmb
1728 2710 2070 2855 lance
2114 2719 2266 2846 de
2300 2710 2480 2847 fes
2524 2769 2992 2855 mœurs
3020 2835 3056 2896 ,
3096 2774 3252 2861 ne
3286 2729 3437 2861 lai
3450 2725 3762 2867 fient

551 2956 763 3097 pas
831 2910 988 3042 de
1051 2891 1650 3041 confeflèr
1703 2946 1950 3082 que
1997 2909 2422 3047 Plaute
2475 2961 2546 3041 a
2595 2960 2762 3046 un
2809 2926 3192 3101 grand
3239 2970 3763 3063 avanta¬

542 3150 703 3287 ge
736 3095 927 3232 fur
988 3096 1203 3287 luy
1238 3205 1274 3262 -
1326 3146 1549 3282 par
1582 3095 1701 3228 la
1738 3090 2381 3287 fimplicité
2428 3110 2641 3287 qui
2678 3106 2855 3237 eft
2900 3111 3203 3242 dans
3270 3111 3377 3247 la
3430 3110 3762 3302 pluf-

537 3335 824 3477 part
891 3296 1104 3427 des
1163 3285 1474 3472 fujet
1487 3335 1534 3417 s
1633 3291 1786 3422 de
1883 3291 2352 3437 Plaute.
2499 3301 2656 3428 Et
2719 3300 3006 3431 c'eft
3051 3300 3312 3437 fins
3375 3311 3768 3443 doute

537 3527 863 3619 cette
937 3480 1579 3667 fimplicité
1669 3480 2515 3618 merveilletife
2604 3496 2817 3672 qui
2871 3541 2937 3623 a
3025 3491 3383 3633 attiré
3460 3499 3543 3634 à
3622 3551 3769 3639 ce

542 3676 1028 3813 dernier
1082 3716 1488 3808 toutes
1542 3677 1710 3807 les
1768 3676 2360 3862 louanges
2423 3725 2666 3857 que
2714 3682 2886 3813 les
2950 3687 3496 3824 Anciens
3552 3692 3772 3883 luy

537 3911 763 4003 ont
817 3871 1419 4008 données.
1533 3866 2159 4003 Combien
2209 3872 2917 4009 Menandre
2965 3881 3457 4013 eftoit-il
3537 3932 3767 4019 en¬

532 4106 828 4194 core
912 4060 1184 4248 plus
1242 4055 1674 4249 fîmple
1724 4172 1754 4228 ,
1814 4071 2080 4244 puis
2168 4106 2416 4244 que
2478 4071 3042 4200 Terence
3126 4076 3306 4203 eft
3346 4071 3769 4264 obligé

537 4252 687 4383 de
771 4257 1303 4434 prendre
1377 4258 1689 4384 deux
1777 4258 2465 4389 Comédies
2525 4257 2675 4388 de
2745 4307 2881 4395 ce
2921 4273 3391 4439 Poète,
3435 4317 3757 4424 pour

530 4487 689 4575 en
726 4443 1039 4580 faire
1108 4492 1353 4580 une
1388 4446 1621 4575 tles
1678 4441 2145 4584 ficnnes
2214 4482 2251 4584 ?

697 4647 852 4773 Et
947 4636 1034 4769 il
1117 4687 1278 4769 ne
1357 4632 1620 4769 faut
1713 4646 2070 4830 point
2147 4653 2540 4779 croire
2623 4692 2876 4830 que
2965 4696 3292 4789 cette
3349 4658 3764 4844 Réglé

526 4873 693 4959 ne
762 4823 993 4960 foit
1042 4829 1519 4965 fondée
1578 4878 1825 5009 que
1884 4828 2079 4965 fur
2128 4833 2245 4966 la
2294 4834 2855 4980 fantaifie
2924 4849 3083 4979 de
3160 4898 3463 4985 ceux
3540 4869 3763 5034 qui

522 5018 838 5150 Pont
896 5018 1238 5159 faite.
1378 5018 1470 5151 U
1552 5023 1764 5214 rfy
1828 5078 1894 5160 a
1947 5073 2190 5209 que
2250 5028 2366 5161 le
2420 5029 3466 5220 vray-femblable
3541 5055 3758 5184 qui

521 5210 983 5349 touche
1043 5219 1339 5349 dans
1393 5208 1503 5345 la
1547 5218 2221 5404 Tragédie.
2385 5229 2541 5355 Et
2594 5223 3007 5410 quelle
3065 5227 3759 5405 vray-fem-

512 5398 952 5541 blance
1042 5459 1128 5587 y
1218 5459 1348 5542 a-
1412 5407 1670 5540 t-il
1734 5409 2040 5590 qu’il
2124 5418 2522 5551 arrive
2604 5464 2760 5550 en
2854 5469 3022 5556 un
3096 5440 3386 5610 jour
3510 5479 3752 5561 une

511 5595 1177 5732 multitude
1277 5604 1433 5736 de
1517 5599 1939 5741 chofes
2033 5610 2252 5785 qui
2371 5625 3101 5791 pourroient
3221 5624 3306 5755 à
3385 5630 3753 5812 peine

506 5799 974 5927 arriver
1052 5835 1208 5921 en
1298 5789 1888 5980 plufieurs
1968 5799 2566 5936 femaihes
2674 5840 2711 5936 ?
2838 5809 2937 5935 Il
3010 5860 3096 5996 y
3176 5854 3332 5945 en
3406 5863 3476 5946 a
3532 5825 3763 5996 qui

507 5973 1024 6163 penfent
1121 6029 1374 6167 que
1451 6029 1794 6151 çette
1893 5988 2540 6182 fimplicité
2639 6000 2812 6137 eft
2905 6049 3148 6132 une
3221 6050 3748 6186 marqua

2986 6192 3210 6351 ã ij
