4267 7886
1562 617 2868 813 PREFACE.

647 887 957 998 teüt
1037 904 1295 1044 que
1371 895 1705 993 cette
1793 868 2415 1043 première
2459 862 2675 992 des
2725 899 3179 1043 quatre
3235 858 3693 1055 parties
3775 864 3945 1008 de

647 1043 777 1193 ta
833 1054 1475 1250 Tragédie
1567 1047 1803 1187 foit
1849 1063 2441 1255 toûjours
2507 1048 2621 1188 la
2701 1055 2979 1245 plus
3025 1053 3509 1249 proche
3581 1068 3745 1198 de
3811 1064 3939 1202 la

649 1253 1295 1424 derniere,
1386 1259 1609 1438 qui
1695 1263 1871 1393 efl
1937 1259 2051 1397 la
2147 1248 3037 1465 Cataftrophe.
3195 1253 3297 1393 Il
3359 1249 3479 1388 fe
3538 1258 3939 1444 plaint

652 1495 910 1629 que
976 1448 1096 1588 la
1186 1494 1476 1638 trop
1596 1463 2076 1641 grande
2166 1438 3050 1588 connoiflance
3152 1453 3370 1589 des
3456 1454 3940 1644 Réglés

648 1638 1408 1836 Pempefche
1454 1648 1608 1783 de
1670 1643 1794 1789 fe
1844 1653 2354 1789 divertir
2424 1644 2508 1772 à
2562 1638 2676 1772 la
2758 1644 3442 1820 Comedie,
3610 1654 3950 1788 Cer-

652 1847 1356 1979 tainement
1428 1838 1522 1979 fi
1582 1839 1840 1979 Ton
1906 1895 2066 1983 en
2106 1863 2396 2036 juge
2430 1890 2656 2030 par
2702 1834 2826 1975 fa
2886 1833 3806 2020 Diflèrtation,
3856 1848 3950 1984 il

653 2043 879 2226 n’y
935 2080 1147 2174 eut
1227 2049 1653 2224 jamais
1729 2043 1885 2183 de
1941 2043 2423 2235 plainte
2491 2034 2763 2224 plus
2839 2039 3098 2173 mal
3173 2037 3707 2194 fondée.
3831 2042 3956 2178 Il

657 2228 1089 2419 paroît
1151 2234 1449 2374 bien
1521 2239 1829 2421 qu’il
1875 2255 2081 2377 n’a
2121 2240 2563 2436 jamais
2635 2228 2769 2373 lû
2851 2229 3581 2425 Sophocle,
3641 2228 3961 2424 qu’il

663 2423 971 2564 loiie
1033 2434 2165 2625 tres-injuftement
2245 2434 2595 2568 dune
2655 2435 3149 2626 grande
3205 2440 3833 2630 multiplie
3831 2450 3955 2578 /-

672 2625 819 2759 té
864 2623 1556 2769 d'incidens
1632 2747 1676 2805 ,
1756 2649 1897 2775 &
1978 2634 2287 2825 qu'il
2346 2630 2555 2768 n’a
2648 2625 3119 2779 mefine
3178 2634 3621 2821 jamais
3686 2640 3961 2774 rien

666 2809 808 2949 lû
892 2824 1048 2958 de
1110 2824 1218 2964 la
1300 2834 2024 3015 Poétique,
2106 2876 2354 3020 que
2440 2830 2748 2964 dans
2820 2825 3436 3015 quelques
3502 2830 3960 2970 Préfa-

668 3009 1012 3160 faces
1096 3020 1252 3160 de
1310 3025 2066 3217 Tragédies.
2214 3034 2554 3174 Mais
2630 3034 2754 3214 je
2804 3025 3026 3215 luy
3096 3023 3754 3215 pardonne
3800 3030 3960 3164 de

667 3255 840 3343 ne
919 3266 1138 3410 pas
1207 3220 1696 3410 Içavoir
1811 3219 1984 3375 les
2089 3220 2574 3416 Réglés
2697 3220 2866 3355 du
2943 3219 3609 3390 Théâtre,
3681 3230 3966 3416 puis

679 3408 1861 3591 qu’heureufement
1905 3476 2265 3621 pour
2285 3422 2413 3560 le
2501 3414 2933 3565 Public
2969 3527 3011 3587 -
3065 3415 3155 3555 il
3225 3461 3385 3549 ne
3445 3414 3971 3606 s’appli¬

689 3645 941 3785 que
1001 3662 1223 3806 pas
1295 3610 1373 3750 à
1443 3667 1583 3755 ce
1619 3667 2009 3811 genre
2075 3626 2641 3766 d’écrire.
2757 3620 2953 3755 Ce
3009 3661 3267 3795 que
3329 3625 3451 3801 je
3513 3662 3673 3750 ne
3739 3610 3965 3806 luy

678 3810 1337 3985 pardonne
1392 3862 1701 4006 pas,
1750 3825 2041 3965 c’eft
2084 3825 2241 3962 de
2276 3810 2769 4006 fçavoir
2820 3805 2913 3945 fi
2968 3861 3221 4001 peu
3265 3805 3437 3943 les
3486 3806 3981 4002 Réglés

688 3989 848 4129 de
900 3996 1018 4140 la
1078 4000 1510 4151 bonne
1572 4011 2430 4203 plaisanterie,
2500 4010 2718 4200 luy
2804 4011 3026 4191 qui
3106 4051 3266 4139 ne
3348 4046 3656 4144 veut
3744 4052 3970 4192 pas

694 4189 952 4334 dire
1038 4252 1202 4340 un
1304 4253 1582 4357 mot
1654 4201 1922 4351 fans
2024 4206 2728 4407 plaisanter.
2876 4199 3390 4345 Croit-il
3476 4202 3960 4386 réjouir

688 4381 1356 4596 beaucoup
1398 4404 1578 4541 les
1650 4401 2318 4555 honneftes
2364 4426 2708 4560 Gens
2747 4453 2976 4597 par
3040 4409 3246 4539 ces
3308 4400 3734 4540 Helas
3816 4390 3968 4530 de

683 4592 1117 4791 poche,
1151 4612 1351 4740 ces
1407 4607 2511 4788 Jidefdemoifelles
2567 4656 2815 4737 mes
2859 4601 3355 4791 Réglés,
3395 4606 3529 4732 &
3573 4632 3969 4776 quan¬

699 4789 925 4926 tité
977 4790 1501 4936 d’antres
1571 4797 1967 4945 balles
2085 4802 2897 4952 affectations
2983 4791 3293 4977 qu’il
3373 4826 3971 4926 trouvera

699 4992 1553 5137 condamnées
1639 5003 1943 5141 dans
2013 5047 2301 5141 tous
2403 5002 2579 5136 les
2671 4992 2995 5135 bons
3057 5007 3605 5131 Auteurs
3677 5094 3719 5152 ,
3785 4980 3975 5120 s’il

710 5171 834 5315 fe
904 5192 1294 5330 méfié
1336 5201 1772 5388 jamais
1858 5207 2014 5337 de
2084 5197 2300 5336 lire
2342 5242 2378 5346 ;

900 5386 1398 5526 Toutes
1516 5443 1712 5537 ces
1844 5402 2496 5582 Critiques
2594 5386 2876 5527 font
2968 5383 3092 5521 le
3194 5428 3724 5573 partage
3806 5380 3970 5510 de

710 5617 1158 5757 quatre
1218 5638 1388 5726 ou
1468 5603 1758 5773 cinq
1820 5603 2188 5787 petits
2244 5592 2810 5732 Auteurs
2880 5577 3606 5727 infortune*
3646 5684 3688 5742 -
3754 5582 3976 5762 qui

709 5781 1074 5912 n’ont
1119 5792 1553 5968 jamais
1617 5839 1793 5973 pu
1865 5839 2091 5983 par
2151 5776 2980 5926 eux-mefines
3041 5787 3500 5917 exciter
3563 5772 3684 5908 la
3749 5818 3975 5912 cu-

709 5972 1137 6106 riofité
1207 5982 1373 6112 du
1439 5983 1921 6137 Public.
2033 5983 2193 6125 Ils
2263 5982 2929 6122 attendent
2979 5977 3565 6163 toûjours
3677 5966 3981 6102 Toc-

709 6161 1323 6316 cafionde
1397 6177 1953 6373 quelque
2013 6193 2631 6374 Ouvrage
2675 6183 2897 6369 qui
2959 6167 3591 6342 reüuïlïe,
3657 6208 3981 6364 pour
