4267 7765
1259 639 2755 827 PREFACE.

440 858 943 1032 conjure
1058 854 1555 999 d'avoir
1648 864 1971 1017 aflèz
2076 871 2495 1013 bonne
2588 886 3107 1074 opinion
3216 884 3662 1029 d’eux-

443 1035 962 1185 mefines
1041 1102 1362 1241 pour
1455 1103 1614 1190 ne
1683 1112 1902 1251 pas
1955 1082 2352 1206 croire
2433 1080 2894 1259 qu'une
2981 1086 3334 1221 Piece
3421 1093 3642 1270 qui

432 1234 608 1368 les
688 1254 1220 1392 touche,
1303 1264 1439 1383 &
1517 1269 1737 1434 qui
1773 1260 2034 1397 leur
2073 1265 2488 1402 donne
2537 1274 2696 1402 du
2735 1269 3140 1459 plaifir
3171 1390 3207 1449 ,
3253 1274 3643 1469 puillè

430 1430 745 1564 eftre
810 1437 1605 1579 abfolument
1658 1491 2090 1592 contre
2154 1462 2326 1594 les
2392 1462 2908 1650 Réglés,
3060 1475 3242 1609 La
3306 1476 3644 1661 prin¬

429 1628 830 1807 cipale
961 1634 1372 1826 Réglé
1481 1642 1660 1772 eft
1791 1648 1948 1779 de
2032 1654 2418 1838 plaire
2537 1668 2672 1792 &
2801 1659 2958 1792 de
3059 1659 3631 1805 toucher.

435 1830 942 1963 Toutes
1067 1830 1246 1963 les
1365 1877 1772 1965 autres
1881 1885 2038 1975 ne
2139 1840 2416 1979 font
2525 1839 2884 1984 faites
2961 1900 3208 2033 que
3301 1901 3626 2041 pour

411 2027 1002 2200 parvenir
1102 2017 1185 2155 à
1264 2064 1588 2157 cette
1679 2043 2338 2212 première.
2487 2037 2822 2172 Mais
2927 2088 3344 2181 toutes
3417 2093 3622 2181 ces

419 2208 893 2392 Réglés
961 2209 1245 2349 font
1299 2214 1595 2348 d'un
1663 2219 1975 2413 long
2027 2224 2493 2373 détail,
2563 2228 2879 2367 dont
2948 2254 3072 2429 je
3131 2285 3294 2373 ne
3367 2235 3626 2373 leur

413 2396 994 2541 confeille
1047 2458 1276 2599 pas
1353 2411 1508 2545 de
1577 2415 2535 2564 s'embarrafier.
2647 2422 2818 2556 Ils
2861 2471 3092 2564 ont
3143 2432 3354 2565 des
3407 2476 3621 2561 oc¬

403 2610 1054 2778 cupations
1097 2603 1366 2787 plus
1431 2615 2291 2797 importantes.
2411 2614 2812 2796 Quais
2893 2624 3010 2753 fe
3053 2619 3628 2807 reposent

399 2779 592 2919 fur
627 2831 942 2929 nous
1011 2796 1164 2929 de
1222 2802 1342 2935 la
1404 2800 1884 2989 fatigue
1962 2801 2652 2944 d'éclaircir
2705 2810 2874 2946 les
2936 2805 3622 2953 difficultez

399 2977 554 3110 de
623 2977 740 3120 la
789 2994 1398 3178 Poétique
1471 2994 2201 3143 d'Ariftote.
2314 3002 2731 3181 Qifils
2817 2999 2937 3140 fe
3003 3002 3628 3147 refervent

389 3165 508 3298 le
613 3174 1022 3360 plaifir
1107 3191 1262 3323 de
1330 3191 1822 3380 pleurer
1921 3209 2060 3328 8c
2133 3196 2566 3329 d'eftre
2655 3205 3258 3336 attendris
3337 3267 3370 3373 ;
3467 3216 3622 3343 Et

398 3368 764 3546 qu'ils
859 3422 1068 3512 me
1162 3425 1928 3572 permettent
2017 3387 2176 3520 de
2255 3387 2514 3525 leur
2625 3392 2884 3527 dire
2983 3439 3122 3526 ce
3234 3397 3624 3583 qu'un

395 3558 1023 3708 Muficien
1152 3568 1513 3712 difoit
1597 3584 1686 3709 à
1790 3575 2363 3769 Philippe
2466 3593 2777 3773 Roy
2877 3584 3035 3723 de
3174 3596 3623 3725 Macé¬

389 3751 766 3892 doine
851 3868 897 3931 -
996 3775 1216 3945 qui
1318 3767 1848 3956 prétend
1861 3781 2036 3909 oit
2118 3775 2584 3955 qu'une
2669 3775 3268 3916 Chanfon
3337 3780 3611 3916 n'é-

385 3953 624 4081 toit
689 4000 902 4138 pas
975 3954 1322 4097 félon
1371 3958 1544 4093 les
1589 3963 2109 4153 Réglés.
2201 4031 2286 4087 --
2373 3978 2490 4107 A
2569 3980 2910 4118 Dieu
2947 4018 3110 4112 ne
3160 3971 3617 4167 plaife,

374 4212 447 4263 --
506 4150 1113 4330 Seigneur
1162 4261 1201 4324 ,
1274 4200 1527 4337 que
1602 4202 1917 4289 vous
1962 4155 2341 4350 soyez
2428 4173 2861 4355 jamais
2912 4166 3002 4309 fi
3048 4167 3611 4304 malheu-

379 4403 457 4456 «
515 4374 811 4472 reux
874 4388 1123 4525 que
1203 4348 1357 4481 de
1397 4336 1885 4532 fçavoir
1961 4398 2159 4492 ces
2239 4353 2854 4496 chofes-là
2898 4367 3313 4501 mieux
3362 4408 3611 4548 que

497 4580 865 4724 moy.

560 4728 958 4869 Yoilà
1000 4772 1282 4871 tout
1318 4782 1464 4876 ce
1500 4783 1746 4930 que
1780 4746 2028 4931 j'ay
2068 4747 2152 4880 à
2188 4747 2450 4880 dire
2480 4745 2562 4880 à
2588 4794 2786 4884 ces
2830 4742 3604 4921 Personnes,

368 4915 454 5048 à
514 4928 730 5097 qui
784 4936 901 5104 je
980 4930 1337 5117 feray
1400 4955 1973 5129 toujours
2026 4936 2419 5128 gloire
2522 4944 2675 5076 de
2756 4943 3183 5133 plaire.
3340 4949 3605 5087 Car

364 5155 695 5296 pour
745 5116 861 5245 le
931 5117 1407 5255 Libelle
1486 5173 1735 5306 que
1797 5126 2045 5259 l'on
2123 5178 2195 5265 a
2245 5127 2475 5270 fait
2543 5177 2985 5270 contre
3029 5188 3337 5325 moy
3392 5247 3429 5300 ,
3470 5150 3595 5321 je

358 5349 666 5496 croy
717 5358 968 5492 que
1036 5308 1206 5442 les
1300 5319 1888 5452 Leéteurs
1950 5370 2156 5458 me
2200 5318 3046 5511 difpenferont
3122 5329 3591 5463 volon¬

358 5500 643 5630 tiers
702 5504 913 5693 d'y
986 5500 1654 5690 répondre.
1748 5520 1903 5644 Et
1946 5559 2195 5695 que
2266 5520 3191 5703 répondrois-je
3272 5520 3349 5653 à
3416 5570 3587 5654 un

352 5693 917 5827 Homme
1006 5708 1220 5877 qui
1294 5745 1453 5831 ne
1528 5696 1903 5886 penfe
1956 5713 2287 5857 rien,
2330 5728 2473 5851 &
2542 5720 2753 5891 qui
2792 5758 2949 5844 ne
3018 5707 3313 5896 fçait
3362 5759 3581 5896 pas

347 5879 811 6020 mefine
895 5889 1569 6023 conftruire
1639 5943 1775 6027 ce
1859 5900 2168 6077 qu'il
2243 5893 2641 6090 penfe.
2797 5900 2896 6038 Il
2983 5899 3329 6090 parle
3423 5906 3581 6038 de

344 6075 845 6215 Protaie
930 6189 968 6250 ,
1088 6131 1579 6225 comme
1678 6088 1863 6229 s’il
1942 6098 2601 6235 entendoit
2700 6143 2837 6225 ce
2952 6137 3227 6261 mot
3296 6205 3332 6261 3
3422 6108 3561 6230 £c

2620 6283 2872 6443 ã iij
