4267 7982
670 574 827 715 â
1646 561 2903 722 BERENICE;

656 827 796 983 Je
852 816 1327 979 difputay
1378 817 2122 978 longtemps,
2172 833 2276 979 je
2328 816 2464 943 fis
2552 826 2902 974 parler
2968 863 3212 957 mes
3280 868 3588 990 yeux.

661 999 928 1110 Mes
983 987 1332 1139 pleurs
1373 995 1478 1099 &
1523 1024 1764 1099 mes
1799 987 2226 1141 loupirs
2261 1025 2538 1104 vous
2583 984 3124 1110 fuivoient
3161 1039 3301 1114 en
3347 1034 3593 1123 tous
3623 998 3906 1124 lieux
3929 1091 3957 1139 *

660 1144 1005 1269 Enfin
1040 1138 1411 1265 voltre
1460 1154 1893 1312 rigueur
1938 1186 2451 1305 emporta
2496 1155 2595 1266 la
2634 1154 3166 1305 balance,

659 1331 970 1435 Vous
1029 1304 1474 1473 Içeuftes
1543 1305 2180 1468 m'impofèr
2241 1315 2579 1455 l'exil,
2635 1362 2788 1435 ou
2847 1331 2950 1442 le
3013 1326 3447 1472 filence.

654 1477 765 1595 Il
832 1476 1161 1593 fallut
1206 1476 1307 1592 le
1376 1513 2069 1629 promettre,
2110 1493 2221 1595 &
2286 1477 2833 1603 meffnele
2888 1503 3224 1643 jurer.

651 1648 1022 1785 Mais,
1061 1648 1640 1805 puisqu’en
1679 1684 1804 1763 ce
1845 1684 2378 1768 moment
2423 1653 2678 1801 j'oie
2717 1689 2906 1769 me
2947 1654 3436 1778 déclarer
3461 1752 3494 1811 ,
3488 1659 3510 1691 1

645 1799 927 1920 Lors
966 1828 1177 1965 que
1217 1845 1487 1924 vous
1555 1808 2277 1930 m’arrachiez
2307 1845 2585 1928 cette
2615 1820 2721 1930 in
2734 1809 3021 1971 jufle
3072 1825 3703 1977 promette,

656 1975 968 2096 M&n
994 1964 1686 2091 eœurfaifbit
1720 1975 2194 2092 ferment
2246 1976 2376 2092 dé
2418 2015 2688 2096 vous
2724 1985 3078 2106 aimer
3114 1984 3354 2112 fans
3395 1985 3714 2128 celle,

1721 2173 2829 2309 BERENICE.

665 2343 854 2471 Ah
903 2370 922 2470 î
1007 2355 1270 2497 Que
1329 2387 1514 2471 me
1563 2350 2190 2471 dites-vous
2229 2386 2262 2476 ?

1705 2525 2361 2642 ANTIO
2429 2521 3037 2662 CHUS.

2215 2697 2356 2850 Je
2412 2729 2594 2804 me
2646 2692 2844 2803 luis
2896 2719 3016 2802 tu
3052 2692 3312 2856 cinq
3348 2734 3614 2849 ans,

645 2838 1275 2994 Madame,
1321 2858 1429 2963 &
1493 2852 1721 2968 vais
1763 2889 2107 2969 encor
2143 2895 2335 2970 me
2375 2859 2641 2974 taire
2666 2858 2907 3010 plus
2941 2858 3649 3017 longtemps.

780 3013 1290 3125 Démon
1326 3008 1804 3131 heureux
1846 3020 2164 3140 Rival
2194 3026 3136 3183 j'acconipagnay
3176 3031 3322 3136 les
3362 3066 3780 3172 armes.

661 3175 1213 3333 Jlefperay
1227 3244 1249 3296 *
1279 3174 1419 3293 de
1449 3170 1789 3296 verfèr
1835 3217 2121 3297 mon
2163 3181 2329 3296 fan
2349 3222 2429 3345 g
2489 3222 2803 3338 apres
2853 3222 3093 3302 mes
3139 3191 3619 3349 larmes,

660 3347 858 3453 Ou
920 3347 1248 3501 qu'au
1294 3347 1674 3458 moins
1706 3337 2123 3505 jusqu'à
2178 3384 2454 3464 vous
2490 3346 2815 3499 porté
2854 3383 3052 3499 par
3092 3353 3400 3463 mille
3436 3368 3956 3519 exploita,

645 3503 958 3617 Mon
999 3544 1291 3624 nom
1343 3513 1847 3661 pourroit
1903 3509 2257 3660 parler
2307 3596 2345 3650 ,
2433 3549 2569 3623 au
2629 3504 3001 3624 défaut
3035 3512 3175 3624 de
3213 3555 3401 3628 ma
3441 3529 3753 3654 voix.

640 3665 797 3779 Le
872 3669 1113 3780 Ciel
1148 3660 1561 3785 fèmbla
1602 3705 2227 3826 promettre
2272 3711 2487 3785 une
2522 3669 2679 3784 fin
2718 3664 2783 3785 à
2822 3711 3011 3790 ma
3056 3679 3436 3827 peitie.

655 3835 962 3941 Vous
999 3825 1592 3983 pleuraflês
1637 3873 1826 3953 ma
1865 3873 2247 3982 mort,
2281 3832 2574 3953 helas
2639 3862 2658 3956 !
2713 3872 2968 3994 trop
3005 3878 3220 3992 peu
3279 3851 3801 3978 certaine,

644 3991 1125 4108 Inutiles
1174 3997 1499 4148 périls
1554 4018 1577 4118 !
1642 4002 2059 4147 Quelle
2100 3995 2429 4117 efloit
2500 4039 2789 4118 mon
2848 4027 3219 4127 erreur
3258 4027 3297 4127 !

645 4159 812 4269 La
889 4163 1248 4274 valeur
1293 4158 1436 4275 de
1491 4158 1804 4284 Titus
1849 4157 2408 4321 fiirpafioit
2469 4205 2658 4280 ma
2701 4162 3106 4284 fureur.

639 4319 761 4429 Il
811 4310 1035 4435 faut
1072 4320 1327 4481 qu’à
1415 4319 1515 4436 fà
1554 4360 1861 4444 vertu
1938 4371 2221 4445 mon
2260 4324 2653 4441 ellime
2692 4324 3249 4481 réponde.

650 4481 1004 4639 Qùoy
1039 4490 1686 4647 qu'attendu
1725 4579 1760 4627 ,
1798 4494 2408 4639 Madame,
2448 4491 2512 4601 à
2542 4495 3088 4647 l’Empire
3124 4495 3270 4617 du
3301 4501 3748 4622 Monde
3773 4516 3816 4658 ÿ

655 4641 1031 4803 Chery
1097 4645 1233 4768 de
1265 4656 1909 4794 l'Univers,
1949 4651 2253 4773 enfin
2293 4651 2589 4773 aimé
2645 4656 2781 4772 de
2827 4698 3099 4778 vous
3130 4729 3163 4813 $

644 4807 750 4921 Il
812 4802 1326 4929 fèmbiôit
1382 4813 1446 4929 à
1508 4820 1680 4970 luy
1726 4819 1934 4933 feül
1986 4824 2460 4975 appeller
2516 4854 2756 4934 tous
2796 4829 2942 4934 les
2984 4859 3410 4981 coups,

645 4972 1073 5091 Tandis
1107 5005 1331 5132 'que
1393 4973 1633 5090 fans
1705 4985 2133 5138 efpoïr,
2167 4983 2423 5127 haï,
2469 4980 2761 5100 Jaffé'
2791 4985 2931 5099 de
2989 4994 3385 5132 vivre,

640 5141 890 5255 Son
926 5136 1638 5256 inalheuteux
1674 5149 1821 5261 Ri
1840 5150 2039 5260 val
2080 5187 2220 5261 ne
2276 5145 2776 5261 femblôit
2822 5187 3032 5307 que
3094 5156 3198 5271 le
3232 5145 3614 5287 fîïivre*

789 5305 925 5458 Je
957 5337 1187 5460 voy
1259 5342 1467 5464 que
1507 5301 1877 5422 voffre
1913 5342 2241 5427 cœur
2281 5316 2995 5464 m’applaudit
3035 5358 3177 5433 en
3213 5315 3549 5433 fecret
3581 5405 3623 5463 ,

634 5469 781 5625 Je
842 5508 1062 5625 Yoy
1108 5504 1317 5626 que
1378 5473 1613 5583 fon
1684 5467 2226 5590 m’écoute
2262 5514 2526 5589 avec
2568 5479 2948 5590 moins
2984 5478 3120 5595 de
3182 5515 3618 5642 regret,

651 5639 788 5745 Et
843 5666 1052 5786 que
1113 5660 1364 5781 trop
1429 5633 1956 5750 attentive
1995 5638 2056 5749 à
2095 5675 2216 5749 ce
2271 5645 2538 5751 récit
2589 5634 3099 5790 furieflê,

650 5801 823 5911 Eh
878 5788 1249 5911 faveur
1310 5790 1443 5907 de
1502 5796 1815 5912 Titus
1876 5832 2149 5916 vous
2214 5805 2867 5952 pardonnez
2916 5811 3017 5926 le
3082 5805 3416 5936 refte.

773 5951 1108 6072 Enfin
1165 5992 1478 6114 apres
1537 5998 1692 6073 un
1737 5957 2024 6124 fîége
2079 5962 2342 6082 aufïï
2391 5972 2690 6082 cruel
2765 6003 2980 6129 que
3035 5976 3349 6108 lent,

644 6123 751 6233 Il
812 6122 1203 6238 domta
1246 6128 1401 6238 les
1446 6127 1935 6268 mutins,
2016 6127 2299 6244 relie
2366 6127 2605 6285 pâle
2656 6138 2767 6243 &
2848 6127 3415 6294 fànglanz'

650 6289 890 6398 Des
962 6288 1416 6425 fiâmes,
1456 6287 1592 6404 de
1658 6292 1764 6405 la
1820 6287 2102 6409 faim
2145 6387 2174 6435 >
2213 6293 2398 6410 des
2458 6293 2866 6409 fureurs
2905 6293 3474 6416 inteflinés
3517 6393 3552 6445 ,

661 6448 1119 6575 Etlaiffa
1165 6456 1457 6575 leurs
1525 6487 2069 6611 remparts
2131 6456 2533 6591 cachez
2567 6455 2803 6582 fous
2843 6465 3125 6592 leurs
3187 6492 3609 6586 ruines,
