4267 7761
1314 560 2658 708 TRAGEDIE;
3536 592 3638 719 y

1399 808 2180 932 ANTIOC
2223 807 2647 930 HUS.

995 980 1210 1089 Sur
1251 974 1436 1089 (on
1477 976 1886 1128 hymen
1919 981 2344 1124 j’attens
2389 964 2774 1123 qu’elle
2811 949 3436 1108 s’explique*

419 1131 546 1250 Si
601 1121 698 1244 fi
753 1126 1172 1248 bouche
1208 1131 1758 1251 s’accorde
1820 1171 2078 1244 avec
2111 1136 2208 1244 là
2278 1132 2542 1242 voix
2606 1125 3182 1279 publique,

419 1284 804 1406 S’iieft
880 1332 1138 1451 vray
1196 1334 1532 1453 quon
1595 1293 1970 1406 l’éleve
2036 1284 2556 1406 au'trône
2625 1288 2808 1402 des
2877 1267 3334 1409 Céfirs?

425 1451 553 1562 Si
611 1455 921 1567 Titus
1000 1494 1067 1567 a
1140 1454 1506 1608 parlé,
1570 1453 1719 1566 s’il
1757 1444 2219 1604 l’époufi
2262 1540 2288 1581 ,
2343 1458 2453 1603 je
2504 1484 2788 1602 pars.

1656 1616 2451 1730 ARSACE.

438 1777 733 1885 Mais
779 1772 961 1931 qui
995 1768 1269 1885 rend
1319 1814 1379 1884 a
1415 1813 1613 1891 vos
1671 1809 1945 1926 yeux
2011 1802 2177 1881 cet
2206 1766 2617 1924 hymen
2666 1768 2739 1890 fi
2786 1767 3197 1890 funefle
3236 1793 3269 1885 ?

1398 1934 2200 2052 ANTIOC
2272 1939 2707 2056 HUS.

444 2085 880 2234 Quand
932 2130 1210 2210 nous
1282 2096 1644 2209 ferons
1680 2095 2086 2244 partis,
2134 2106 2234 2245 je
2296 2126 2400 2203 te
2454 2090 2754 2254 diray
2782 2091 2880 2202 le
2934 2085 3264 2219 refie,

1687 2256 2500 2374 ARSACE.

449 2409 768 2517 Dans
799 2414 1038 2567 quel
1069 2410 1532 2558 trouble,
1579 2420 2152 2562 Seigneur,
2191 2425 2846 2561 jette?-vous
2887 2445 3172 2532 mon
3215 2398 3567 2557 efprit!

1447 2577 2245 2692 ANTIOC
2301 2580 2718 2698 HUS.

454 2727 613 2835 La
672 2733 1053 2879 Reyne
1090 2738 1431 2860 vient.
1512 2737 1937 2880 Adieu,
1984 2727 2133 2849 fai
2172 2767 2405 2850 tout
2478 2772 2601 2851 ce
2631 2771 2841 2894 que
2881 2737 3091 2886 j'ay
3148 2723 3349 2855 dit.

1185 3635 2302 3824 SCENE
2601 3631 2982 3812 IV.

592 4022 1856 4219 BERENICE,
2012 4034 3592 4211 ANTIOCHUS,

1495 4274 2599 4420 PHENICE.

1517 4597 2597 4719 BERENICE.

485 4826 718 5091 E
751 4831 1042 4946 Nnn
1095 4847 1204 4985 je
1263 4868 1446 4944 me
1515 4827 1926 4950 dérobe
1969 4879 2042 4945 a
2101 4837 2204 4950 la
2253 4842 2506 4991 joye
2565 4841 3194 4986 importune

779 4994 947 5102 De
975 5028 1213 5101 tant
1263 4994 1693 5107 d’Arnis
1727 5034 2335 5136 nouveaux,
2378 5033 2581 5147 que
2611 5034 2799 5106 me
2833 4989 3027 5103 fait
3051 4996 3153 5102 la
3191 4998 3663 5107 Fortune;

480 5146 612 5289 Je
668 5135 880 5252 fuis
934 5150 1066 5259 de
1106 5155 1374 5263 leurs
1430 5145 1884 5303 refpeéès
1920 5156 2358 5268 l’inutile
2410 5157 3010 5310 longueur,

491 5306 776 5410 Pour
829 5302 1345 5425 chercher
1379 5352 1527 5420 un
1591 5323 1951 5455 Aray,
2011 5318 2198 5469 qui
2251 5347 2432 5425 me
2495 5312 2789 5465 parle
2847 5313 2992 5425 du
3035 5338 3385 5439 cœur.

487 5445 597 5565 ÎÏ
669 5499 805 5570 ne
852 5458 1083 5581 faut
1126 5474 1441 5617 point
1494 5480 1957 5613 mentir,
2020 5514 2209 5588 ma
2252 5473 2523 5622 jufte
2580 5479 3229 5623 impatience

490 5624 784 5728 Vous
850 5631 1304 5743 accufoit
1358 5626 1612 5783 déjà
1662 5625 1810 5742 de
1860 5641 2310 5790 quelque
2364 5636 3036 5794 négligence.

495 5776 855 5934 Quoy
905 5823 1067 5901 cet
1117 5787 1799 5934 Antiochus,
1849 5792 2411 5944 difôis-je,
2499 5797 2779 5905 dont
2819 5797 2961 5905 les
3031 5790 3309 5900 foins

500 5938 745 6045 Ont
812 5984 941 6056 eu
1020 5979 1249 6061 tout
1292 5953 1769 6061 l’Orient
1818 5964 1921 6061 &
1978 5963 2335 6071 Rome
2394 5989 2667 6101 pour
2712 5948 3258 6087 témoins,

496 6096 718 6243 Luy
751 6139 950 6254 que
981 6115 1188 6259 j’ay
1232 6146 1440 6218 veu
1496 6126 1986 6264 toujours
2030 6110 2532 6228 confiant
2566 6115 2834 6228 dans
2870 6149 3096 6223 mes
3132 6096 3622 6223 traverfes

501 6250 885 6380 •Suivre
945 6266 1199 6389 d’un
1237 6302 1431 6424 pas
1491 6267 1729 6429 égal
1787 6312 2017 6393 mes
2055 6271 2541 6393 fortunes
2601 6276 2707 6398 di
2723 6313 2899 6394 ver
2913 6267 3051 6379 fis
3091 6338 3121 6414 ;

2870 6437 3177 6592 A iij
