4267 7973
1400 607 1719 758 TR
1796 602 2083 749 AG
2170 597 2779 744 EDIE*

333 908 468 1018 Et
535 939 656 1013 m
665 894 952 1015 efîne
1017 887 1218 1004 elle
1257 924 1488 999 nra
1543 882 1778 1023 dit,
1863 914 2078 1039 que
2127 863 2426 1030 preft
2481 867 2546 983 à
2599 847 3204 1014 fépoufer,

332 1086 630 1190 Vous
696 1106 842 1184 ne
894 1064 998 1180 la
1048 1086 1428 1176 verrez
1506 1054 1740 1206 plus
1786 1080 1998 1205 que
2076 1074 2364 1196 pour
2436 1039 2572 1195 l’y
2684 1017 3214 1186 difpofer.

1630 1252 2307 1378 TITUS.

333 1459 515 1584 Ah
591 1485 609 1579 !
649 1464 1049 1601 Qifun
1107 1490 1383 1569 aveu
1459 1444 1537 1564 £
1589 1444 1891 1564 doux
1957 1480 2087 1559 au
2103 1440 2265 1558 roi
2285 1475 2321 1553 t
2373 1433 2585 1549 lieu
2633 1422 2773 1544 de
2839 1459 3031 1544 nie
3099 1422 3449 1575 plaire
3493 1443 3525 1543 1

338 1626 608 1778 Que
684 1641 796 1781 je
846 1619 1164 1736 fèrois
1210 1615 1762 1755 heureux,
1822 1609 1890 1725 fi
1958 1599 2452 1761 j’avoisà
2502 1599 2612 1715 le
2694 1588 2970 1710 faire
3036 1615 3054 1705 !

342 1801 595 1908 Mes
628 1754 1227 1942 transports
1262 1771 1995 1936 aujourd’huy
2044 1764 2834 1886 g’attendoient
2896 1749 3501 1880 d’éclatter.

353 1956 1035 2113 Cependant
1065 1942 1875 2115 aujourd’huy,
1927 1942 2383 2077 Prince,
2435 1937 2509 2047 il
2569 1922 2805 2043 faut
2855 1925 2965 2042 la
3031 1916 3515 2083 quitter^

1401 2154 1498 2264 A
1551 2156 1814 2270 NT
1863 2155 1908 2259 I
1957 2150 2202 2265 OC
2253 2149 2374 2260 H
2425 2141 2536 2259 U
2595 2140 2728 2260 Si

358 2320 504 2436 La
550 2321 946 2441 quitter
990 2358 1012 2436 ;
1060 2331 1372 2448 Vous
1422 2408 1454 2468 ,
1516 2319 2078 2477 Seigneur
2124 2332 2164 2426 ?

1657 2476 2307 2602 TITUS.

1999 2638 2311 2758 Telle
2367 2627 2747 2749 efrma
2807 2620 3365 2752 deftlnée’

358 2810 646 2924 Pour
682 2808 874 2923 elle
926 2896 956 2954 ,
1002 2819 1108 2924 &
1158 2835 1440 2965 pour
1480 2798 1870 2949 Titus,
1932 2805 2006 2919 il
2040 2787 2312 2920 n’eft
2346 2803 2586 2955 plus
2638 2788 2820 2908 d’h
2840 2833 2898 2950 y
2918 2788 3370 2924 menée.

358 2974 666 3085 D’un
716 2970 1077 3126 efpoir
1152 2969 1227 3089 fi
1298 2964 1896 3091 charmant
1926 2981 2040 3127 je
2106 3001 2294 3084 me
2362 2960 2778 3075 flattois
2828 2995 2970 3074 en
3026 2952 3292 3075 vain
3332 3036 3381 3100 §

369 3135 837 3286 Prince,
893 3140 967 3256 il
1007 3132 1231 3257 faut
1273 3178 1543 3257 avec
1595 3171 1871 3257 vous
1911 3136 2301 3297 qu'elle
2347 3160 2653 3281 parte
2699 3121 3157 3267 demain
3197 3208 3241 3266 9

1411 3328 1506 3442 A
1553 3328 1674 3442 N
1723 3327 1830 3437 T
1863 3317 2082 3433 LO
2129 3312 2732 3448 CHUS.

370 3477 1170 3646 Qu’entens-je
1220 3509 1236 3609 î
1330 3498 1440 3609 O
1542 3489 1788 3608 Ciel
1838 3505 1864 3605 !

1719 3676 2415 3811 TITUS.

1557 3857 2099 4013 Plaignez
2145 3889 2333 3962 ma
2387 3836 2949 4009 grandeur
3017 3847 3717 4002 importuné,

384 4003 858 4138 Maîftre
934 4012 1070 4134 de
1138 3987 1326 4133 FÙ
1340 4018 1450 4129 ni
1460 4054 1704 4134 vers
1750 4033 1856 4175 je
1932 4007 2238 4178 réglé
2310 4007 2406 4129 fa
2492 4023 3018 4147 Fortune.

374 4174 511 4346 |e
546 4189 785 4341 puis
836 4178 1113 4300 faire
1152 4189 1299 4295 les
1344 4194 1715 4340 Roys,
1786 4195 1897 4341 je
1940 4190 2183 4337 puis
2232 4184 2379 4300 les
2450 4168 2955 4330 dépofèr.

395 4350 1081 4507 Cependant
1137 4351 1273 4461 de
1345 4386 1637 4467 mon
1713 4381 2041 4465 cœur
2093 4360 2203 4502 je
2269 4387 2415 4465 ne
2449 4346 2685 4501 puis
2751 4339 3277 4497 difpofer.

389 4521 774 4636 Rome
821 4551 1212 4632 contre
1277 4521 1434 4631 les
1505 4526 1752 4673 Roy
1761 4557 1808 4631 s
1883 4517 2022 4631 de
2067 4548 2312 4632 tout
2403 4547 2774 4666 temps
2817 4511 3116 4627 foule
3129 4506 3398 4658 vée>

394 4677 1004 4845 Dédaigne
1054 4719 1272 4798 une
1324 4681 1730 4798 Beauté
1766 4683 2042 4797 dans
2088 4688 2192 4796 la
2228 4712 2716 4834 pourpre
2762 4668 3198 4819 élevée,

394 4843 795 4963 L’éclat
836 4852 987 4964 du
1028 4844 1657 4994 Diadème,
1734 4865 1845 4967 &
1889 4880 2145 4965 cent
2180 4858 2483 5005 Roys
2532 4880 2821 5001 pour
2880 4847 3273 4999 Ayeux

401 5005 671 5125 Défi
689 5009 841 5129 ho
857 5051 1263 5130 notent
1313 5056 1501 5130 ma
1547 5009 1885 5130 fiâme
1925 5109 1959 5157 ,
2023 5030 2129 5130 Sc
2181 5009 2627 5130 blefient
2673 5045 2919 5124 tous
2975 5015 3127 5125 les
3171 5036 3515 5177 yeux.

409 5169 704 5295 Mon
794 5218 1122 5296 cœur
1193 5181 1470 5296 libre
1535 5180 2072 5296 d’ailleurs
2144 5268 2178 5328 ,
2267 5175 2510 5296 fans
2612 5175 3116 5291 craindre
3207 5180 3354 5290 les
3422 5191 3744 5286 mur¬

716 5382 1092 5457 mures
1132 5435 1164 5483 ,

405 5502 673 5617 Peut
721 5502 1087 5624 brûler
1127 5507 1191 5623 à
1247 5503 1445 5629 fbn
1495 5502 1845 5629 choix
1889 5513 2171 5633 dans
2223 5507 2409 5629 des
2487 5502 2877 5624 fiâmes
2933 5503 3511 5648 obfcures,

415 5673 547 5780 Et
623 5679 993 5795 Rome
1059 5719 1329 5793 avec
1401 5673 1755 5830 plaifir
1821 5683 2373 5799 recevroit
2429 5679 2566 5791 de
2599 5720 2790 5790 ma
2859 5679 3178 5791 main

410 5833 568 5949 La
608 5846 988 5960 moins
1038 5845 1378 6001 digne
1418 5839 1870 5987 Beauté,
1906 5850 2290 6007 qu’elle
2352 5838 2696 5957 cache
2746 5882 2882 5956 en
2922 5835 3116 5957 fon
3152 5830 3370 5955 fein
3396 5928 3432 5972 s

410 6002 703 6126 Jules
742 6012 1013 6126 céda
1060 6006 1907 6167 iuy-mefmeau
1952 6043 2385 6126 torrent
2450 6012 2635 6167 qui
2684 6000 3417 6142 m’entraîne*.

405 6167 537 6272 Si
607 6171 697 6283 le
773 6177 1179 6328 Peuple
1215 6177 1667 6293 demain
1735 6219 1875 6287 ne
1915 6182 2155 6293 voit
2211 6177 2561 6324 partir
2601 6178 2701 6288 la
2751 6182 3189 6335 Reyne,

421 6327 916 6454 Demain
975 6347 1176 6454 elle
1219 6340 1766 6455 entendra
1833 6379 1954 6455 ce
2009 6343 2426 6494 Peuple
2497 6339 2914 6454 furieux

426 6493 630 6609 Me
686 6540 992 6622 venir
1034 6504 1652 6629 demander
1692 6499 1890 6625 fon
1926 6504 2316 6662 départ
2352 6505 2416 6619 à
2496 6501 2644 6625 fès
2720 6541 3048 6662 yeux.

2807 6665 3181 6831 C iiij
