4267 7821
625 501 714 610 P
1593 454 2890 616 BERENICE.

1847 721 1947 838 A
1987 732 2083 841 R
2127 723 2211 840 S
2247 727 2347 839 A
2403 738 2499 850 C
2555 737 2675 849 E.

636 885 944 993 Vous
988 963 1017 1016 ,
1048 870 1592 1038 Seigneur
1640 963 1673 1019 ,
1728 882 2308 1038 importun
2348 910 2380 1003 ?
2432 905 2737 1009 Vous
2780 983 2813 1036 ,
2856 926 3025 1011 cet
3060 901 3353 1056 Amy
3396 891 3753 1026 fîdelle
3784 953 3817 1025 ;

637 1037 1025 1186 QuVn
1065 1027 1285 1155 foin
1333 1033 1413 1149 fi
1461 1076 2010 1200 généreux
2053 1048 2554 1170 interefle
2621 1092 2906 1209 pour
2957 1058 3150 1181 elle
3213 1084 3254 1181 }

634 1201 1007 1348 Vous,
1050 1234 1227 1319 cet
1290 1201 1991 1353 Antiochus,
2050 1208 2247 1325 fon
2302 1218 2727 1332 Amant
2790 1213 3303 1368 autrefois
3350 1288 3391 1368 }

635 1373 1016 1512 Vous,
1051 1398 1268 1519 que
1311 1365 1800 1482 l’Orient
1827 1404 2156 1486 conte
2195 1406 2504 1491 entre
2535 1377 2688 1497 lès
2727 1387 2968 1536 plus
2999 1380 3416 1542 grands
3439 1386 3800 1511 Rois.»

636 1525 981 1680 Quoy
1032 1518 1285 1678 déjà
1344 1521 1481 1637 de
1516 1527 1833 1644 Titus
1892 1522 2397 1684 l'Epoufe
2460 1577 2601 1654 en
2648 1544 3289 1700 efperance,

653 1697 822 1810 Ce
861 1727 1158 1851 rang
1193 1717 1502 1809 entre
1541 1691 1730 1807 elle
1769 1706 1878 1810 &
1933 1732 2202 1809 vous
2241 1705 2626 1818 met-il
2657 1736 2898 1824 tant
2933 1710 3070 1827 de
3109 1700 3622 1830 diftance.

1590 1862 2899 1999 ANTIOCHUS.

643 2025 852 2161 Va,
907 2012 1288 2171 dis-je,
1343 2025 1456 2137 &
1507 2012 1736 2132 (ans
1788 2016 2224 2138 vouloir
2276 2051 2376 2135 te
2408 2021 2876 2184 charger
2923 2026 3384 2143 d’autres
3427 2023 3712 2177 (oins
3760 2093 3800 2177 ;

648 2189 901 2337 Voy
948 2175 1017 2292 fi
1056 2187 1165 2331 je
1229 2185 1469 2334 puis
1512 2173 1993 2298 bientoft
2068 2184 2241 2340 luy
2297 2189 2657 2339 parler
2688 2188 2937 2307 fans
3009 2185 3529 2310 témoins.

1533 3093 2582 3292 SCENE.
2693 3098 2774 3282 I
2869 3097 3006 3280 I.

1367 3513 2873 3697 ANTIOCHUS,
2927 3512 3256 3697 fml.

693 3855 1011 4139 H
1055 3849 1177 3958 E'
1236 3835 1483 3967 bien
1539 3824 1569 3967 ,
1622 3807 2237 3948 Antiochus
2281 3856 2319 3948 ^
2357 3844 2643 3928 es-tu
2673 3820 3169 3958 toujours
3212 3808 3305 3927 le
3351 3793 3821 3922 mefine?

1060 3992 1708 4141 Pourray-je
1751 3981 1988 4091 fans
2032 3977 2548 4091 trembler
2585 3976 2762 4129 luy
2795 3972 3062 4115 dire,
3095 3976 3230 4121 Je
3274 4002 3546 4085 vous
3570 3967 3860 4081 aime
3876 3983 3912 4075 Z

693 4181 999 4295 Mais
1039 4205 1332 4320 quoy
1371 4186 1401 4274 ?
1451 4144 1753 4298 Déjà
1793 4155 1901 4297 je
1945 4140 2405 4254 tremble
2449 4227 2488 4283 ,
2571 4149 2675 4248 &
2749 4174 3037 4248 mon
3081 4159 3403 4243 cœur
3467 4114 3769 4290 agité

714 4339 1123 4453 Craint
1162 4349 1540 4438 autant
1590 4348 1708 4421 ce
1768 4338 2282 4426 moment
2332 4338 2538 4458 que
2592 4308 2700 4448 je
2744 4303 2945 4446 l’ay
2984 4282 3504 4406 souhaité.

699 4496 1224 4619 Bérénice
1269 4470 1773 4599 autrefois
1813 4461 2217 4580 m’ofta
2257 4497 2553 4574 toute
2587 4455 3206 4609 efperatice.

708 4669 939 4783 Elle
1002 4633 1581 4792 m'impofà
1630 4622 2035 4746 mefae
2108 4668 2259 4741 un
2322 4623 2731 4738 eternel
2784 4614 3199 4732 filence.

703 4832 842 4987 Je
915 4852 1102 4935 me
1151 4807 1340 4925 fuis
1381 4801 1504 4916 tû
1549 4800 1804 4946 cinq
1849 4828 2094 4909 ans.
2205 4796 2334 4901 Et
2397 4772 2802 4941 jufques
2837 4776 2906 4890 à
2963 4811 3088 4889 ce
3127 4786 3382 4930 jour

708 4996 1021 5105 D'un
1074 4975 1357 5098 voile
1400 4949 1891 5078 d'amitié
1940 4964 1977 5104 j
1996 4960 2012 4992 :
2026 4991 2157 5103 ay
2216 4973 2665 5062 couvert
2724 4975 3011 5053 mon
3050 4964 3489 5052 amour.

717 5149 1184 5296 Dois-je
1221 5132 1570 5251 croire
1609 5127 1932 5277 qu’au
1975 5149 2328 5271 rang,
2383 5148 2532 5221 ou
2577 5103 2884 5220 Titus
2933 5101 3030 5212 la
3075 5085 3494 5211 deftine

722 5317 949 5434 Elle
985 5295 1519 5419 m’écoute
1554 5280 1915 5399 mieux
1964 5310 2171 5430 que
2214 5270 2487 5384 dans
2516 5270 2615 5378 la
2652 5249 3183 5379 Paleftine
3222 5279 3261 5368 ?

728 5478 836 5592 Il
876 5452 1376 5623 Pépoufè.
1465 5449 1808 5603 Ày-je
1843 5439 2136 5547 donc
2170 5428 2618 5547 attendu
2653 5463 2776 5536 ce
2805 5443 3326 5532 moment

733 5646 1019 5760 Pour
1069 5663 1255 5744 me
1283 5617 1591 5731 venir
1629 5636 1961 5720 encor
1990 5596 2465 5715 déclarer
2520 5580 2711 5698 fon
2754 5590 3173 5695 Amant
3218 5601 3255 5694 ?

728 5799 912 5922 Ah
966 5821 990 5917 1
1044 5789 1280 5948 puis
1340 5758 1600 5934 qu’il
1623 5758 1850 5878 faut
1888 5765 2222 5913 partir
2272 5846 2302 5902 ,
2332 5784 2786 5908 partons
2825 5738 3056 5856 fans
3085 5742 3254 5888 luy
3293 5724 3770 5882 déplaire
3777 5718 3826 5866 J

723 5978 858 6082 Te
881 5891 1070 6081 nie
1105 5948 1295 6066 fuis
1329 5976 1453 6050 tu
1487 5943 2277 6106 long-temps,
2327 5928 2431 6066 je
2481 5912 2705 6065 puis
2761 5937 3159 6020 encore
3197 5927 3383 6010 me
3411 5891 3719 6019 taire,

728 6131 1244 6254 Retirons
1278 6090 2164 6233 nous,.forçons,
2236 6090 2338 6188 &
2378 6075 2614 6187 fans
2648 6106 2930 6183 nous
2973 6054 3622 6203 découvrir,

769 6293 1148 6422 4Uons
1191 6268 1438 6395 loin
1467 6263 1606 6382 de
1645 6252 1783 6370 les
1817 6282 2083 6407 yeux
2129 6233 2694 6386 l’oublier,
2729 6268 2879 6351 ou
2937 6217 3407 6346 mourir.
