4267 8051
1233 519 2628 696 TRAGEDIE.

236 823 683 951 Ouvrez
742 823 893 977 les
928 853 1281 977 yeux,
1310 813 1869 977 Seigneur
1913 896 1947 950 -
1992 792 2103 915 &
2148 791 2739 955 longeons
2810 803 3121 904 entré
3170 807 3461 894 nous

230 1002 433 1109 Par
486 984 1019 1108 combien
1074 985 1213 1103 de
1258 975 1685 1103 raifons
1750 964 2283 1087 Bérénice
2322 954 2487 1082 eft
2537 954 2597 1073 à
2638 991 2957 1077 vous.

240 1148 1465 1317 Puisqu'aujourd’huy
1516 1143 1847 1265 Titus
1902 1175 2047 1254 ne
2090 1127 2571 1286 prétend
2616 1127 3059 1281 plusluy
3098 1116 3457 1269 pîaire
3458 1201 3497 1259 3

231 1332 703 1492 Songez
766 1362 981 1485 que
1044 1311 1429 1438 voffcre
1467 1310 1895 1464 hymen
1955 1305 2131 1454 luy
2181 1301 2642 1417 devient
2694 1284 3318 1408 neceflaire,

1241 1494 1349 1606 A
1395 1488 1506 1602 N
1553 1463 2534 1600 TIOCKUS.

241 1642 884 1779 Neceffaire
953 1672 982 1767 !

1489 1808 1590 1921 A
1641 1818 1732 1931 R
1781 1815 1858 1930 S
1903 1809 1994 1924 A
2045 1808 2142 1915 C
2201 1808 2328 1930 E.

849 1987 940 2098 A
1001 1971 1156 2092 Tes
1205 1977 1564 2130 pleurs
1629 1971 2198 2092 accordez
2269 1966 2792 2126 quelques
2861 1972 3232 2114 jours;

257 2159 432 2272 De
476 2150 622 2266 les
671 2144 1218 2308 premiers
1256 2132 1748 2307 fànglots
1802 2129 2178 2256 laiffez
2237 2124 2588 2287 paffer
2652 2128 2754 2244 ie
2805 2149 3157 2241 cours.

258 2333 547 2439 Tout
599 2322 1029 2475 parlera
1089 2342 1375 2459 pour
1411 2347 1693 2424 vous
1741 2402 1768 2450 ,
1802 2307 1909 2423 le
1944 2296 2324 2454 dépit,
2388 2301 2491 2413 la
2533 2312 3199 2451 vangeance
3235 2370 3268 2424 ,

266 2479 825 2602 L’abfènce
886 2479 1029 2598 de
1096 2474 1496 2617 Titus,
1552 2480 1653 2590 le
1682 2505 2124 2622 temps,
2182 2453 2561 2581 voffire
2600 2448 3183 2617 préfênce,

268 2653 583 2770 Trois
654 2659 1255 2802 Sceptres,
1326 2674 1543 2801 que
1608 2631 1805 2754 Ton
1862 2636 2115 2749 bras
2176 2672 2315 2749 ne
2368 2621 2889 2785 peutftul
2962 2606 3441 2734 foutenir
3470 2679 3513 2737 5

268 2825 489 2932 Vos
550 2815 831 2932 deux
902 2803 1259 2931 E-ffcats
1300 2794 1799 2948 voiSns,
1862 2805 2047 2963 qui
2102 2788 2723 2916 cherchent
2777 2784 2839 2901 à
2888 2783 3293 2910 s’unir»

261 2972 919 3130 E’interefi,
954 2982 1057 3094 la
1094 2972 1259 3089 rai
1273 2973 1459 3089 ion
1504 3061 1533 3115 ,
1572 2963 2113 3095 l'amitié,
2186 2993 2429 3075 tout
2506 2993 2781 3078 vous
2851 2951 3037 3084 lie,

1183 3143 1465 3261 AN
1509 3139 1859 3257 TIO
1913 3134 2174 3252 CH
2201 3129 2324 3247 TJ
2369 3134 2503 3256 S.

261 3317 362 3430 A
373 3302 448 3429 H
508 3401 541 3460 ,
591 3318 704 3467 je
772 3303 1170 3467 re/pire
1211 3313 1306 3420 A
1322 3348 1366 3419 r
1379 3302 1679 3445 face,
1745 3313 1856 3420 &
1914 3339 2024 3420 tu
2065 3335 2256 3419 me
2305 3329 2566 3409 rens
2631 3286 2738 3403 la
2777 3282 2994 3419 vie,

253 3480 812 3641 J'accepte
885 3511 1160 3594 avec
1221 3465 1586 3628 plaifîr
1651 3510 1804 3587 un
1881 3459 2340 3629 préfàge
2405 3454 2486 3573 fî
2547 3449 2894 3588 doux.

263 3647 532 3792 Que
599 3644 1428 3764 tardons-nous
1489 3665 1526 3755 ?
1573 3634 2198 3756 laitons-ce
2243 3633 2598 3793 qu'on
2657 3606 3042 3734 attend
3098 3607 3240 3729 de
3275 3637 3614 3734 nous.

261 3825 772 3932 Entrons
813 3801 1092 3923 chez
1127 3807 1664 3924 Bérénice
1697 3868 1732 3953 ;
1771 3817 1878 3918 &
1923 3805 2548 3959 puisqu’on
2589 3820 2880 3907 nous
2928 3774 3614 3912 l'ordonne,

266 3983 674 4096 Allons
722 3977 904 4132 luy
974 3969 1476 4091 déclarer
1537 4009 1752 4133 que
1828 3978 2146 4089 Titus
2186 3969 2252 4079 ?
2263 3952 3016 4085 abandonne.

272 4152 583 4270 Mais
629 4136 1039 4304 plutofl
1074 4141 1816 4268 demeurons.
1844 4140 2109 4285 Que
2148 4125 2729 4283 faifois-je?
2760 4109 3141 4237 Eft-ce
3182 4104 3612 4263 àmoy*

272 4309 742 4458 Arfàce,
786 4304 845 4431 à
886 4346 1077 4426 me
1106 4302 1585 4468 charger
1634 4299 1779 4421 de
1824 4345 1951 4421 ce
1992 4308 2281 4422 cruel
2342 4294 2798 4446 employ
2836 4314 2869 4404 ?

272 4486 521 4604 Soit
570 4518 887 4599 vertu
1000 4472 1203 4593 foit
1236 4512 1649 4589 amour
1669 4535 1711 4603 -,
1756 4513 2051 4589 mon
2122 4507 2445 4589 cœur
2494 4467 2727 4582 s'en
2774 4435 3467 4573 effarouche,

272 4649 889 4773 Fairmble
928 4645 1471 4761 Bérénice
1500 4638 2157 4756 entendroit
2200 4639 2341 4756 de
2390 4670 2585 4747 ma
2656 4612 3157 4755 bouche,

284 4821 699 4972 Qu’on
744 4808 1563 4939 l'abandonne.
1640 4801 1825 4925 Ah
1888 4816 2287 4965 Reyne
2348 4827 2371 4924 !
2432 4812 2565 4919 Et
2600 4791 2791 4955 qui
2829 4780 3266 4902 l’auroit
3302 4754 3634 4929 penfé

283 4989 563 5134 Que
628 5021 753 5098 ce
812 5012 1077 5098 mot
1121 4968 1371 5097 duû
1429 4980 1847 5134 jamais
1908 5011 2197 5092 vous
2258 4963 2545 5087 eftre
2606 4942 3210 5119 prononcé
3250 4969 3304 5080 ,?

1545 5141 2480 5279 ÀRSACE;.

277 5309 442 5422 £a
493 5299 824 5426 haine
865 5305 1040 5427 fur
1069 5310 1386 5432 Titus
1441 5306 1972 5427 tombera
2033 5341 2340 5422 toute
2395 5299 2900 5432 entière,

279 5477 914 5642 Seigneur-,
943 5476 1024 5599 fî
1081 5515 1360 5600 vous
1403 5483 1774 5626 pariez
1830 5567 1862 5621 ,
1933 5514 2062 5590 ce
2117 5467 2398 5589 n'eli
2453 5468 2702 5627 qu'à
2751 5456 2848 5579 &
2903 5441 3321 5616 priere.’

1221 5640 2544 5769 ANTIOCHUS.

288 5801 578 5926 Non
633 5896 668 5954 ,
739 5850 878 5930 ne
948 5813 1050 5929 la
1111 5850 1560 5972 voyons
1607 5818 1982 5966 point,
2071 5788 2906 5956 Réipeâonslà
2976 5782 3492 5904 douleur.'

298 5966 609 6092 Allez
660 5975 1140 6098 d’autres
1179 5981 1796 6099 viendront
1828 5981 2006 6134 luy
2081 6007 2475 6089 conter
2520 5965 2717 6083 fbn
2769 5950 3319 6077 malheur.

308 6147 443 6254 Et
497 6180 637 6256 ne
676 6148 777 6260 la
833 6154 1311 6266 crois-tu
1357 6184 1553 6303 pas
1589 6143 1873 6256 allez
1908 6134 2571 6261 infortunée

314 6315 1103 6465 D’apprendre
1158 6316 1229 6433 à
1278 6317 1527 6475 quel
1556 6306 1973 6464 mépris
2018 6312 2335 6423 Titus
2368 6311 2507 6419 l’a
2546 6279 3303 6428 condannée,

304 6479 589 6585 Sans
654 6480 829 6633 luy
890 6479 1345 6600 donner
1426 6516 1775 6596 encor
1824 6479 1925 6592 le
1986 6468 2131 6591 dé
2144 6469 2503 6626 plaifîr
2594 6458 2859 6579 fatal

309 6641 433 6754 D
476 6647 1109 6801 apprendre
1152 6687 1287 6775 ce
1330 6641 1763 6811 mépris
1818 6679 2015 6800 par
2102 6642 2303 6764 fon
2358 6665 2781 6796 propre
2826 6625 3227 6749 Rival?
