4267 7968
612 550 696 688 2
1568 571 2844 745 BERENICE.

601 808 1390 983 Aujourd’Luy
1423 870 1644 992 que
1700 840 1812 957 le
1856 850 2099 966 Ciel
2162 844 2568 978 fanble
2608 910 2802 993 me
2840 879 3345 1056 préfager

610 969 812 1098 Un
866 975 1465 1143 honneur,
1507 1007 1962 1158 qu'avec
2016 1058 2294 1133 vous
2342 1037 2453 1184 je
2494 1032 2941 1184 prêtons
2984 1090 3507 1226 partager
3544 1146 3590 1220 9

616 1149 790 1257 Ce
834 1140 1252 1272 mefme
1312 1161 1947 1292 Antiochus
2023 1182 2127 1293 fe
2157 1187 2637 1315 cachant
2695 1202 2762 1320 à
2831 1254 3031 1329 ma
3094 1264 3360 1346 veue
3410 1321 3449 1376 ,

609 1313 825 1431 Me
876 1306 1169 1434 laifle
1217 1317 1290 1439 à
1353 1326 1461 1443 la
1515 1369 1893 1497 mercy
1943 1342 2269 1469 d’une
2333 1352 2637 1481 foule
2694 1374 3350 1515 inconnue?

1607 1497 2884 1677 ANTIOCHUS,

597 1643 726 1761 Il
771 1633 936 1755 eft
975 1637 1279 1767 donc
1310 1695 1578 1818 vray
1622 1752 1655 1807 ,
1742 1674 2282 1795 Madame
2318 1712 2358 1805 }
2416 1695 2558 1806 Et
2602 1691 2892 1821 fè]on
2934 1747 3062 1828 ce
3103 1711 3596 1837 difeours

596 1798 1164 1962 L’hymen
1228 1820 1924 1952 vafûceeder
1974 1839 2041 1957 à
2098 1886 2294 1962 vos
2328 1857 2797 2020 longues
2835 1908 3289 1998 amours
3323 1909 3361 2004 ?

1650 2001 1740 2114 B
1795 2006 2398 2130 ERENI
2455 2036 2723 2149 CE.

585 2130 1214 2300 Seigneur,
1250 2156 1361 2305 je
1429 2193 1709 2274 vous
1767 2208 2045 2287 veux
2093 2176 2357 2293 bien
2425 2184 2853 2310 confier
2907 2240 3149 2319 mes
3212 2214 3761 2345 allarmes.

595 2301 821 2417 Ces
872 2316 1191 2459 jours
1291 2353 1505 2433 ont
1581 2369 1797 2449 veu
1865 2374 2113 2455 mes
2172 2384 2450 2496 yeux
2558 2353 3036 2521 baignez
3110 2367 3252 2485 de
3357 2380 3886 2547 quelques

949 2468 1385 2595 larmes.

597 2627 775 2740 Ce
815 2629 1100 2798 long
1150 2638 1457 2761 deuil
1497 2685 1712 2813 que
1750 2661 2076 2776 Titus
2110 2665 2638 2823 impofoit
2702 2681 2767 2796 à
2814 2681 2907 2802 fà
2963 2700 3277 2812 Cour
3327 2793 3366 2848 ,

576 2788 683 2903 A
694 2794 946 2930 voit,
976 2804 1396 2924 mefme
1458 2850 1606 2932 en
1670 2814 2000 2937 fècret
2064 2820 2595 2988 fufpendu
2652 2845 2839 2962 fen
2903 2892 3351 2998 amour,

576 2950 1161 3082 Iln’avok
1215 2975 1456 3123 plus
1506 3013 1791 3133 pour
1825 3028 2101 3149 moy
2177 3038 2459 3118 cette
2519 3006 2921 3129 ardeur
2955 3013 3371 3150 afïîduë

575 3116 867 3237 Lors
926 3135 1196 3284 qu’il
1238 3132 1637 3290 paflbit
1683 3148 1833 3264 les
1878 3163 2251 3305 jours,
2311 3168 2746 3284 attaché
2811 3178 2966 3294 fur
3037 3224 3232 3305 ma
3300 3229 3631 3329 veue*

575 3283 988 3433 Miier,
1051 3291 1472 3466 chargé
1539 3306 1687 3418 de
1731 3307 2087 3461 foins,
2136 3338 2245 3441 &
2277 3328 2428 3444 les
2474 3339 2880 3456 lamies
2924 3385 3132 3460 aux
3163 3395 3501 3513 yeux,

573 3449 696 3564 Il
753 3484 905 3563 ne
949 3492 1145 3574 me
1202 3462 1611 3585 laiffoit
1643 3479 1884 3627 plus
1917 3518 2128 3642 que
2176 3487 2320 3605 de
2362 3488 2724 3615 trilles
2758 3509 3226 3641 Adieux,

569 3608 942 3771 Jugez
1010 3622 1158 3740 de
1218 3668 1414 3747 ma
1456 3628 1982 3792 douleur,
2022 3689 2294 3812 moy
2338 3659 2626 3777 dont
2676 3668 3143 3793 Fardeur
3193 3677 3740 3835 extrême,

583 3783 730 3937 Je
760 3818 1034 3901 vous
1068 3790 1272 3949 Fay
1306 3794 1470 3912 dit
1498 3835 1750 3917 cent
1782 3805 2076 3958 fois,
2115 3821 2541 3939 n’aime
2581 3837 2931 3991 enluy
2980 3847 3890 4005 queluy-même*

576 3945 878 4099 Moy
916 3956 1108 4112 qui
1151 3960 1387 4072 loin
1425 3959 1613 4077 des
1648 3975 2329 4129 grandeurs,
2379 3987 2661 4109 dont
2699 3996 2796 4109 il.
2825 3996 2986 4114 eft
3013 4006 3447 4129 reveftu
3484 4106 3523 4165 >

581 4109 989 4232 Aurois
1037 4111 1384 4243 choifi
1439 4116 1637 4243 fon
1679 4168 1999 4253 cœur
2048 4236 2077 4285 ,
2115 4158 2223 4262 &
2255 4147 2736 4274 cherché
2767 4173 2870 4280 fa
2912 4204 3285 4311 vertu.

1537 4296 2191 4426 ANTIO
2248 4323 2345 4436 C
2406 4327 2519 4436 H
2568 4324 2858 4459 US,

579 4423 700 4554 Il
762 4478 826 4559 a
864 4447 1210 4602 repris
1249 4479 1536 4607 pour
1584 4500 1858 4581 vous
1908 4463 2009 4581 fâ
2062 4477 2321 4591 tend
2338 4478 2600 4595 refie
2645 4496 3186 4641 première
3229 4525 3270 4622 ?

1634 4635 2712 4767 BERENICE.

580 4763 900 4880 Vous
958 4759 1294 4893 fuites
1340 4780 1925 4938 fpeétateur
1991 4795 2129 4912 de
2193 4843 2471 4927 cette
2503 4816 2739 4931 nuit
2783 4814 3352 4975 derniere,

576 4921 863 5041 Lors
904 4966 1190 5088 que,
1244 4983 1531 5099 pour
1571 4946 2107 5078 féconder
2151 4977 2305 5087 les
2369 4973 2663 5093 foins
2711 4987 3237 5151 religieux
3282 5081 3315 5134 ,

575 5087 733 5203 Le
803 5099 1153 5213 Sénat
1207 5148 1273 5218 a
1326 5112 1632 5265 placé
1717 5112 1911 5234 fbn
1981 5136 2252 5248 Pere
2317 5173 2640 5254 entre
2698 5147 2854 5263 les
2918 5157 3329 5290 Dieux,

579 5261 775 5374 De
831 5296 957 5374 ce
996 5262 1283 5415 jufte
1322 5277 1708 5399 devoir
1768 5287 1864 5399 fa
1933 5292 2237 5447 pieté
2286 5339 2818 5425 contente

574 5421 689 5536 A
736 5412 933 5535 fait
985 5432 1365 5584 place,
1440 5448 1988 5607 Seigneur
2037 5546 2077 5591 j
2130 5502 2270 5576 au
2302 5459 2544 5581 foin
2592 5469 2730 5584 de
2762 5468 2953 5592 fbn
3008 5484 3542 5626 Amante,

582 5593 730 5712 Ht
778 5588 1200 5710 mefme
1238 5641 1382 5721 en
1416 5645 1544 5721 ce
1592 5648 2174 5772 moment,
2225 5625 2465 5746 fans
2506 5641 2778 5792 qu’il
2819 5646 3119 5761 m’en
3161 5652 3315 5763 ait
3360 5656 3660 5809 parlé
3694 5754 3750 5815 *

584 5744 701 5871 U
772 5743 937 5866 eft
993 5758 1277 5876 dans
1339 5776 1439 5886 le
1493 5780 1837 5892 Sénat
1898 5822 2101 5938 par
2163 5785 2363 5909 fon
2405 5796 2739 5913 ordre
2789 5801 3351 5949 afïemblé.

569 5914 740 6032 Là
797 5913 937 6037 de
969 5926 1081 6039 la
1133 5931 1671 6056 Paleftine
1711 5946 1788 6057 il
1850 5945 2188 6077 étend
2245 5962 2347 6069 la
2389 5956 2989 6115 frontière,

573 6081 694 6197 Il
746 6124 815 6240 y
856 6096 1155 6244 joint
1213 6102 1779 6255 l’Arabie,
1854 6127 1966 6234 8c
2026 6124 2122 6234 la
2176 6128 2490 6280 Syrie
2566 6137 3025 6264 entière.

576 6252 723 6364 Ht
770 6251 848 6364 fi
916 6251 1054 6374 de
1120 6257 1268 6379 fès
1332 6274 1662 6386 Amis
1721 6283 1946 6431 j’en
2006 6281 2252 6400 dois
2316 6295 2678 6409 croire
2742 6303 2844 6412 la
2896 6299 3221 6442 voix,

570 6411 709 6530 Si
753 6414 994 6577 j’en
1026 6429 1314 6551 crois
1370 6424 1518 6555 fès
1550 6433 2036 6575 fermons
2093 6447 2694 6586 redoublez
2757 6465 3065 6592 mille
3125 6459 3424 6617 fois*
