4267 7905
603 489 717 619 4
1555 433 2869 593 BERENICE.

597 695 933 815 Titus
983 721 1299 851 apres
1359 685 1597 819 huit
1637 711 1947 855 jours
2019 705 2343 825 d’une
2419 715 2909 831 retraites
2959 711 3377 851 auftere

613 855 939 979 Ceflè
999 849 1299 975 enfin
1343 855 1483 975 de
1519 865 1947 1015 pleurer
2013 871 2591 1025 Vefpafien
2677 875 2869 995 fon
2923 891 3249 1011 pere.

613 1035 841 1149 Cet
885 1029 1319 1139 Amant
1355 1015 1453 1139 fe
1503 1029 2019 1155 redonne
2079 1077 2291 1149 aux
2337 1029 2627 1155 foins
2681 1041 2817 1165 de
2887 1051 3085 1159 fon
3125 1091 3563 1169 amour,

607 1189 871 1313 JStfi
911 1195 1515 1349 j'encroy,
1571 1195 2127 1361 Seigneur
2177 1205 2869 1345 ^'entretien
2909 1209 3049 1325 de
3099 1215 3197 1325 la
3253 1225 3569 1329 Cour
3599 1303 3635 1361 ?

607 1349 1231 1479 Peut-eftre
1283 1391 1627 1473 avant
1669 1365 1771 1473 la
1843 1365 2075 1483 nuit
2141 1359 2719 1489 l’heureufo
2785 1379 3317 1489 Bérénice

619 1519 1113 1685 Change
1143 1523 1247 1643 le
1271 1565 1567 1649 nom
1601 1519 1741 1639 de
1777 1539 2153 1685 Reyne
2187 1571 2317 1643 au
2363 1575 2647 1649 nom
2687 1535 3579 1699 d’Imperatrice*

1585 1725 2889 1865 ANTIOCHUS.

623 1921 975 2049 Helas
1029 1935 1073 2055 i

1879 2115 2719 2241 ARSACE.

1143 2271 1509 2431 Quoy
1549 2285 1597 2389 ?
1643 2307 1771 2389 ce
1817 2265 2303 2389 difoours
2347 2281 2971 2425 pourroit-il
3021 2321 3291 2399 vous
3345 2281 3903 2405 troubler?

1653 2477 2931 2617 ANTIOCHUS,

623 2635 953 2771 Âinfi
993 2631 1293 2761 donc
1333 2631 1577 2749 fons
1617 2631 2107 2749 témoins
2167 2645 2281 2797 je
2327 2671 2471 2749 ne
2517 2641 2693 2797 luy
2743 2645 2987 2797 puis
3027 2645 3389 2801 parler
3429 2661 3471 2761 ?

1813 2851 2653 2981 ARSACE.

629 3021 949 3135 Vous
989 3011 1097 3125 la
1127 3047 1581 3157 verrez,
1633 3011 2231 3171 Seigneur.
2321 3017 2857 3125 Bérénice
2893 3011 3053 3135 eft
3099 3007 3599 3135 inftruite

639 3181 917 3331 Que
957 3217 1231 3295 vous
1267 3181 1659 3301 voulez
1699 3177 1869 3337 icy
1909 3177 2009 3285 la
2043 3177 2297 3291 voir
2343 3171 2605 3285 foule
2651 3269 2683 3321 ,
2739 3191 2843 3291 &
2893 3177 3063 3295 fon
3079 3217 3121 3291 s
3165 3177 3461 3295 foire.

633 3351 805 3461 La
865 3357 1241 3497 Reyne
1297 3341 1567 3461 d’un
1607 3335 2009 3501 regard
2069 3377 2137 3455 a
2177 3331 2595 3501 daigné
2657 3345 3239 3461 m'avertir

643 3511 891 3661 Qif
901 3505 963 3619 à
999 3501 1365 3625 voftxe
1405 3501 2255 3655 emprefiement
2301 3511 2507 3615 elle
2553 3501 2869 3619 alloit
2909 3501 3511 3635 confonrir.

643 3685 795 3795 £t
839 3671 1067 3789 fons
1113 3671 1443 3785 doute
1493 3671 1699 3789 elle
1735 3659 2111 3785 attend
2183 3665 2287 3785 le
2337 3701 2869 3785 moment
2939 3665 3521 3785 favorable

649 3845 845 3959 De
885 3829 1577 3995 difparoiftre
1617 3871 1829 3943 aux
1859 3871 2133 3991 yeux
2167 3829 2487 3943 d'une
2533 3835 2843 3943 Cour
2899 3835 3095 3995 qui
3135 3839 3197 3949 F
3213 3825 3681 3949 accable,

1571 3999 2869 4119 ANTIOCHUS.

649 4159 769 4283 Il
813 4159 1133 4299 fiffit.
1231 4165 1895 4315 Cependant
1951 4165 2369 4273 n'as-tu
2441 4159 2673 4273 rien
2749 4149 3197 4319 négligé

665 4339 907 4453 Des
973 4329 1361 4449 ordres
1395 4329 2019 4479 importans
2065 4323 2349 4439 dont
2393 4329 2497 4469 je
2533 4355 2575 4433 t
2609 4323 2915 4439 avois
2971 4309 3389 4479 chargé
3433 4339 3475 4439 ?

1827 4489 2683 4619 ARSACE.

665 4663 1299 4825 Seigneur,
1343 4689 1623 4773 vous
1673 4643 2313 4767 connoifTez
2357 4689 2549 4763 ma
2589 4679 3043 4803 promte
3089 4637 3753 4787 obeïfiànce.

665 4833 913 4943 Des
989 4817 1551 4943 VaifTeaux
1595 4813 1869 4933 dans
1915 4807 2241 4933 Oftie
2275 4849 2647 4927 armez
2677 4849 2817 4927 en
2863 4807 3485 4969 diligence,

679 4987 1051 5117 Prefts
1091 4987 1159 5107 à
1195 4987 1591 5149 quitter
1643 4983 1747 5097 le
1777 5013 2039 5133 port
2085 4977 2219 5091 de
2265 5013 2801 5091 momens
2837 5013 2971 5087 en
3017 5003 3629 5113 momens,

675 5153 1427 5293 N’attendent
1463 5183 1747 5297 pour
1801 5143 2143 5303 partir
2199 5179 2411 5297 que
2445 5179 2653 5257 vos
2693 5137 3769 5257 commandement

685 5323 995 5447 Mais
1029 5323 1221 5469 qui
1251 5343 2147 5467 renvoyez-vous
2193 5307 2461 5421 dans
2507 5297 2883 5421 voflre
2935 5311 3677 5457 Comagene?

1683 5467 2987 5597 ANTIOCHUS.

695 5641 1155 5797 Arfoce,
1221 5647 1293 5761 il
1359 5637 1587 5761 faut
1633 5637 1967 5791 partir
2039 5631 2415 5791 quand
2477 5627 2550 5777 j
2553 5667 2889 5787 auray
2945 5615 3157 5751 veû
3207 5621 3317 5745 la
3345 5625 3785 5777 Reyne.

1873 5801 2703 5921 ARSACE.

705 5987 963 6127 Qui
1025 5975 1263 6105 doit
1319 5975 1649 6129 partir
1683 5991 1721 6085 ?

1663 6115 2941 6255 ANTIOCHUS.

1889 6295 2215 6445 Moy.
