4267 7963
639 558 817 685 m
1570 498 2836 660 BERENICE.

646 766 1040 913 Qu’en
1088 762 1552 924 quelque
1584 766 2129 883 obfcurité
2156 809 2366 931 que
2416 767 3109 900 lefbrtl'euft
3142 778 3824 955 faitnaiftre^

632 937 785 1048 Le
814 928 1255 1044 Monde
1300 1016 1335 1070 ,
1362 965 1499 1039 en
1540 934 1635 1040 le
1674 970 2085 1086 voyant
2136 929 2372 1049 euft
2406 975 2911 1055 reconnu
2954 950 3155 1064 fon
3194 959 3671 1085 Maiftre
3702 1001 3739 1092 ?

628 1098 1009 1237 Mais,
1059 1083 1573 1236 Phénice,
1607 1083 1760 1205 où
1795 1104 2465 1252 m’emporte
2499 1136 2647 1215 un
2697 1104 3215 1231 fbuvenir
3244 1116 3899 1262 charmant?

805 1265 1476 1411 Cependant
1539 1266 1906 1372 Rome
1949 1266 2427 1397 entière,
2479 1301 2622 1377 en
2671 1306 2796 1390 ce
2841 1275 3267 1395 inefme
3299 1326 3889 1448 moment,

616 1421 858 1536 Paît
902 1422 1092 1537 des
1140 1451 1490 1531 vœux
1535 1458 1825 1575 pour
1860 1427 2220 1569 Titus,
2280 1441 2388 1542 &
2421 1467 2621 1578 par
2664 1432 2853 1546 des
2904 1440 3433 1567 facrifîces

608 1585 805 1701 De
856 1586 1053 1697 fon
1116 1623 1473 1744 régné
1528 1580 2003 1700 naifiant
2068 1582 2579 1703 confàcre
2634 1597 2785 1708 les
2836 1596 3418 1749 prémices.

608 1751 753 1900 Je
804 1742 1241 1894 prétens
1276 1748 1739 1909 quelque
1790 1746 2029 1899 part
2090 1746 2155 1864 à
2224 1753 2413 1868 des
2456 1751 2931 1874 fouhaits
2992 1763 3071 1879 fl
3126 1768 3470 1911 doux.

608 1902 1091 2028 Phénice
1156 2000 1185 2051 ,
1244 1913 1589 2025 allons
1670 1949 1957 2029 nous
2034 1913 2485 2070 joindre
2556 1955 2765 2037 aux
2840 1960 3191 2049 vœux
3265 1950 3611 2100 qu’on
3678 1943 3887 2071 fait

923 2110 1208 2231 pour
1275 2110 1604 2195 nous.

597 2228 1133 2366 Aufïïtofl
1184 2235 1422 2352 fans
1474 2234 2132 2387 l’attendre,
2172 2250 2283 2357 &
2328 2234 2562 2357 fans
2603 2246 2890 2367 eftre
2946 2255 3552 2414 attendue,

587 2407 736 2558 Je
784 2403 1221 2517 reviens
1302 2400 1403 2511 le
1468 2395 1993 2515 chercher
2039 2494 2064 2536 ,
2122 2415 2231 2517 &
2282 2405 2559 2522 dans
2638 2451 2920 2532 cette
2960 2452 3554 2552 entreveue

598 2567 883 2677 Dire
928 2598 1169 2677 tout
1230 2597 1351 2677 ce
1410 2566 1735 2722 qu’au
1790 2598 2117 2682 cœur
2156 2572 2377 2683 l'un
2432 2571 2573 2686 de
2618 2581 2999 2699 l’autre
3048 2618 3527 2713 contens

601 2727 1154 2884 Infpirent
1187 2721 1372 2843 des
1415 2728 2024 2889 transports
2059 2768 2490 2852 retenus
2531 2733 2610 2853 fi
2639 2743 3411 2910 long-temps.

1384 3091 1644 3237 Fin
1726 3091 1898 3231 du
1970 3097 2589 3246 'Premier
