4267 7821
1386 519 1504 649 T
1574 514 1702 648 R
1766 514 1876 644 A
1946 510 2046 644 C
2108 505 2202 638 £
2272 509 2388 637 D
2464 519 2502 649 I
2574 499 2654 637 E

1447 784 1683 892 PH
1753 780 2115 898 ENI
2185 779 2445 893 CE,

3481 551 3675 713 27
377 942 873 1051 Comme
907 966 1177 1058 voüs
1237 953 1341 1097 je
1385 978 1569 1051 me
1599 939 1927 1092 perds
1965 943 2457 1055 d’autant
2507 933 2731 1085 plus
2775 962 2985 1085 que
3045 943 3205 1085 j’y
3253 937 3633 1093 penfe?

326 1097 655 1213 Mais
708 1141 851 1213 ne
910 1100 1509 1219 s’offre-t-il
1572 1104 1815 1219 rien
1870 1105 1933 1213 à
2006 1094 2385 1219 voftr-e
2448 1091 2949 1209 (buvenir
3000 1121 3031 1209 ?

356 1262 607 1407 Qui.
636 1299 1025 1381 contre
1068 1305 1407 1407 vous,
1450 1268 1999 1381 Madame
2047 1355 2079 1417 ,
2144 1268 2287 1377 ait
2336 1299 2487 1421 pu
2514 1263 2609 1377 le
2646 1259 3163 1411 prévenir
3186 1282 3311 1377 K

363 1436 827 1575 Voyez,
897 1435 1519 1559 examinez.

1405 1599 1493 1703 E
1549 1594 1627 1697 E
1691 1601 1793 1713 R
1863 1591 2105 1703 EN
2155 1588 2207 1692 I
2263 1589 2537 1703 CE.

1398 1756 1820 1891 Helas,
1894 1787 2002 1859 tu
2066 1782 2348 1897 peux
2398 1751 2698 1859 m’en
2754 1751 3112 1901 croire
3126 1815 3173 1901 5

379 1914 617 2027 Plus
667 1925 771 2069 je
825 1950 1097 2033 veux
1147 1909 1289 2027 du
1375 1914 1663 2069 pâlie
1707 1911 2237 2063 rappeller
2281 1915 2379 2023 la
2439 1915 2985 2031 mémoire
3025 2001 3061 2053 >

373 2078 557 2185 Du
591 2087 841 2221 jour
897 2112 1103 2237 que
1133 2089 1239 2227 je
1273 2077 1371 2191 le
1431 2083 1657 2220 vis,
1697 2067 2109 2233 julqu’â
2149 2112 2263 2185 ce
2297 2063 2599 2185 trifte
2629 2083 2879 2221 jour
2917 2165 2955 2217 y

378 2240 619 2349 Plus
666 2251 775 2391 je
810 2280 1025 2395 voy
1090 2241 1433 2395 qu’on
1488 2280 1686 2355 me-
1722 2271 1967 2395 peut
2016 2231 2609 2384 reprocher
2662 2271 2915 2389 trop
2972 2231 3545 2375 d’amour?

372 2399 659 2511 Mais
698 2435 811 2511 tu
854 2434 1127 2513 nous
1180 2402 1809 2533 entendois.
1908 2399 2007 2511 Il
2046 2438 2191 2511 ne
2250 2392 2471 2511 faut
2520 2403 2761 2511 rien
2810 2438 2999 2513 me
3040 2405 3357 2532 taire.

373 2560 719 2695 Parle.
841 2570 1305 2721 N’ay-je
1359 2567 1595 2681 rien
1629 2570 1789 2681 dit
1825 2567 2013 2721 qui
2057 2567 2233 2714 luy
2277 2557 2605 2715 putile
2643 2556 3129 2715 déplaire
3187 2593 3225 2679 ?

376 2714 1159 2879 Quefçay-je?
1246 2729 1489 2883 J’ay
1558 2719 2451 2884 peut-eftreavec
2517 2760 2775 2879 trop
2807 2724 2945 2843 de
2989 2721 3433 2843 chaleur

378 2880 868 2997 Rabaitfe
902 2882 1044 3001 lès
1080 2883 1590 3041 prcfèns,
1620 2933 1768 3005 ou
1812 2886 2184 3007 blâmé
2220 2886 2314 3001 là
2378 2893 2856 3007 douleur.

382 3041 893 3163 N’eft-ce
949 3054 1265 3205 point
1315 3091 1523 3209 que
1573 3054 1713 3169 de
1769 3065 2139 3169 Rome
2185 3054 2273 3163 il
2329 3055 2781 3168 redoute
2827 3055 2929 3163 la
2974 3041 3307 3163 haine
3347 3074 3393 3163 ?

383 3204 475 3310 Il
515 3213 873 3321 craint
901 3209 1473 3363 peut-eftre
1533 3308 1559 3361 ,
1639 3224 1709 3331 il
1759 3219 2121 3331 craint
2179 3209 2735 3367 d*épou(èr
2813 3248 3031 3327 une
3081 3214 3505 3363 Reÿne*

378 3370 725 3485 Helas
774 3391 797 3489 !
860 3381 1015 3490 s’il
1062 3371 1390 3490 eftoir
1446 3380 2226 3531 vray,...Mais
2272 3417 2512 3491 non
2580 3467 2612 3519 ,
2632 3377 2707 3489 il
2748 3414 2812 3484 a
2840 3411 3087 3489 cent
3120 3371 3337 3485 fois

382 3528 827 3647 Raffuré
876 3578 1163 3653 mon
1202 3579 1597 3653 amour
1660 3575 2049 3657 contre
2088 3549 2359 3653 leurs
2402 3539 2707 3657 dures
2734 3539 3041 3663 Lois.

383 3690 679 3809 Cent
715 3691 1011 3831 fois..
1095 3697 1271 3815 Ah
1329 3727 1347 3821 j
1411 3706 1723 3855 Qu’il
1757 3706 2419 3861 m’explique
2459 3743 2609 3815 un
2649 3696 3031 3815 filence
3065 3687 3143 3809 fi
3173 3686 3479 3827 rude.

372 3854 501 3999 Je
575 3895 719 3967 ne
771 3855 1163 4013 refpire
1226 3901 1423 4019 pas
1479 3887 1759 3979 dans
1809 3901 2079 3979 cette
2135 3862 2827 3993 incertitude.

372 4020 732 4167 Moy,
774 4033 882 4177 je
922 4026 1334 4141 vivrois
1384 4119 1412 4167 ,
1462 4022 1986 4161 Phenice,
2062 4042 2166 4141 &
2216 4042 2328 4187 je
2382 4026 2888 4181 pourrois
2938 4013 3316 4177 penfor

378 4170 689 4325 Qffii
729 4225 917 4299 me
967 4191 1493 4349 négligé,
1589 4171 2033 4303 oitfbien
2103 4226 2315 4349 que
2389 4195 2603 4345 j’ay
2649 4222 2787 4339 pu
2840 4174 3377 4299 i’offenfor
3433 4211 3479 4295 ?

383 4338 1085 4466 Retournons
1131 4359 1289 4463 fur
1329 4349 1473 4461 lès
1513 4390 1753 4503 pas.
1845 4359 2139 4471 Mais
2195 4353 2573 4513 quand
2613 4363 2721 4503 je
2785 4352 3515 4487 m'examine.

376 4506 507 4651 Je
574 4547 836 4665 croy
912 4512 1046 4629 de
1124 4549 1244 4625 ce
1294 4507 1794 4628 defbrdre
1828 4517 2384 4629 entrevoir
2448 4516 2954 4671 l’origine
3010 4609 3046 4655 ,

396 4654 929 4813 Phénice,
972 4678 1051 4787 il
1096 4711 1351 4787 aura
1410 4679 1635 4787 lceu
1670 4710 1905 4791 tout
1946 4719 2073 4793 ce
2102 4679 2293 4835 qui
2322 4669 2567 4789 s’eff
2596 4669 2935 4829 pafié.

393 4828 907 4951 L'amour
949 4832 1687 4955 d’Antiochus
1731 4843 1865 4955 l’a
1941 4837 2537 4991 peut-eftre
2573 4832 3021 4954 offènie.

399 4986 485 5088 Il
531 5001 897 5113 attend
942 5091 975 5139 ,
1028 5007 1581 5113 m’a-t-on
1638 5004 1875 5143 dit,
1950 5005 2049 5115 le
2118 5010 2363 5159 Roy
2398 5005 2537 5119 de
2576 5005 3291 5159 Comagene,

398 5142 576 5263 Ne
632 5149 1244 5277 cherchons
1276 5169 1604 5317 point
1656 5165 2068 5277 ailleurs
2108 5172 2200 5277 le
2230 5162 2496 5323 fujet
2530 5167 2664 5277 de
2710 5204 2898 5278 ma
2938 5169 3300 5313 peine.

382 5310 659 5429 Sans
704 5321 1025 5439 doute
1075 5361 1193 5439 ce
1233 5323 1703 5491 chagrin
1753 5331 1941 5485 qui
1997 5331 2303 5445 vient
2342 5331 2477 5441 de
2525 5330 3199 5465 m’allanner
3249 5402 3291 5465 s

387 5472 705 5591 N’eft
735 5499 1071 5647 qu’un
1101 5494 1397 5653 leger
1453 5491 1927 5639 foupçon
1971 5485 2287 5606 facile
2337 5485 2401 5603 à
2471 5485 3057 5617 déformer.

366 5636 505 5785 Je
550 5682 688 5755 ne
734 5683 836 5765 te
896 5683 1234 5770 vante
1298 5657 1630 5805 point
1686 5687 1962 5765 cette
2000 5647 2342 5765 foible
2374 5647 2908 5791 viâoire,

382 5804 729 5939 Titus.
814 5814 1071 5958 Ah,
1130 5825 1305 5969 plu
1320 5811 1406 5923 il
1456 5850 1590 5929 au
1640 5815 1943 5953 Ciel,
2000 5850 2207 5973 que
2256 5809 2487 5923 fons
2540 5808 2905 5929 blefier
2978 5845 3083 5923 ta
3126 5809 3555 5969 gloire,

387 5956 577 6077 Un
637 5977 949 6091 Rival
999 5982 1233 6136 plus
1293 5972 1759 6127 puifiânt
1825 5970 2247 6091 vouluft
2297 6009 2643 6091 tenter
2693 6013 2885 6087 ma
2929 6013 3113 6127 roy
3167 6065 3199 6117 ,

383 6130 511 6233 L*
540 6135 847 6279 peuft
900 6173 1295 6269 mettre
1324 6135 1393 6253 à
1426 6176 1663 6265 mes
1710 6141 1957 6295 piez
1990 6145 2217 6299 plus
2260 6137 2875 6299 d’Empires
2912 6175 3061 6295 qu
3148 6124 3423 6295 toyj

2786 6304 2882 6417 C
2962 6313 3042 6459 ij
