4267 7939
1344 598 2688 784 TRAGEDIE.
3444 648 3613 817 if

342 836 476 968 £t
538 843 782 963 fans
847 848 1256 1009 prefter
1314 857 1758 973 l’oreille
1824 856 1886 972 à
1934 863 2032 973 la
2102 864 2362 977 voix
2428 857 2616 974 des
2686 857 3272 1009 Flatteurs',

336 1012 385 1163 j
412 1053 471 1128 e
533 1054 807 1128 veux
848 1059 1045 1169 par
1090 1013 1465 1138 voftre
1508 1018 1943 1137 bouche
1972 1024 2511 1143 entendre
2546 1050 2791 1138 tous
2836 1024 2993 1138 les
3052 1030 3547 1179 Coeurs^

341 1188 648 1289 Vous
693 1220 880 1293 me
915 1187 1262 1299 l’avez
1307 1189 1774 1339 promis.
1855 1184 2002 1303 Le
2057 1189 2472 1340 refpeél
2531 1204 2632 1304 &
2707 1193 2812 1303 la
2863 1194 3278 1314 crainte

341 1348 865 1458 Ferment
913 1380 1302 1464 autour
1343 1353 1484 1465 de
1549 1390 1814 1504 moy
1879 1354 1978 1469 le
2041 1348 2486 1511 paflàge
2539 1354 2605 1468 à
2659 1352 2766 1473 la
2819 1354 3281 1504 plainte.

332 1504 621 1619 Pour
660 1508 1025 1628 mieux
1064 1510 1623 1659 voir,cher
1672 1519 2092 1660 Paulin,
2132 1528 2239 1630 &
2284 1555 2573 1677 pour
2618 1518 3153 1639 entendre
3192 1534 3606 1690 mieux.

331 1668 466 1825 Je
531 1706 802 1789 vous
869 1715 932 1836 a
935 1719 1014 1836 y
1081 1674 1640 1795 demandé
1715 1675 1904 1794 des
1973 1685 2481 1819 oreilles,
2547 1684 2736 1804 des
2785 1724 3111 1836 yeux.

326 1834 571 1991 J’ay
626 1840 845 1955 mis
914 1841 1335 1964 mefïne
1390 1839 1459 1960 à
1520 1880 1645 1960 ce
1684 1844 1935 1996 prix
2000 1885 2291 1962 mon
2350 1839 2735 1966 amitié
2774 1817 3230 1997 iecrete,

325 1994 574 2155 J’ay
641 2009 983 2124 voulu
1033 2050 1248 2170 que
1297 2005 1484 2126 des
1539 2010 1956 2125 Coeurs
1995 2051 2270 2130 vous
2305 2004 2410 2125 tu
2423 2009 2674 2130 liiez
2709 2015 3406 2177 l’Interprète
3441 2021 3480 2171 j

335 2152 730 2300 Qu’au
779 2200 1190 2296 travers
1239 2173 1432 2291 des
1461 2170 1976 2291 Flatteurs
2029 2169 2404 2290 voftre
2459 2175 2963 2295 fincerité

330 2320 555 2441 Fift
620 2345 1132 2491 toujours
1188 2336 1607 2502 julqu'à
1644 2377 1922 2501 moy
1984 2335 2324 2496 paifer
2372 2345 2480 2455 la
2526 2346 2946 2480 Vérité.

331 2488 705 2605 Parlez
749 2500 1093 2640 donc.
1183 2509 1447 2651 Que
1489 2500 1870 2621 faut-il
1907 2541 2115 2667 que
2159 2510 2687 2627 Bérénice
2739 2509 3091 2666 efpere
3131 2543 3173 2631 ?

330 2648 710 2771 Rome
766 2666 946 2821 luy
988 2666 1546 2786 fèra-t'elle
1586 2670 2316 2833 indulgente,
2366 2713 2518 2786 ou
2562 2666 2910 2791 flvere
2969 2703 3024 2797 >

333 2820 813 2982 Dois-je
863 2836 1225 2949 croire
1270 2825 1747 2997 qu’alfilè
1787 2872 1929 2946 au
1989 2833 2387 2952 Trône
2429 2837 2617 2955 des
2677 2835 3061 2962 Célàrs

326 2968 596 3102 Une
651 2985 726 3106 fi
769 2990 1034 3116 belle
1073 3006 1454 3163 Reyne
1497 2990 2012 3112 offénfaft
2065 2990 2208 3113 lès
2263 3000 2720 3163 regards
2751 3033 2796 3127 l

1550 3130 2409 3299 PAULIN/

331 3310 653 3432 N’en
697 3316 1097 3442 doutez
1130 3333 1521 3485 point,
1570 3331 2167 3488 Seigneur.
2268 3331 2527 3452 Soit
2559 3321 2915 3446 raifon
2954 3374 3101 3454 ou
3134 3346 3613 3494 caprice,

325 3480 704 3598 Rome
775 3524 916 3601 ne
957 3493 1416 3607 l’attend
1493 3497 1820 3644 point
1859 3532 2140 3649 pour
2211 3494 2408 3608 lon
2473 3497 3249 3649 Impératrice.

324 3646 525 3758 On
584 3643 829 3800 Içaic
878 3662 1251 3813 qu’elle
1298 3653 1459 3773 eft
1494 3652 2186 3793 charmante.
2304 3668 2435 3773 Et
2468 3661 2601 3774 de
2642 3656 2735 3787 ft
2774 3657 3087 3782 belles
3130 3674 3509 3789 mains

315 3802 902 3928 Semblent
941 3859 1212 3938 vous
1257 3821 1872 3939 demander
1933 3828 2468 3978 l’Empire
2505 3822 2694 3938 des
2743 3837 3349 3968 Humains.

329 3972 554 4084 Elle
599 4009 662 4084 a
705 3973 1118 4103 niefme
1161 4077 1189 4129 ,
1229 3983 1614 4103 dit-on
1677 4081 1707 4133 ,
1751 3994 1846 4102 le
1889 4019 2228 4103 cœur
2269 3984 2600 4103 d’une
2639 3998 3281 4130 Romaine.

324 4134 549 4252 Elle
604 4179 669 4252 a
708 4149 1015 4263 mille
1058 4183 1464 4284 vertus.
1564 4154 1873 4273 Ivlais
1916 4247 1948 4303 ,
2000 4157 2620 4314 Seigneur,
2654 4153 2859 4269 elle
2894 4157 3065 4274 eft
3104 4174 3546 4320 Reyne,.

319 4292 755 4454 Rome,
811 4344 1014 4465 par
1065 4354 1282 4433 une
1333 4323 1572 4474 Loy
1617 4411 1655 4461 ,
1711 4318 1908 4474 qui
1969 4359 2110 4432 ne
2181 4319 2280 4430 le
2341 4350 2594 4471 peut
2665 4313 3241 4490 changer,

324 4458 871 4589 N'admet
936 4518 1200 4594 avec
1256 4483 1452 4594 lon
1494 4484 1758 4646 fàng
1814 4519 2182 4599 aucun
2232 4478 2502 4642 làng
2542 4478 3064 4646 étranger
3156 4585 3188 4641 ,

317 4632 458 4739 Et
503 4675 647 4749 ne
719 4639 1366 4760 reconnoift
1431 4655 1757 4800 point
1809 4650 1955 4764 les
2015 4643 2311 4760 fruits
2355 4639 3049 4806 illégitimes,

315 4792 557 4934 Qui
619 4805 1085 4925 nailient
1131 4809 1401 4919 d’un
1463 4830 1913 4965 Hymen
1963 4819 2521 4929 contraire
2583 4814 2653 4925 à
2691 4805 2845 4925 lès
2887 4825 3487 4951 maximes.

310 4958 994 5116 D’ailleurs,
1054 5007 1324 5085 vous
1370 4975 1464 5086 le
1534 4974 1970 5135 Içavez,
2030 5015 2166 5088 en
2212 4970 2842 5091 bannifiànt
2894 4978 3038 5100 (es
3072 4986 3428 5127 Rois,

315 5118 693 5240 Rome
755 5130 813 5241 à
863 5175 983 5246 ce
1039 5175 1323 5249 nom
1395 5129 1479 5246 fi
1551 5139 1893 5255 noble
2025 5149 2129 5250 &
2201 5136 2273 5254 fi
2325 5140 2599 5255 faim
2635 5128 3245 5291 autrefois,

316 5284 798 5408 Attacha
869 5336 1148 5451 pour
1189 5305 1592 5451 jamais
1648 5341 1862 5414 une
1918 5301 2248 5436 ha.inç
2305 5306 2848 5457 puiliante
2887 5378 2920 5462 z

311 5450 451 5559 Et
510 5491 807 5613 quoy
864 5460 1113 5627 qu'à
1163 5465 1309 5575 les
1359 5460 1737 5582 Céfars
1787 5460 2229 5612 fidelle,
2263 5460 2931 5622 obeïflànte,

319 5614 642 5731 Cette
687 5626 1014 5746 haine
1068 5718 1097 5776 ,
1136 5631 1690 5791 Seigneur
1744 5724 1777 5772 ,
1834 5625 2110 5747 refte
2153 5631 2290 5746 de
2339 5626 2444 5745 fa
2491 5629 2808 5750 fierté
2856 5728 2889 5776 ,

306 5780 688 5906 Survit
727 5796 1004 5911 dans
1069 5831 1318 5907 tous
1357 5801 1506 5910 les
1575 5831 1968 5911 cœurs
2009 5832 2322 5947 apres
2361 5801 2460 5911 la
2499 5796 2951 5934 liberté.

300 5934 587 6091 Jules
634 6043 663 6092 ,
718 5967 901 6122 qui
934 5967 1031 6082 le
1094 5962 1571 6113 premier
1622 5967 1723 6077 la
1782 5960 2201 6077 fournit
2268 5962 2331 6076 à
2396 5957 2539 6078 (es
2586 6002 2957 6082 armes
2990 6055 3019 6108 ,

309 6102 556 6242 Qui
599 6115 716 6232 fit
759 6131 1020 6242 taire
1075 6132 1222 6244 les
1259 6131 1520 6241 Lois
1587 6127 1858 6242 dans
1905 6131 2010 6237 le
2071 6122 2364 6242 bruit
2413 6127 2600 6246 des
2677 6137 3190 6251 allarmes

310 6262 637 6391 Brûla
688 6318 959 6432 pour
1018 6297 1625 6447 Cleopatre
1668 6385 1696 6437 ,
1746 6308 1851 6406 &
1900 6287 2139 6402 fans
2190 6284 2291 6402 le
2352 6287 2839 6416 déclarer
2886 6390 2920 6446 ,

305 6426 626 6561 §eà
670 6452 944 6577 dans
992 6468 1030 6582 1
1074 6463 1494 6583 Orient
1544 6458 1656 6583 la
1724 6452 2024 6572 laifla
2070 6446 2605 6608 (bupircp.

1817 6628 2202 6743 Tome
2293 6627 2491 6743 11.
2929 6626 3018 6734 B
