4267 7839
1432 386 2692 540 TRAGEDIE.

3555 451 3616 571 5

374 632 562 758 Hé
657 673 956 793 quoy
1032 670 1068 762 ?
1170 637 1598 761 fouftrir
1694 638 2206 797 toûjours
2302 680 2448 756 un
2548 668 3116 762 tourment
3231 647 3630 805 quelle

687 805 1099 961 ignore
1143 832 1181 924 ?

371 954 941 1109 Toûjours
995 971 1337 1087 verfèr
1389 969 1573 1085 des
1623 976 1971 1126 pleurs
2031 971 2288 1131 qu'il
2337 966 2563 1088 Faut
2601 1007 2809 1130 que
2839 985 2951 1129 je
3005 970 3409 1089 dévoré
3451 995 3497 1093 ?

378 1120 727 1277 Quoy
766 1129 1177 1246 mefme
1210 1175 1355 1247 en
1404 1142 1503 1247 la
1546 1138 2013 1283 perdant
2042 1139 2553 1251 redouter
2598 1133 2783 1249 fon
2838 1174 3381 1251 courroux
3426 1165 3467 1259 Z

378 1286 672 1399 Belle
705 1295 1084 1445 Reyne
1128 1364 1150 1384 *
1195 1312 1298 1411 &
1367 1333 1936 1457 pourquoy
1989 1337 2264 1417 vous
2313 1290 3294 1414 offenfèriez-vous
3333 1325 3370 1417 ?

378 1444 901 1605 Viens-je
954 1496 1223 1573 vous
1266 1460 1875 1575 demander
1923 1495 2135 1615 que
2196 1496 2467 1574 vous
2515 1465 2963 1619 quittiez
3006 1465 3545 1615 l’Empire
3574 1460 3641 1614 J

373 1608 639 1742 Que
685 1649 955 1727 vous
1011 1627 1625 1742 m’aimiez?
1675 1623 2069 1737 Helas!
2113 1635 2221 1779 je
2271 1664 2415 1736 ne
2455 1665 2753 1783 V2ens
2793 1663 3003 1783 que
3043 1664 3313 1737 vous
3349 1629 3649 1780 dire^

388 1772 684 1904 Qu’a
704 1807 936 1905 près
986 1781 1426 1895 m’eftre
1460 1791 2110 1946 longtemps
2150 1780 2447 1894 flatté
2502 1823 2722 1941 que
2756 1827 3038 1902 mon
3084 1791 3411 1907 Rival

377 1934 1048 2054 Trouveroit
1093 1940 1150 2054 à
1209 1951 1354 2059 les
1419 1990 1764 2063 vœux
1813 1950 2282 2105 quelque
2333 1939 2810 2063 obflacle
2843 1945 3094 2064 fatal
3145 2017 3166 2037 •

378 2094 1139 2258 Aujourd’huy
1229 2115 1487 2267 qu’il
1545 2144 1799 2263 peut
1842 2139 2150 2253 tout,
2209 2144 2421 2264 que
2480 2108 2849 2231 voftre
2920 2108 3335 2268 hymen
3410 2107 3627 2238 s'a--

709 2301 1125 2410 vance,

378 2410 920 2573 Exemple
960 2424 1529 2549 infortuné
1578 2433 1651 2548 d
1694 2470 1906 2544 une
1960 2435 2380 2595 longue
2446 2429 3114 2583 confiance,

383 2588 736 2726 Apres
805 2593 1064 2752 cinq
1103 2634 1298 2707 ans
1343 2597 1917 2737 d’amour,
1985 2607 2094 2707 &
2155 2600 2614 2748 d'efpoir
2651 2598 3152 2753 fuperflus
3191 2691 3233 2737 ,

377 2742 509 2886 Je
541 2770 858 2891 pars,
898 2741 1263 2869 fidelle
1301 2797 1644 2870 encor
1683 2755 2059 2916 quand
2119 2767 2223 2911 je
2261 2760 2739 2909 n’efpere
2793 2767 3068 2915 plus.

383 2904 557 3008 Au
625 2903 1661 3064 Üeudes’ofFenfèr,
1711 2918 1905 3032 elle
1935 2955 2333 3074 pourra
2379 2960 2563 3035 me
2623 2924 3161 3071 plaindre,

388 3058 750 3216 Q^uoy
796 3078 1064 3233 qu’il
1108 3122 1242 3194 en
1292 3077 1496 3233 foit
1542 3175 1574 3233 ?
1634 3083 2064 3238 parlôs,
2098 3078 2351 3198 c’eft
2384 3082 2656 3197 afléz
2696 3123 2976 3202 nous
3032 3093 3620 3248 contraint

705 3231 971 3381 dre,

388 3380 534 3488 Bt
581 3425 792 3539 que
847 3435 1100 3545 peut
1133 3399 1712 3544 craindre,
1757 3394 2048 3519 helas
2104 3431 2114 3457 !
2159 3445 2314 3524 un
2377 3410 2808 3525 Amant
2841 3403 3070 3528 fans
3113 3415 3452 3574 efpoir

389 3542 639 3696 Qui
684 3589 937 3705 peut
975 3561 1237 3683 bien
1283 3561 1387 3682 Ce
1435 3561 1925 3682 refoudre
1987 3567 2053 3683 à
2087 3609 2243 3688 ne
2281 3574 2385 3686 la
2430 3573 2819 3727 jamais
2869 3582 3119 3692 voir
3155 3609 3191 3701 ?

1192 4372 2197 4557 SCENE
2421 4373 2777 4555 III.

643 4723 2199 4893 antiochus,
2275 4726 2400 4863 a
2451 4732 2716 4869 rs
2767 4729 3251 4880 ace.

1357 5051 1457 5165 A
1501 5053 1749 5174 NT
1793 5058 1993 5168 IO
2041 5054 2445 5176 CHU
2493 5060 2621 5188 S.

699 5365 1089 5513 Rfice,
1133 5400 2059 5489 entrerons-nous
2113 5406 2149 5498 ?

1578 5537 1925 5653 ARS
1974 5537 2400 5652 ACE.

1619 5705 2156 5857 Seigneur
2211 5792 2238 5845 ,
2280 5701 2494 5861 j’ay
2537 5712 2686 5820 tu
2729 5712 2828 5820 la
2863 5711 3294 5871 Reyne^

388 5850 686 5963 Mais
756 5884 1032 6005 pour
1068 5902 1258 5980 me
1312 5858 1578 5978 faire
1618 5863 1930 6005 voir,
2002 5869 2110 6014 je
2150 5869 2396 6018 n’ay
2440 5864 2762 6015 percé
2797 5910 2940 6028 qu
2976 5916 3038 5988 a
3071 5889 3394 6029 peine

383 6012 583 6121 Les
643 6012 893 6127 flots
929 6023 1431 6181 toûjours
1471 6059 2049 6141 nouveaux
2087 6022 2345 6142 d’un
2383 6034 2767 6182 Peuple
2817 6034 3395 6167 adorateur

387 6166 931 6309 Qu’attire
969 6187 1130 6311 fur
1163 6191 1315 6306 fes
1383 6220 1575 6346 pas
1628 6181 1727 6305 fà
1767 6182 2365 6342 prochaine
2415 6190 3028 6355 grandeur.

2740 6357 3023 6524 A ij
