4267 8126
695 670 953 795 LZ>
1729 656 1979 796 BE
2037 666 2143 806 R
2221 667 2497 812 EN
2549 660 2973 806 ICE,

2000 936 2832 1081 PAULIN.

699 1094 896 1265 Hé
963 1137 1266 1266 quoy
1321 1190 1353 1250 ,
1411 1100 2043 1261 Seigneur,
2125 1094 2274 1217 hé
2337 1143 2634 1266 quoy
2675 1136 2714 1228 ?
2823 1117 3144 1229 Cette
3209 1111 4062 1287 magnificence

699 1274 947 1412 Qui
1015 1317 1149 1391 va
1217 1269 1635 1434 jufqu'à
1697 1264 2339 1424 l’Euphrate
2379 1269 2851 1393 étendre
2893 1269 2993 1397 û
3029 1274 3671 1439 puiffance,

698 1444 1007 1560 Tant
1068 1438 1846 1582 d’honneurs,
1898 1438 2191 1550 dont
2232 1434 2635 1556 l’excès
2686 1486 2751 1560 a
2798 1439 3191 1599 firpris
3220 1450 3317 1562 le
3352 1458 3764 1604 Sénat,

704 1618 1022 1730 Vous
1064 1602 1492 1725 laitfent
1534 1677 1578 1699 -
1614 1607 1746 1719 ils
1814 1634 2164 1720 encor
2200 1613 2720 1730 craindre
2760 1614 2862 1731 le
2924 1655 3216 1736 nom
3258 1614 3750 1783 d’ingrat
3788 1644 3830 1740 ?

699 1776 921 1894 Sur
973 1808 1230 1889 cent
1285 1773 1758 1927 Peuples
1823 1808 2418 1889 nouveaux
2459 1787 3003 1905 Bérénice
3057 1787 3813 1926 commande,

1999 1946 2709 2084 TITUS.

704 2105 1144 2228 Foibles
1210 2098 1916 2228 amufimens
1968 2104 2296 2223 d’une
2332 2111 2794 2229 douleur
2850 2105 2921 2227 fi
2992 2116 3442 2281 grande
3512 2137 3539 2237 ï

688 2268 832 2428 Je
922 2317 1058 2391 co
1074 2305 1138 2391 n
1160 2321 1312 2392 no
1328 2316 1392 2434 y
1450 2280 1984 2397 Bérénice
2036 2370 2068 2422 ,
2148 2289 2466 2395 &'ne
2534 2282 3022 2445 fçayque
3082 2321 3348 2450 trop
3432 2289 3702 2407 bien

699 2438 975 2586 Que
1037 2437 1229 2559 fin
1275 2474 1609 2561 cœur
1661 2443 1841 2561 n’a
1877 2449 2281 2602 jamais
2347 2443 2916 2566 demandé
2987 2489 3205 2613 que
3283 2458 3389 2570 le
3447 2465 3813 2592 mien.

687 2612 827 2766 Je
879 2601 1403 2772 i’aimay,
1487 2622 1599 2767 je
1661 2617 1837 2768 luy
1877 2612 2175 2762 plus.
2295 2617 2725 2772 Depuis
2781 2649 3069 2733 cette
3109 2623 3661 2778 journée,

708 2798 742 2930 (
788 2780 1270 2930 Dois-je
1312 2782 1546 2899 dire
1582 2770 2016 2894 funefte
2062 2872 2096 2930 ,
2136 2776 2438 2899 helas
2500 2804 2524 2900 !
2586 2824 2734 2904 ou
2770 2776 3294 2904 fortunée
3332 2822 3364 2910 ?
3416 2786 3454 2931 )

688 2946 996 3058 Sans
1052 2950 1376 3064 avoir
1434 2986 1578 3063 en
1660 2951 2096 3063 aimant
2138 2945 2572 3109 d’objet
2607 2988 2820 3116 que
2882 2941 3084 3067 fin
3146 2993 3560 3074 amour

693 3102 1381 3276 Eflrangeré
1459 3114 1741 3231 dans
1809 3119 2191 3238 Rome
2259 3209 2291 3263 ,
2369 3125 2963 3238 inconnue
3035 3119 3099 3237 à
3173 3130 3279 3242 la
3341 3134 3703 3263 Cour.,

689 3282 933 3402 Elle
998 3273 1293 3433 passe
1343 3278 1493 3396 fis
1540 3295 1937 3443 jours,
1989 3283 2375 3403 Paulin
2420 3377 2459 3434 ,
2513 3280 2751 3406 fins
2829 3289 3063 3401 rien
3104 3284 3713 3448 prétendre

682 3442 970 3590 Que
1006 3452 1476 3612 quelque
1508 3447 1842 3565 heure
1876 3444 1942 3564 à
1978 3490 2170 3565 me
2206 3453 2458 3575 voir
2512 3548 2544 3602 ,
2592 3468 2702 3570 &
2740 3452 2840 3570 le
2876 3447 3158 3572 refte
3194 3460 3258 3576 à
3310 3452 4040 3596 m’attendre^

678 3616 1066 3729 Encor
1128 3611 1206 3728 fi
1279 3611 1974 3781 quelquefois
2052 3658 2200 3735 un
2279 3659 2492 3777 peu
2548 3622 2942 3740 moins
2998 3618 3348 3745 affidu

671 3770 821 3936 Je
883 3775 1181 3941 pafiè
1253 3786 1355 3898 le
1413 3818 2037 3936 moment>
2111 3828 2269 3905 ou
2327 3801 2449 3949 je
2517 3780 2725 3904 fuis
2787 3796 3317 3940 attendu,

666 3954 811 4094 Je
856 3951 965 4067 la
1026 3985 1377 4110 revoy
1450 3946 1941 4073 bientoft
1978 3950 2117 4068 de
2158 3961 2519 4111 pleurs
2584 3987 2905 4077 toute
2966 3950 3523 4114 trempée.

672 4120 890 4232 Ma
968 4120 1296 4235 main
1368 4114 1430 4232 à
1470 4128 1620 4241 les
1666 4113 2042 4238 ficher
2088 4119 2244 4237 eft
2322 4129 2984 4290 longtemps
3020 4124 3570 4284 occupée.

677 4273 1022 4401 Enfin
1063 4316 1304 4402 tout
1349 4326 1478 4404 ce
1529 4293 2170 4453 qu’Amour
2235 4331 2302 4405 a
2363 4289 2498 4406 de
2559 4293 2984 4411 nœuds
3051 4298 3292 4448 plus
3341 4283 3882 4448 puifians*

671 4458 1033 4569 Doux
1101 4453 1709 4608 reproches
1767 4547 1793 4601 ,
1857 4452 2459 4611 tranfports
2517 4452 2767 4574 fins
2829 4499 2947 4575 ce
2961 4457 3105 4576 fié
3157 4453 3771 4576 renaifians
3829 4542 3871 4596 *

666 4621 975 4734 Soin
1042 4617 1185 4738 de
1238 4626 1589 4776 plaire
1618 4621 1853 4739 fins
1886 4654 2126 4774 art,
2168 4627 2593 4740 crainte
2632 4639 3153 4787 toujours
3204 4621 3789 4760 nouvelle,

672 4779 1086 4903 Beauté
1132 4885 1160 4929 ,
1206 4790 1652 4939 Gloire,
1750 4801 2164 4941 Vertu,
2222 4801 2322 4939 je
2362 4827 2756 4914 trouve
2814 4827 3058 4913 tout
3098 4832 3242 4914 en
3290 4796 3560 4939 elle,

661 4954 1118 5115 Depuis
1179 4960 1446 5114 cinq
1497 4991 1704 5073 ans
1745 4960 2148 5073 entiers
2221 4955 2656 5120 chaque
2697 4974 2956 5120 jour
3035 4971 3148 5119 je
3209 4966 3322 5078 la
3373 4959 3628 5079 vois
3659 5049 3691 5103 .

667 5128 805 5240 Et
863 5165 1133 5283 croy
1179 5134 1699 5284 toujours
1755 5123 1863 5236 la
1941 5128 2195 5246 voir
2237 5161 2529 5283 pour
2571 5134 2671 5246 la
2733 5129 3295 5285 première
3341 5122 3613 5257 fois.

662 5292 897 5449 N'y
936 5293 1509 5474 longeons
1540 5293 1836 5447 plus.
1888 5292 2334 5441 Allons,
2374 5287 2645 5411 cher
2696 5299 3075 5415 Paulin
3120 5394 3152 5442 ,
3188 5298 3433 5452 plus
3464 5303 3617 5453 j’y
3648 5282 4024 5453 penfi.

662 5462 910 5575 Plus
962 5467 1080 5617 je
1138 5455 1382 5580 feus
1434 5457 2032 5575 chanceler
2084 5504 2280 5579 ma
2322 5462 2720 5584 cruelle
2776 5451 3454 5597 confiance.

655 5625 1075 5780 Quelle
1141 5631 1662 5749 nouvelle
1709 5715 1741 5773 ,
1799 5621 1878 5744 ô
1925 5630 2164 5749 Ciel
2205 5657 2232 5755 !
2317 5647 2427 5791 je
2463 5638 2639 5790 luy
2701 5631 2941 5749 vais
3015 5653 3608 5753 annoncer
3659 5653 3686 5753 l

651 5796 1037 5908 Encor
1079 5831 1229 5908 un
1303 5832 1599 5949 coup
1651 5885 1683 5945 ,
1745 5796 2105 5912 allons
2157 5891 2191 5945 ,
2249 5801 2323 5917 il
2401 5810 2587 5960 n’y
2651 5790 2883 5913 faut
2957 5801 3195 5949 plus
3263 5789 3691 5954 penfer.

640 5964 778 6092 Je
830 5996 1302 6118 connoy
1348 6001 1640 6077 mon
1702 5959 2164 6113 devoir,
2222 5959 2493 6087 c’eft
2554 5964 2619 6082 à
2666 6006 2940 6123 moy
2982 5965 3120 6082 de
3168 5970 3258 6082 le
3304 5960 3654 6113 fuiyre
3686 6049 3722 6113 5

646 6124 794 6288 Je
830 6133 1482 6262 n’examine
1524 6133 1858 6299 point
1930 6122 2010 6250 fi
2078 6139 2232 6299 j’y
2290 6171 2772 6299 pourray
2824 6129 3348 6272 survivre.
