4267 8136
656 737 845 846 io
1688 666 3025 831 BERENICE.

666 949 1203 1119 J’aimois
1245 1032 1283 1092 y
1338 943 1451 1101 je
1492 926 2045 1091 foupirois
2102 937 2395 1061 dans
2457 985 2681 1061 une
2747 952 3013 1104 paix
3071 938 3643 1104 profonde
3696 1034 3765 1098 ^

667 1129 886 1251 Un
954 1154 1266 1240 autre
1304 1107 1638 1230 efooit
1683 1101 2118 1278 chargé
2181 1116 2320 1231 de
2387 1117 2934 1278 l'Empire
2991 1118 3140 1234 du
3197 1113 3656 1235 Monde
3700 1180 3734 1266 $

688 1287 1189 1421 Maiftre
1238 1282 1377 1400 de
1419 1322 1711 1401 mon
1756 1274 2203 1431 deftin,
2244 1281 2531 1400 libre
2572 1286 2861 1401 dans
2919 1324 3161 1404 mes
3218 1281 3633 1442 foupirs

677 1477 822 1609 Je
890 1503 1034 1580 ne
1095 1451 1558 1575 rendors
1615 1444 1870 1610 qu’à
1915 1494 2194 1611 moy
2259 1488 2606 1569 conte
2647 1452 2792 1568 de
2843 1492 3098 1569 mes
3149 1450 3548 1589 defirs.

688 1636 1013 1755 Mais
1058 1627 1123 1749 à
1180 1625 1511 1784 peine
1546 1626 1647 1738 le
1704 1620 1955 1737 Giel
1990 1657 2183 1738 eut
2238 1624 2727 1781 rappelle
2758 1662 3055 1738 mon
3102 1629 3449 1770 Pere,

683 1800 944 1923 Dés
995 1837 1214 1961 que
1249 1833 1446 1912 ma
1487 1783 1802 1908 trifte
1837 1795 2158 1908 main
2223 1825 2406 1908 eut
2439 1785 2812 1912 fermé
2869 1784 2972 1907 là
3027 1800 3560 1951 paupière
3606 1878 3644 1933 ,

688 1974 891 2089 De
936 2011 1229 2083 mon
1292 1960 1791 2078 aimable
1832 2000 2199 2077 erreur
2270 1970 2379 2114 je
2466 1959 2639 2077 fus
2706 1952 3221 2078 delàbufé
3273 2050 3315 2099 ,

687 2149 838 2305 Je
911 2127 1240 2252 lèntis
1309 2133 1410 2246 le
1461 2127 1924 2246 fardeau
1981 2133 2172 2294 qui
2239 2123 2740 2245 m’cfooit
2805 2123 3300 2288 impofé.

682 2273 833 2447 Je
868 2340 1311 2426 connus
1356 2335 1569 2463 que
1610 2281 2109 2412 bientoil
2164 2298 2421 2415 loin
2478 2287 2877 2414 d’eftre
2934 2292 3003 2410 à
3054 2333 3179 2415 ce
3214 2334 3433 2465 que
3456 2283 3935 2464 j’aime^

693 2478 812 2595 IL
879 2472 1314 2616 falloir,
1367 2463 1632 2585 cher
1683 2468 2068 2585 Paulin
2117 2557 2150 2611 ,
2203 2503 2776 2584 renoncer
2823 2457 2886 2575 à
2933 2467 3792 2621 moy-mefîne,

704 2653 855 2771 Et
916 2683 1135 2808 que
1176 2646 1277 2760 le
1338 2631 1681 2755 choix
1742 2631 1929 2749 des
1980 2637 2359 2754 Dieux
2408 2725 2441 2779 ,
2478 2637 3047 2755 contraire
3118 2637 3177 2749 à
3224 2679 3475 2761 mes
3520 2663 3987 2755 amours
4024 2711 4094 2776 J

693 2800 1236 2939 Idvroità
1301 2806 1865 2929 l’Univers
1915 2806 2014 2918 le
2069 2796 2352 2919 relie
2387 2801 2528 2920 de
2595 2843 2837 2920 mes
2895 2812 3268 2961 jours.

700 2990 1099 3105 Rome
1170 2969 1622 3098 obforve
1678 2964 2417 3131 aujourd’htiy
2482 3012 2674 3089 ma
2742 2970 3284 3092 conduite
3352 2972 3925 3103 nouvelle*

709 3154 1139 3311 Quelle
1191 3144 1553 3262 honte
1603 3176 1897 3300 pour
1953 3166 2236 3299 moy
2287 3166 2311 3258 !
2361 3139 2621 3284 Que
2637 3134 3161 3306 Iprélàge
3197 3176 3485 3299 pour
3531 3145 3802 3288 elle,

704 3324 855 3453 Si
906 3315 1102 3442 dés
1158 3318 1256 3433 le
1292 3314 1786 3474 premier
1822 3346 2018 3465 pas
2080 3308 2728 3423 renverlànt
2764 3345 3014 3423 tous
3082 3303 3230 3426 fos
3298 3309 3723 3448 droits,

709 3495 853 3649 Je
901 3484 1367 3612 fondois
1425 3520 1721 3601 mon
1801 3473 2309 3592 bonheur
2345 3467 2505 3592 for
2551 3478 2649 3595 le
2705 3473 3083 3590 débris
3135 3473 3325 3595 des
3399 3477 3665 3596 Lois
3711 3500 3733 3590 !

710 3657 1138 3787 Re&la
1180 3643 1934 3803 d’accomplir
1990 3685 2114 3766 ce
2160 3647 2448 3760 cruel
2484 3636 3066 3792 focrifîce,

709 3827 902 3988 J’y
985 3822 1383 3949 voulus
1455 3812 1987 3983 préparer
2065 3817 2167 3929 la
2235 3807 2547 3930 trille
2605 3818 3193 3931 Bérénice.

716 4002 1028 4121 Mais
1064 4029 1272 4151 par
1308 3977 1468 4110 où
1498 4022 2246 4105 commencer
2288 4014 2320 4104 ?
2366 3987 2728 4146 Vingt
2769 3977 2998 4099 fois
3034 3976 3426 4135 depuis
3477 3971 3728 4095 huit
3768 3982 4088 4136 jours

709 4171 961 4331 J’ay
1011 4166 1347 4285 voulu
1424 4155 1849 4278 devant
1891 4152 2097 4270 elle
2145 4193 2289 4275 en
2335 4156 2717 4270 ouvrir
2758 4155 2861 4269 le
2932 4145 3469 4294 diftours*.

720 4350 876 4465 £t
932 4329 1130 4454 dés
1192 4336 1294 4448 le
1338 4325 1828 4485 premier
1890 4351 2146 4444 mot
2192 4362 2388 4439 ma
2461 4325 2876 4486 langue
2928 4305 3622 4437 embaraffée

724 4510 1065 4629 Dans
1101 4542 1299 4623 ma
1334 4489 1781 4613 bouche
1821 4494 2157 4656 vingt
2192 4484 2411 4607 fois
2451 4531 2515 4607 a
2556 4484 3099 4608 demeuré
3135 4478 3565 4655 glacée*

719 4674 1320 4845 J’efperois
1366 4702 1580 4829 que
1619 4664 1770 4782 du
1832 4665 2230 4777 moins
2272 4701 2564 4777 mon
2604 4653 3034 4776 trouble
3085 4669 3194 4772 &
3230 4694 3432 4771 ma
3509 4649 3978 4773 douleur

720 4854 965 5010 Luy
1026 4833 1373 4961 feroit
1421 4828 2009 4989 prePtentir
2087 4870 2241 4945 no
2254 4822 2485 4945 fore
2563 4864 3125 4942 commun
3193 4817 3755 4962 malheur*

731 5017 1046 5141 Mais
1101 5008 1336 5131 làns
1375 5040 1568 5121 me
1609 4991 2306 5162 foupçonner
2366 5088 2394 5142 ,
2439 4988 2998 5110 fènfibleà
3033 5029 3284 5110 mes
3323 4991 3840 5141 aliarmes
3880 5083 3918 5141 3

730 5188 981 5311 Me
1023 5167 1475 5305 m’offre
1546 5168 1643 5290 là
1698 5172 2019 5285 main
2070 5203 2359 5317 pour
2402 5157 2829 5316 effuyer
2890 5197 3135 5280 mes
3180 5161 3669 5311 larmes,

741 5368 908 5485 Et
973 5395 1124 5470 ne
1203 5342 1658 5506 pevoit
1709 5341 1950 5455 rien
2017 5336 2412 5450 moins
2477 5331 2756 5449 dans
2821 5362 3104 5445 cette
3143 5320 3692 5445 obfourité

740 5532 1025 5687 Que
1090 5533 1187 5645 la
1244 5512 1411 5634 fin
1466 5506 1737 5629 d’un
1810 5542 2225 5644 amour
2271 5590 2321 5644 r
2366 5506 2771 5666 quelle
2806 5537 2871 5607 a
2926 5532 3183 5649 trop
3240 5490 3723 5634 mérité»

745 5691 1098 5825 Enfin
1153 5692 1378 5857 j'ay
1445 5722 1574 5799 ce
1609 5680 1976 5798 matin
2039 5675 2528 5830 rappelle
2593 5708 2786 5788 ma
2853 5659 3522 5799 confiance.

742 5872 865 5989 31
926 5865 1161 5984 faut
1224 5860 1325 5984 la
1382 5856 1711 6000 voir,
1784 5844 2171 5963 Paulin
2229 5934 2257 5988 ,
2318 5855 2421 5958 &
2472 5875 2935 5994 rompre
2990 5840 3093 5950 le
3138 5829 3579 5973 filence.

741 6040 1220 6201 J’attens
1297 6015 2024 6168 Antiochus,
2079 6050 2368 6169 pour
2435 6015 2618 6165 luy
2695 6004 3590 6121 recommander

756 6214 945 6323 Ce
1000 6187 1409 6361 dépoli
1472 6184 1993 6349 précieux
2050 6220 2267 6343 que
2314 6190 2427 6338 je
2500 6216 2649 6291 ne
2710 6179 2941 6328 puis
3012 6172 3475 6338 garder.

751 6364 1224 6541 Julques
1293 6367 1570 6486 dans
1641 6359 2146 6476 l'Orient
2175 6359 2284 6513 je
2339 6384 2622 6470 veux
2695 6347 2965 6508 qu’il
3013 6348 3109 6454 là
3171 6337 3745 6470 remeine*.

746 6548 1271 6667 Demain
1324 6547 1701 6662 Rome
1746 6564 2015 6645 avec
2080 6527 2257 6683 luy
2334 6553 2658 6640 verra
2732 6512 3072 6668 partir
3140 6511 3242 6623 la
3288 6516 3712 6668 Reyne,

747 6712 1002 6835 Bile
1075 6754 1214 6831 en
1277 6707 1504 6824 fera
1567 6685 2061 6820 bientoft
2123 6686 2633 6809 inftruite
2699 6717 2903 6836 par
2933 6718 3125 6794 ma
3167 6682 3431 6789 voix
3467 6765 3522 6825 *

742 6876 921 6999 £t
962 6893 1077 7044 je
1144 6882 1382 7005 vais
1440 6877 1623 7032 luy
1666 6870 2028 7032 parler
2096 6898 2378 7019 pour
2436 6861 2538 6979 la
2590 6850 3104 6974 derniere
3150 6839 3416 6984 fois,
