4267 8101
702 734 751 826 1
774 677 851 818 *

1738 659 3039 826 BERENICE.

697 945 1219 1079 Antoine
1271 1039 1305 1094 ,
1367 944 1563 1111 qui
1630 939 2017 1063 l’aima
2095 944 2507 1110 jufqu’à
2578 928 3254 1088 l’idolâtrie,'

708 1123 1120 1241 Oublia
1171 1114 1458 1236 dans
1503 1114 1700 1232 ton
1771 1102 1996 1230 fein
2067 1119 2170 1231 ta
2236 1118 2602 1284 gloire
2658 1129 2770 1231 8c
2837 1118 2940 1230 fa
2979 1114 3440 1247 Patrie>

701 1297 999 1415 Sans
1071 1282 1299 1405 ofèr
1371 1277 1895 1400 toutefois
1950 1283 2053 1394 te
2105 1319 2651 1401 nommer
2716 1283 2913 1400 ton
2974 1283 3455 1437 Efpoux,

696 1466 1082 1583 Rome
1129 1455 1414 1568 l'alla
1482 1446 2016 1568 chercher
2058 1450 2486 1612 jufques
2557 1446 2618 1562 à
2669 1445 2814 1567 fes
2860 1487 3388 1616 genoux,

707 1634 855 1747 Et
913 1667 1057 1742 ne
1112 1609 1615 1737 detàrma
1651 1624 1997 1779 point
2036 1608 2137 1733 fà
2182 1614 2555 1732 fureur
2601 1608 3239 1778 vengeretFc
3291 1705 3325 1754 ,

712 1778 1542 1943 Qifellen’euft
1572 1777 2010 1902 accablé
2045 1789 2122 1901 T
2142 1798 2570 1906 Amant
2612 1797 2718 1902 &
2769 1788 2870 1901 la
2947 1768 3636 1906 Maiftrefle*

713 1957 1157 2118 Depuis
1203 1995 1331 2074 ce
1371 1989 1811 2112 temps,
1889 1957 2443 2117 Seigneur
2489 2046 2527 2100 ,
2584 1951 3171 2116 Caliguîa,
3216 1957 3635 2092 Néron
3693 2025 3731 2091 ?

712 2120 1394 2269 Mùrtftres,
1455 2124 1748 2243 dont
1787 2120 1848 2237 à
1918 2152 2286 2285 regret
2326 2131 2444 2279 je
2510 2120 2728 2238 cite
2763 2125 2928 2274 icy
2979 2121 3082 2237 le
3112 2157 3398 2234 nom
3450 2210 3482 2259 ,

713 2310 855 2423 Et
907 2305 1099 2460 qui
1149 2332 1293 2408 ne
1335 2290 1715 2407 corder
1725 2327 1995 2407 vaut
2053 2330 2269 2453 que
2310 2293 2411 2401 la
2452 2278 2813 2448 figure
2853 2330 2943 2402 a
2968 2293 3599 2422 Homme,

707 2459 1298 2591 ïoulerem
1333 2459 1404 2577 à
1455 2458 1758 2577 leurs
1824 2459 2128 2616 pieds
2200 2490 2560 2575 toutes
2605 2459 2754 2570 les
2789 2453 3050 2571 Lois
3085 2452 3220 2569 de
3275 2459 3652 2576 Rome
3702 2537 3736 2591 ,

723 2636 977 2755 Ont
1039 2628 1409 2755 craint
1445 2658 1727 2745 cette
1757 2632 1989 2786 Loy
2020 2621 2301 2739 feule
2357 2637 2385 2771 ,
2437 2636 2543 2739 8c
2591 2627 2923 2740 n’ont
2963 2620 3319 2776 point
3360 2611 3429 2733 à
3487 2653 3715 2729 nos
3767 2642 3831 2771 y
3851 2637 4059 2728 eUL

716 2790 1168 2924 Allumé
1239 2796 1346 2914 le
1410 2790 2006 2919 Flambeau
2057 2791 2328 2909 d’un
2394 2796 2896 2944 Hymen;
2944 2785 3388 2907 odieux.

713 2984 1035 3097 Vous
1109 2970 1551 3082 m'ayez
1641 2953 2337 3081 commandé
2400 2959 2559 3076 fur
2649 2948 3335 3077 toutdeftre
3402 2938 3863 3070 fîncere,

728 3142 924 3256 De
976 3122 1636 3288 l’afiranchy
1688 3134 2396 3251 Pallas.nous
2484 3164 2838 3246 avons
2924 3122 3266 3240 veille
3327 3127 3698 3245 Frere.

723 3312 971 3425 Des
1032 3297 1247 3419 fers
1313 3303 1447 3419 de
1509 3296 2031 3414 Claudius
2105 3295 2395 3415 Félix
2479 3333 2829 3410 encor
2910 3281 3317 3446 flétry,

728 3480 920 3589 De
970 3471 1252 3589 deux
1292 3477 1810 3624 Reynes,
1852 3470 2396 3625 Seigneur
2448 3550 2480 3605 ,
2525 3460 2992 3578 devenir
3043 3461 3144 3573 3e
3202 3465 3536 3599 Mary
3576 3511 3614 3598 $
3692 3549 3698 3571 :

733 3644 883 3757 Et
929 3645 1099 3757 s’il
1155 3634 1385 3752 faut
1429 3634 1921 3798 jutqu'au
1988 3629 2265 3747 bout
2299 3665 2507 3794 que
2541 3640 2655 3778 je
2707 3659 2977 3747 vous
3039 3615 3551 3752 obeïfie,

738 3814 966 3926 Oes
1008 3809 1298 3921 deux
1340 3809 1794 3962 Reynes
1836 3791 2328 3916 efïaient
2379 3793 2528 3911 du
2611 3791 2796 3910 fan
2812 3834 2886 3958 g
2953 3787 3096 3910 de
3149 3776 3736 3909 Bérénice.

739 3986 883 4099 Et
907 4014 1183 4094 vous
1235 3978 1789 4126 pourriez,
1821 3971 2423 4125 Seigneur,
2468 3962 2701 4078 fans
2758 3951 3135 4078 bleflèr
3197 3993 3409 4074 nos
3455 3930 3921 4110 regards
3941 3971 3979 4074 j

746 4146 1056 4269 Faire
1118 4177 1484 4258 entrer
1536 4177 1758 4258 une
1798 4150 2186 4293 Reyne
2248 4167 2380 4248 au
2426 4136 2602 4249 Lit
2653 4129 2792 4241 de
2860 4167 3070 4248 nos
3144 4115 3540 4237 Cefrrs
3576 4152 3620 4258 v

735 4309 1173 4433 Tandis
1225 4346 1441 4468 que
1499 4299 2449 4428 l’Orientdansle
2505 4297 2693 4416 Lit
2768 4287 3107 4411 defès
3170 4298 3631 4447 Reynes

740 4463 1430 4633 Voirpalier
1494 4516 1646 4590 un
1694 4466 2122 4589 Efclave
2184 4503 2322 4584 au
2389 4458 2886 4580 fortirde
2938 4494 3150 4580 nos
3186 4451 3434 4574 chai
3449 4446 3682 4565 thés
3724 4473 3762 4563 ?

749 4641 1057 4764 O^e/î
1113 4684 1241 4759 ce
1283 4678 1495 4808 que
1555 4642 1705 4758 les
1747 4640 2301 4759 Romains
2349 4636 2839 4785 perdent
2864 4626 3013 4744 de
3049 4615 3429 4749 voftre
3491 4646 3899 4738 amour
3913 4704 3959 4744 *

744 4826 888 4937 Et
932 4831 1046 4974 je
1092 4852 1240 4929 ne
1308 4799 1720 4965 répons
1772 4843 1968 4965 pas
2046 4837 2390 4923 avant
2458 4804 2560 4917 la
2611 4789 2770 4911 fin
2821 4794 2966 4912 du
3006 4805 3262 4953 jour

745 4984 1025 5135 Qtie
1065 4981 1161 5091 le
1203 4980 1563 5096 Sénat
1619 4963 2043 5134 chargé
2094 4968 2279 5087 des
2327 5004 2675 5085 vœux
2720 4959 2861 5081 de
2895 4994 3135 5080 tout
3184 4958 3799 5118 l’Empire,

750 5158 940 5275 Ne
992 5180 1272 5271 vous
1330 5142 1668 5260 redite
1750 5143 1922 5296 icy
2030 5174 2154 5255 ce
2206 5173 2416 5296 que
2452 5146 2564 5291 je
2596 5133 2902 5250 viens
2943 5133 3082 5250 de
3117 5126 3356 5250 dire
3402 5175 3430 5245 :

749 5320 899 5441 Et
949 5352 1161 5482 que
1213 5321 1589 5430 Rome
1657 5348 1927 5429 avec
1989 5307 2169 5461 luy
2231 5300 2767 5418 tombant
2836 5290 2897 5408 à
2975 5337 3177 5413 vos
3223 5327 3683 5460 genoux
3735 5375 3773 5433 ,

754 5500 962 5615 Ne
1014 5518 1288 5603 vous
1346 5474 1916 5597 demande
1962 5511 2116 5588 un
2162 5463 2502 5586 choix
2541 5464 2892 5627 digne
2927 5463 3234 5582 d’elle
3296 5475 3398 5578 &
3459 5458 3598 5571 de
3640 5486 3972 5578 vos?,
3971 5447 3980 5482 1

755 5670 1067 5783 Vous
1113 5684 1557 5809 pouvez
1629 5675 2155 5802 préparer
2215 5728 2243 5782 ,
2305 5638 2871 5798 Seigneur
2923 5728 2955 5782 ,
3017 5622 3387 5751 yoftre
3439 5606 3959 5778 réponfev

2084 5818 2779 5962 TITUS,;

767 6007 1115 6135 Hélas
1171 6024 1199 6130 l
1271 6007 1373 6126 A
1419 6001 1663 6165 quel
1697 6033 2101 6119 amour
2163 6033 2317 6104 on
2363 6024 2617 6104 veut
2653 6028 2875 6151 que
2949 5997 3055 6146 je
3097 6018 3603 6104 renonce
3681 6003 3709 6103 I

2010 6159 2844 6298 PAULIN.

781 6350 1457 6469 Cet-amour
1509 6329 1673 6456 eft
1719 6324 2201 6468 ardent,
2279 6325 2353 6445 il
2421 6325 2523 6441 le
2575 6318 2801 6442 faut
2843 6318 3445 6457 confdTer,

2122 6497 2802 6620 TITUS.

775 6662 1025 6801 Mrs
1081 6662 1479 6795 ardent
1529 6661 1831 6796 mille
1873 6656 2091 6790 fois
2131 6698 2343 6833 que
2391 6698 2507 6789 tu
2567 6699 2713 6784 ne
2749 6694 3035 6831 peux
3101 6657 3542 6831 penfer.
