4267 8012
1399 605 2714 754 TRAGEDIE,

3431 662 3584 778 LJ

1496 866 2327 992 PAULIN.

311 1039 446 1191 Je
521 1022 1208 1150 ffattendoîs
1273 1059 1468 1186 pas
1524 1033 1912 1145 moins
1977 1033 2114 1143 de
2170 1059 2344 1144 cet
2399 1054 2808 1135 amour
2847 1008 2986 1134 de
3029 1022 3412 1181 gloire

304 1200 543 1337 Qui
600 1231 795 1348 par
841 1227 1081 1316 tout
1137 1231 1453 1348 apres
1519 1231 1791 1316 vous
1831 1190 2275 1310 attacha
2310 1189 2417 1301 la
2478 1179 3021 1321 Viâoire.

303 1367 466 1477 La
527 1361 884 1520 Judée
928 1357 1384 1478 affervie
1517 1378 1624 1474 &
1659 1361 1822 1473 ies
1888 1389 2442 1514 remparts
2487 1342 3012 1524 fqpans„

302 1533 491 1645 De
554 1565 831 1645 cette
887 1528 1233 1650 noble
1282 1518 1681 1640 ardeur
1738 1522 2213 1641 éternels
2284 1553 3059 1661 monumens,

303 1707 512 1811 Me
569 1691 1336 1853 répondoient
1377 1686 1666 1808 aller
1707 1727 1920 1853 que
1961 1674 2344 1808 volïre
2389 1681 2760 1843 grand
2811 1712 3298 1832 courage

304 1867 499 1979 Ne
542 1866 1071 1979 voudroit
1126 1899 1315 2014 pas
1361 1951 1415 2005 r
1440 1862 1989 2022 Seigneur
2039 1947 2089 2005 t
2134 1846 2627 1968 détruire
2670 1847 2861 1957 ton
2932 1873 3429 2000 ouvrage
3459 1924 3501 1985 3

307 2025 456 2135 Et
527 2035 862 2186 qu’un
913 2029 1290 2151 Héros
1335 2024 1948 2182 vainqueur
2007 2029 2150 2141 de
2181 2055 2426 2130 tant
2477 2014 2614 2126 de
2665 2008 3164 2129 Nations

296 2197 811 2353 Sçauroit
870 2192 1143 2344 bien
1189 2286 1249 2344 r
1258 2184 1483 2307 toft
1518 2231 1667 2306 ou
1706 2186 1947 2303 tard
1999 2279 2031 2333 ,
2070 2192 2527 2307 vaincre
2592 2169 2739 2296 lès
2780 2171 3309 2333 pallions.

1617 2352 2292 2474 TITUS.

308 2518 503 2641 Ah
554 2540 581 2640 \
652 2560 867 2687 que
902 2520 1139 2646 fous
1178 2514 1315 2636 de
1352 2519 1697 2636 beaux
1742 2557 2093 2636 noms
2132 2545 2407 2631 cette
2458 2514 2855 2631 Gloire
2890 2505 3047 2626 eft
3078 2499 3465 2621 cruelle
3510 2520 3539 2614 l

313 2691 898 2808 Combien
939 2728 1180 2808 mes
1215 2681 1572 2803 trilles
1607 2724 1900 2846 yeux
1939 2687 2046 2801 la
2097 2718 2542 2798 trouver
2557 2681 2870 2793 oient
2931 2681 3164 2830 plus
3203 2665 3472 2782 belle

302 2858 517 2975 S’il
574 2899 721 2975 ne
756 2848 1123 2975 falloir
1168 2895 1515 2970 encor
1564 2844 2297 3018 qu’affronter
2352 2849 2459 2959 le
2504 2837 2871 2995 trépas
2932 2864 2959 2954 1

313 3021 592 3167 Que
643 3021 962 3184 dis-je
1007 3051 1050 3141 ?
1105 3030 1430 3142 Cette
1471 3025 1868 3138 ardeur
1941 3056 2162 3180 que
2223 3015 2448 3172 fay
2513 3046 2802 3168 pour
2865 3004 3022 3122 lès
3071 3029 3502 3153 appas.,,

318 3193 857 3309 Bérénice
914 3233 1055 3308 en
1116 3229 1415 3305 mon
1512 3182 1723 3308 fèin
1768 3192 1915 3299 l’a
1956 3182 2245 3340 jadis
2280 3171 2797 3309 allumée.

313 3359 670 3472 Tune
715 3359 1254 3522 l'ignores
1299 3390 1494 3507 pas
1540 3448 1572 3486 *
1623 3364 2136 3506 toujours
2185 3350 2292 3456 la
2337 3333 3070 3465 Renommée

322 3527 637 3639 Avec
662 3521 759 3637 le
804 3563 989 3638 me
996 3519 1223 3633 fine
1266 3517 1541 3633 éclat
1596 3527 1791 3632 n’a
1836 3556 2027 3674 pas
2066 3505 2365 3633 femé
2436 3551 2729 3627 mon
2776 3543 3115 3647 nom,

333 3692 544 3803 Ma
615 3683 1098 3842 jeuneffe
1163 3694 1618 3804 nourrie
1653 3683 1718 3799 à
1763 3689 1860 3799 la
1909 3697 2230 3804 Cour
2285 3677 2422 3794 de
2457 3671 2870 3795 Néron

330 3844 899 4012 S’égaroit
938 3849 1203 3970 cher
1242 3860 1623 3970 Paulin
1681 3943 1713 3997 ,
1774 3890 1969 3997 par
2030 3848 2605 3997 l’exemple
2670 3823 3133 3961 abufée,

333 4023 478 4127 Et
547 4016 946 4137 fuivoit
991 4017 1138 4133 du
1205 4016 1572 4174 plaifir
1633 4023 1738 4133 la
1805 4052 2146 4174 pente
2197 4048 2454 4159 trop
2493 4012 2594 4122 ai
2609 4001 2820 4137 fée.

334 4183 873 4299 Bérénice
918 4225 1109 4300 me
1174 4188 1451 4336 plut.
1544 4183 1821 4332 Que
1878 4221 2021 4300 ne
2082 4174 2287 4295 fait
2358 4178 2683 4331 point
2738 4208 2893 4283 un
2962 4169 3335 4284 Cœur

335 4351 634 4467 Pour
677 4351 1030 4503 plaire
1075 4350 1138 4463 à
1193 4387 1322 4466 ce
1361 4352 1618 4513 qu’il
1643 4355 2014 4491 aime,
2065 4356 2172 4457 &
2205 4375 2652 4508 gagner
2681 4335 2882 4451 Ion
2921 4329 3569 4476 Vainqueur
3615 4319 3647 4420 ?

328 4523 465 4675 Je
522 4516 1139 4680 prodiguay
1206 4555 1493 4634 mon
1532 4518 1843 4681 (ang.
1946 4521 2251 4630 Tout
2294 4497 2417 4618 fit
2462 4508 2767 4659 place
2826 4492 2893 4622 à
2958 4528 3199 4618 mes
3250 4508 3690 4597 armes*.

333 4689 466 4837 Je
521 4685 894 4795 revins
939 4679 1696 4836 triomphant^
1779 4679 2078 4797 Mais
2123 4680 2220 4789 le
2263 4663 2532 4833 fing
2583 4683 2694 4784 &
2739 4669 2892 4781 les
2921 4664 3340 4775 larmes

344 4856 539 4969 Ne
604 4886 799 4962 me
844 4836 1437 4962 fiifiafoient
1502 4887 1697 5004 pas
1772 4883 2057 4999 pour
2118 4841 2579 4957 mériter
2618 4831 2783 4952 fes
2822 4861 3241 4956 vœux,,

335 5014 998 5175 J’entrepris
1059 5023 1160 5129 le
1205 5014 1724 5130 bonheur
1767 5014 1906 5129 de
1965 5013 2272 5124 mille
2317 4998 3086 5123 malheureux.

354 5178 559 5295 On
610 5179 769 5296 vit
830 5174 967 5290 de
1018 5216 1379 5296 toutes
1440 5217 1735 5339 parts
1794 5215 2041 5297 mes
2102 5164 2663 5287 bontezfe
2712 5152 3277 5322 répandre
3302 5233 3341 5316 h

349 5346 884 5462 Heureux
939 5363 962 5462 !
1007 5363 1114 5463 &
1147 5346 1390 5500 plus
1425 5346 1906 5469 heureux
1951 5382 2166 5506 que
2191 5377 2312 5452 tu
2357 5378 2506 5453 ne
2539 5372 2824 5500 peux
2869 5320 3700 5484 comprendre^.

354 5512 805 5661 Quand
860 5524 977 5672 je
1048 5524 1525 5671 pouvois
1566 5499 2109 5672 paroiflre
2150 5508 2219 5620 à
2284 5499 2433 5620 lès
2498 5539 2777 5660 jeux
2844 5486 3345 5614 fitisfaits

365 5674 826 5849 Chargé
881 5676 1018 5792 de
1075 5691 1374 5802 mille
1425 5722 1802 5807 coeurs
1867 5676 2344 5839 conquis
2373 5712 2580 5827 par
2613 5706 2854 5788 mes
2891 5654 3476 5791 bienfaits».

354 5847 493 5999 Je
554 5852 727 6005 luy
776 5848 925 5968 do
938 5893 999 6010 y
1064 5885 1379 5999 tout,
1430 5853 1855 5969 Paulin.
1972 5831 2751 5991 Recompenfe
2796 5831 3189 5952 cruelle

361 6014 670 6130 Tout
729 6056 852 6131 ce
923 6055 1140 6178 que
1183 6036 1290 6178 je
1325 6025 1498 6177 luy
1571 6019 1796 6167 doy
1837 6055 1980 6130 va
2029 6004 2606 6125 retomber
2677 6005 2846 6119 fur
2921 6003 3168 6131 elle.

370 6180 675 6298 Pour
734 6186 977 6339 prix
1028 6181 1171 6299 de
1210 6223 1447 6302 tant
1512 6186 1655 6302 de
1700 6186 2063 6345 gloire
2132 6190 2245 6287 &
2312 6171 2449 6287 de
2520 6202 2709 6288 tan
2724 6207 2773 6281 r
2818 6166 2955 6282 de
3020 6192 3382 6282 vertus
3428 6255 3465 6313 ,

375 6333 514 6491 Je
579 6348 758 6511 luy
829 6348 1202 6513 diray,
1257 6363 1640 6480 partez
1691 6363 1796 6469 &
1857 6389 2006 6470 ne
2039 6384 2234 6469 me
2295 6373 2658 6497 voyez
2697 6332 2992 6495 plus.

2858 6504 2953 6616 B
3042 6489 3173 6647 üj
