4267 7783
1460 590 2812 769 PREFACE.

567 867 822 1009 que
871 826 1000 1014 je
1076 841 1374 1029 îfay
1459 826 1822 1009 point
1879 812 2312 1009 poulie
2377 826 2970 960 Bérénice
3081 817 3574 1009 jufqu’à
3637 826 3766 960 fe

562 1059 852 1157 tuer
882 1070 1380 1173 comme
1414 1014 1902 1187 Didon,
1940 1059 2308 1203 parce
2350 1059 2596 1198 que
2636 1024 3220 1157 Bérénice
3244 1035 3766 1208 n’ayanc

563 1257 781 1405 pas
823 1216 1021 1400 icy
1049 1272 1365 1360 avec
1395 1220 1759 1349 Titus
1799 1211 1977 1349 les
2037 1213 2585 1346 derniers
2631 1257 3463 1404 engagemens
3513 1262 3767 1396 que

567 1409 1010 1547 Didon
1059 1425 1406 1553 avoir
1443 1454 1750 1542 avec
1819 1405 2236 1578 Enée,
2327 1403 2556 1537 elle
2629 1409 2936 1537 n’eft
2995 1454 3214 1594 pas
3273 1400 3772 1592 obligée

558 1648 1066 1740 comme
1116 1607 1344 1744 elle
1394 1611 1548 1745 de
1592 1642 2190 1735 renoncer
2240 1596 2322 1734 à
2362 1596 2480 1730 la
2524 1601 2768 1739 vie.
2878 1612 2996 1734 A
3066 1597 3326 1736 cela
3390 1596 3670 1781 prés
3730 1713 3776 1769 ,

562 1789 685 1923 le
734 1791 1223 1938 dernier
1262 1801 1669 1937 Adieu
1729 1789 2181 1978 qu’elle
2230 1794 2409 1928 dit
2452 1789 2531 1923 à
2584 1799 3037 1962 Titus,
3096 1809 3231 1933 &
3304 1794 3781 1928 Teftort

569 1980 1031 2171 qu’elle
1095 1992 1213 2130 fe
1307 1991 1527 2125 fait
1581 2032 1907 2176 pour
1951 1991 2209 2119 s’en
2275 1982 2773 2176 feparer
2839 2098 2880 2156 ,
2959 1991 3285 2120 n’eft
3359 2036 3573 2177 pas
3659 1982 3781 2120 le

574 2185 984 2321 moins
1040 2195 1608 2377 tragique
1688 2180 1840 2314 de
1910 2175 2508 2347 laPiece,
2560 2195 2702 2317 &:
2768 2176 3074 2368 j'ofe
3122 2185 3386 2317 dire
3472 2179 3782 2362 qu’il

568 2381 1289 2514 renouvelle
1352 2370 1673 2515 aflèz
1738 2371 2029 2510 bien
2084 2372 2389 2510 dans
2432 2371 2545 2509 le
2588 2422 2935 2510 cœur
2980 2378 3189 2510 des
3238 2378 3777 2565 Specta¬

573 2609 909 2707 teurs
953 2570 1597 2712 rémotion
1643 2616 1891 2754 que
1967 2565 2079 2703 le
2133 2570 2449 2706 refte
2509 2621 2591 2759 y
2635 2580 2981 2703 avoir
3025 2569 3199 2758 pû
3259 2574 3767 2703 exciter.

583 2767 782 2899 Ce
822 2768 1126 2901 n’eft
1166 2777 1522 2956 point
1562 2808 1806 2894 une
1840 2762 2420 2900 neceilité
2458 2759 2754 2945 qu’il
2778 2812 2860 2950 y
2894 2772 3062 2900 ait
3095 2767 3254 2895 du
3299 2753 3590 2946 fang
3648 2777 3788 2894 3c

582 2959 796 3093 des
832 3000 1228 3103 morts
1278 2959 1582 3097 dans
1638 3005 1882 3092 une
1922 2960 2550 3148 Tragédie
2594 2951 2746 3123 ;il
2808 2950 3134 3098 fuflît
3182 3000 3432 3139 que
3508 2950 3796 3082 l’A-

589 3163 945 3295 Ction
999 3198 1157 3290 en
1217 3147 1451 3291 fort
1505 3147 2053 3340 grande,
2099 3196 2343 3331 que
2387 3148 2561 3286 les
2601 3153 3149 3287 Aéteurs
3203 3197 3357 3285 en
3395 3142 3797 3281 fuient

579 3339 1346 3534 héroïques,
1393 3390 1644 3533 que
1727 3340 1906 3473 les
1951 3338 2510 3483 Paffions
2569 3395 2656 3529 y
2691 3334 3094 3482 foient
3181 3334 3798 3503 excitées,

584 3557 732 3679 &
776 3584 1026 3727 que
1074 3579 1354 3676 tout
1430 3542 1612 3732 s’y
1652 3527 2170 3676 reiïème
2226 3538 2378 3676 de
2454 3579 2778 3675 cette
2854 3527 3356 3670 triftefïé
3406 3542 3796 3720 maje-

582 3730 1061 3873 ftueufe
1115 3741 1329 3924 qui
1382 3731 1603 3873 fait
1653 3770 1933 3867 tout
1970 3731 2089 3867 le
2123 3730 2525 3925 plaifir
2569 3731 2723 3863 de
2767 3730 2885 3868 la
2925 3730 3605 3919 Tragédie.

735 3937 914 4121 Je
983 3931 1264 4066 crûs
1343 3972 1594 4117 que
1691 3932 1812 4100 je
1901 3934 2474 4117 pourrois
2589 3972 3312 4062 rencontrer
3389 3942 3808 4056 tontes

594 4175 798 4269 ces
836 4136 1288 4313 parties
1358 4125 1658 4259 dans
1724 4165 2038 4258 mon
2108 4116 2464 4298 fujet.
2616 4125 2956 4253 Mais
3020 4169 3164 4254 ce
3214 4120 3438 4303 qui
3472 4122 3812 4248 m'en

598 4317 883 4511 plût
936 4322 1705 4507 davantage,
1758 4317 2049 4451 c’eft
2122 4364 2373 4501 que
2422 4327 2547 4502 je
2630 4313 2743 4451 le
2796 4358 3335 4507 trouvay
3400 4303 3813 4441 extrê¬

597 4558 1161 4663 mement
1253 4510 1725 4699 fimple.
1875 4505 1987 4649 Il
2057 4562 2146 4699 y
2179 4515 2519 4644 avoir
2559 4511 2870 4694 long
2919 4550 3321 4693 temps
3395 4546 3645 4679 que
3699 4522 3817 4678 je

594 4708 1086 4845 voulois
1142 4697 1608 4891 effiiyer
1678 4702 1764 4836 fi
1834 4719 1958 4895 je
2002 4713 2570 4887 pourrois
2650 4697 2956 4841 faire
3006 4743 3250 4832 une
3324 4693 3818 4882 Tragé¬

588 4905 793 5039 die
836 4952 1157 5044 avec
1242 4941 1569 5035 cette
1656 4895 2303 5085 fimpîicité
2346 4896 2899 5033 d’aétion
2970 4895 3189 5078 qui
3268 4941 3347 5023 a
3416 4886 3671 5024 efté
3730 4885 3823 5023 fi

593 5093 863 5237 fort
907 5098 1071 5230 du
1109 5099 1471 5288 gouft
1511 5094 1719 5230 des
1759 5093 2347 5226 Anciens.
2443 5093 2703 5226 Car
2753 5088 3041 5221 c’efl
3087 5129 3249 5216 un
3289 5083 3503 5221 des
3533 5128 3827 5266 pre-

598 5367 676 5429 „
710 5296 1076 5429 miers
1146 5291 1796 5480 préceptes
1840 5284 2206 5473 qu’ils
2256 5331 2570 5418 nous
2660 5320 2880 5415 ont
2923 5271 3382 5414 laiiïez.
3527 5286 3832 5448 Que

608 5555 690 5605 --
730 5532 874 5617 ce
932 5530 1178 5672 que
1232 5528 1542 5621 vous
1600 5478 2029 5647 ferez,
2074 5478 2252 5613 dit
2306 5484 2910 5636 Horace,
2954 5464 3188 5606 foit
3238 5482 3822 5650 toujours

599 5747 687 5799 --
741 5671 1161 5870 fimple
1253 5783 1289 5845 3
1419 5686 1557 5809 &
1607 5722 1765 5808 ne
1871 5669 2109 5805 foit
2195 5716 2627 5850 quun.
2763 5664 2931 5799 Ils
3025 5705 3249 5794 ont
3361 5655 3833 5794 admiré

613 5859 706 5991 P
725 5879 832 6011 A
855 5888 1066 6063 jax
1105 5873 1258 6006 de
1297 5859 2004 6053 Sophocle,
2043 5874 2262 6047 qui
2295 5864 2602 6002 n’eft
2635 5902 2986 6001 autre
3019 5843 3382 5992 chofe
3425 5849 3834 6032 qu’A-

614 6101 818 6239 jax
868 6072 1080 6254 qui
1166 6055 1284 6204 fe
1358 6103 1562 6199 tue
1632 6060 1786 6204 de
1850 6100 2348 6245 regret,
2428 6059 2510 6194 à
2580 6046 2926 6199 caufe
3006 6050 3158 6184 de
3228 6041 3346 6183 la
3406 6040 3832 6180 fureur
