4267 7839
1537 593 2941 767 PREFACE.

587 833 751 967 de
837 863 1079 1017 peu
1149 823 1981 967 d'invention.
2099 823 2257 961 Ils
2363 873 2517 961 ne
2589 823 3125 1023 longent
3205 883 3415 1023 pas
3477 837 3875 1023 qu’au

583 1031 1211 1165 contraire
1347 1063 1701 1155 tonte
1807 1017 2549 1161 l'invention
2701 1027 3233 1161 conlifte
3353 1037 3431 1165 à
3547 1031 3859 1171 faire

587 1221 1145 1405 quelque
1245 1211 1609 1353 chofe
1695 1215 1855 1349 de
1939 1225 2273 1389 rien,
2353 1235 2493 1353 3c
2589 1271 2835 1405 que
2935 1267 3217 1353 tout
3277 1271 3411 1359 ce
3455 1231 3859 1411 grand

583 1409 1135 1553 nombre
1277 1409 1971 1547 d’Incidens
2063 1471 2135 1547 a
2215 1425 2793 1605 toujours
2885 1419 3141 1553 efté
3221 1419 3335 1553 le
3415 1419 3855 1609 refuge

587 1619 803 1753 des
909 1619 1359 1753 Poètes
1445 1613 1665 1793 qui
1771 1655 1941 1741 ne
2011 1609 2635 1747 fentoient
2695 1613 2997 1747 dans
3103 1613 3369 1753 leur
3441 1629 3849 1757 Genio

577 1853 761 2003 ny
801 1803 1119 1947 allez
1179 1803 2049 1941 d’abondance
2109 1919 2145 1977 ,
2189 1859 2365 1997 ny
2455 1803 2777 1941 allez
2823 1813 2971 1941 de
3037 1807 3461 1981 force,
3523 1863 3855 2003 pour

573 2001 1145 2145 attacher
1221 2007 1675 2139 durant
1745 2007 2033 2185 cinq
2099 2011 2211 2135 A
2235 2007 2493 2135 des
2577 1997 2895 2135 leurs
2945 2011 3839 2197 Spedateurs-,

567 2251 797 2391 par
893 2247 1139 2333 une
1205 2201 1629 2333 adion
1705 2189 2139 2385 fimple
2235 2313 2273 2369 ,
2389 2185 2987 2345 foûtenuë
3093 2205 3253 2333 de
3359 2201 3471 2339 la
3557 2215 3839 2339 vio¬

561 2399 931 2533 lence
995 2399 1211 2527 des
1261 2389 1889 2579 pallions,
1939 2389 2095 2523 de
2145 2389 2257 2527 la
2313 2389 2767 2527 beauté
2823 2395 3039 2527 des
3083 2389 3835 2573 fentitnens,

577 2609 723 2731 &c
817 2593 971 2727 de
1057 2589 1731 2777 Télegance
1787 2589 1941 2717 de
2017 2583 2855 2777 Pexpreflïon.
2955 2593 3125 2783 Je
3211 2589 3441 2727 fuis
3537 2599 3835 2731 bien

573 2783 1073 2977 éloigné
1199 2787 1353 2921 de
1491 2787 1895 2915 croire
1997 2833 2243 2967 que
2353 2823 2773 2915 toutes
2873 2833 3069 2921 ces
3191 2787 3615 2925 choies
3705 2787 3835 2925 fe

567 3027 1379 3119 rencontrent
1455 2975 1763 3115 dans
1849 3027 2155 3115 mon
2277 2987 2931 3165 Ouvrage.
3089 2987 3431 3119 Mais
3523 2981 3829 3125 aufïï

551 3195 685 3369 je
801 3227 967 3309 ne
1047 3181 1313 3369 puis
1429 3181 1829 3313 croire
1961 3221 2211 3359 que
2327 3175 2447 3309 le
2537 3169 2971 3313 Publie
3063 3227 3273 3313 me
3389 3181 3835 3369 Içache

561 3385 1125 3513 mauvais
1215 3369 1431 3563 gré
1537 3375 1691 3507 de
1761 3363 1981 3559 luy
2057 3379 2415 3507 avoir
2497 3369 2921 3507 donné
2991 3419 3237 3503 une
3333 3385 3829 3563 Tragé¬

557 3573 761 3711 die
833 3579 1047 3753 qui
1129 3619 1201 3701 a
1281 3567 1533 3707 efté
1609 3563 2175 3701 honorée
2257 3567 2411 3701 de
2501 3603 2773 3701 tant
2853 3567 3007 3701 de
3083 3563 3533 3701 larmes
3589 3589 3621 3743 ;
3685 3589 3831 3707 3c

561 3773 879 3905 dont
991 3761 1103 3905 la
1205 3761 1865 3901 trentième
1961 3751 2961 3951 reprefentation
3053 3813 3125 3895 a
3191 3761 3441 3895 efté
3517 3761 3825 3905 aulS

551 3961 955 4099 fuivie
1021 4007 1267 4145 que
1343 3961 1467 4095 la
1553 3967 2217 4151 première*

767 4171 971 4309 Ce
1087 4159 1411 4293 n'eft
1517 4205 1737 4349 pas
1833 4201 2079 4339 que
2185 4149 2803 4339 quelques
2905 4149 3599 4289 Perfonnes
3665 4195 3825 4289 ne

551 4353 1129 4549 m’ayent
1199 4349 1809 4539 reproché
1889 4389 2217 4487 cette
2287 4395 2487 4483 me
2497 4339 2747 4483 fine
2839 4343 3493 4533 fimplicité
3573 4395 3825 4533 que

547 4559 1001 4747 j’avois
1087 4543 1829 4687 recherchée
1929 4593 2237 4681 avec
2337 4583 2605 4677 tant
2669 4543 2823 4677 de
2899 4537 3211 4687 foin.
3349 4543 3513 4677 Ils
3593 4589 3819 4681 ont

551 4747 777 4885 crû
863 4757 1329 4931 qu’une
1383 4741 2017 4931 Tragédie
2083 4747 2303 4907 qui
2369 4741 2727 4871 eftoit
2803 4737 2895 4871 fi
2975 4787 3221 4927 peu
3293 4737 3825 4931 chargée

551 4945 1303 5133 d'intrigues
1347 5053 1389 5111 ,
1461 4987 1625 5075 ne
1715 4951 2253 5125 pouvoir
2313 4935 2625 5069 eftre
2701 4925 3049 5069 félon
3119 4931 3299 5069 les
3349 4935 3825 5121 Réglés

547 5139 717 5279 du
787 5139 1395 5283 Theatre.
1461 5139 1635 5329 Je
1679 5135 2401 5273 m'informa
2419 5181 2497 5315 y
2599 5125 2845 5269 s’ils
2885 5119 3003 5263 fe
3043 5129 3819 5319 plaignoienc

567 5339 1033 5529 qu'elle
1113 5333 1293 5473 les
1389 5339 1649 5467 euft
1741 5379 2369 5519 ennuyez.
2557 5323 2783 5457 On
2885 5369 3095 5457 me
3205 5333 3391 5457 dit
3455 5323 3819 5509 qu’ils

551 5549 1251 5671 avolioient
1373 5573 1655 5667 tous
1823 5579 1991 5713 qu
2041 5523 2277 5661 elle
2415 5527 3171 5707 n’cnnnyoit
3329 5563 3697 5707 point
3783 5641 3819 5697 ,

551 5777 727 5917 qu
781 5731 1027 5871 elle
1119 5727 1293 5865 les
1373 5727 1951 5865 tonchoit
2047 5711 2507 5861 mefme
2599 5763 2747 5851 en
2859 5711 3461 5907 plufieurs
3579 5763 3809 5851 en¬

541 5937 945 6101 droits
1037 6039 1083 6101 ?
1195 5941 1329 6065 &
1455 5921 1813 6111 qu’ils
1915 5915 2033 6055 la
2149 5915 2793 6055 verroient
2915 5957 3369 6049 encore
3501 5957 3813 6049 avec

515 6125 1007 6325 -plaint.
1169 6135 1467 6305 Que
1553 6115 2069 6263 veulent
2109 6211 2171 6239 «
2211 6115 2359 6253 ils
2445 6115 3155 6305 davantage
3251 6145 3289 6243 ?
3385 6109 3559 6299 Je
3629 6105 3809 6243 les
