<?xml version="1.0" encoding="UTF-8" standalone="yes"?>
<PcGts xmlns="http://schema.primaresearch.org/PAGE/gts/pagecontent/2013-07-15" xmlns:xsi="http://www.w3.org/2001/XMLSchema-instance" xsi:schemaLocation="http://schema.primaresearch.org/PAGE/gts/pagecontent/2013-07-15 http://schema.primaresearch.org/PAGE/gts/pagecontent/2013-07-15/pagecontent.xsd">
    <Metadata>
        <Creator></Creator>
        <Created>2018-12-17T18:21:47.514+01:00</Created>
        <LastChange>2019-04-16T16:22:55.165+02:00</LastChange>
        <Comments>
                Measurement unit: pixel
                PrimaryLanguage: English
                Language: FrenchStandard
                Producer: ABBYY FineReader Engine 11</Comments>
        <TranskribusMetadata docId="149019" pageId="5539218" pageNr="28" tsid="9265387" status="DONE" userId="10612" imgUrl="https://files.transkribus.eu/Get?id=GPHSUCNQXOYOPZZHUMDFRUDQ&amp;fileType=view" xmlUrl="https://files.transkribus.eu/Get?id=EUZQYCFQNCJREMCVAYTAHHYT" imageId="2059746"/>
    </Metadata>
    <Page imageFilename="Racine1676_Oeuvres_bpt6k990581p_corrected_0028.png" imageWidth="4267" imageHeight="7905">
        <PrintSpace>
            <Coords points="564,660 4009,660 4009,6620 564,6620"/>
        </PrintSpace>
        <ReadingOrder>
            <OrderedGroup id="ro_1604219047073" caption="Regions reading order">
                <RegionRefIndexed index="0" regionRef="r_1_1"/>
                <RegionRefIndexed index="1" regionRef="r_1_2"/>
                <RegionRefIndexed index="2" regionRef="r_1_3"/>
                <RegionRefIndexed index="3" regionRef="r_1_4"/>
                <RegionRefIndexed index="4" regionRef="r_1_5"/>
                <RegionRefIndexed index="5" regionRef="r_1_6"/>
                <RegionRefIndexed index="6" regionRef="r_1_7"/>
                <RegionRefIndexed index="7" regionRef="r_1_8"/>
                <RegionRefIndexed index="8" regionRef="r_1_9"/>
                <RegionRefIndexed index="9" regionRef="r_1_10"/>
                <RegionRefIndexed index="10" regionRef="r_1_11"/>
                <RegionRefIndexed index="11" regionRef="r_1_12"/>
                <RegionRefIndexed index="12" regionRef="r_1_13"/>
                <RegionRefIndexed index="13" regionRef="r_1_14"/>
                <RegionRefIndexed index="14" regionRef="r_1_15"/>
                <RegionRefIndexed index="15" regionRef="r_1_16"/>
                <RegionRefIndexed index="16" regionRef="r_1_17"/>
                <RegionRefIndexed index="17" regionRef="r_1_18"/>
                <RegionRefIndexed index="18" regionRef="r_2_1"/>
            </OrderedGroup>
        </ReadingOrder>
        <TextRegion type="paragraph" id="r_1_1" custom="readingOrder {index:0;}">
            <Coords points="642,701 2823,701 2823,864 642,864"/>
            <TextLine id="tl_1" primaryLanguage="English" custom="readingOrder {index:0;}">
                <Coords points="643,702 2822,702 2822,863 643,863"/>
                <Baseline points="643,836 732,836 2821,855"/>
                <Word id="w_w2aab1b1b2b1b1ab1" language="English" custom="readingOrder {index:0;}">
                    <Coords points="643,716 732,716 732,836 643,836"/>
                    <TextEquiv>
                        <Unicode>t</Unicode>
                    </TextEquiv>
                    <TextStyle fontFamily="Times New Roman" fontSize="8.5" italic="true"/>
                </Word>
                <Word id="w_w2aab1b1b2b1b1b1b3" language="English" custom="readingOrder {index:1;}">
                    <Coords points="1601,706 2821,706 2821,862 1601,862"/>
                    <TextEquiv>
                        <Unicode>BERENICE,</Unicode>
                    </TextEquiv>
                    <TextStyle fontFamily="Times New Roman" fontSize="8.5"/>
                </Word>
                <TextEquiv>
                    <Unicode>6 BERENICE.</Unicode>
                </TextEquiv>
            </TextLine>
            <TextEquiv>
                <Unicode>6 BERENICE.</Unicode>
            </TextEquiv>
        </TextRegion>
        <TextRegion type="paragraph" id="r_1_2" custom="readingOrder {index:1;}">
            <Coords points="643,915 3641,915 3641,1279 643,1279"/>
            <TextLine id="tl_2" primaryLanguage="English" custom="readingOrder {index:0;}">
                <Coords points="658,916 3383,916 3383,1101 658,1101"/>
                <Baseline points="658,1042 773,1042 1299,1046 1537,1047 1891,1057 2375,1061 2581,1062 2823,1061 3383,1073"/>
                <Word id="w_w2aab1b1b2b3b1ab1" language="English" custom="readingOrder {index:0;}">
                    <Coords points="658,916 855,916 855,1042 658,1042"/>
                    <TextEquiv>
                        <Unicode>Un</Unicode>
                    </TextEquiv>
                    <TextStyle fontFamily="Times New Roman" fontSize="8.5"/>
                </Word>
                <Word id="w_w2aab1b1b2b3b1b1b1" language="English" custom="readingOrder {index:1;}">
                    <Coords points="917,927 1299,927 1299,1046 917,1046"/>
                    <TextEquiv>
                        <Unicode>Prince</Unicode>
                    </TextEquiv>
                    <TextStyle fontFamily="Times New Roman" fontSize="8.5"/>
                </Word>
                <Word id="w_w2aab1b1b2b3b1b1c15" language="English" custom="readingOrder {index:2;}">
                    <Coords points="1354,941 1537,941 1537,1093 1354,1093"/>
                    <TextEquiv>
                        <Unicode>qui</Unicode>
                    </TextEquiv>
                    <TextStyle fontFamily="Times New Roman" fontSize="8.5"/>
                </Word>
                <Word id="w_w2aab1b1b2b3b1b1c23" language="English" custom="readingOrder {index:3;}">
                    <Coords points="1596,938 1891,938 1891,1084 1596,1084"/>
                    <TextEquiv>
                        <Unicode>jadis</Unicode>
                    </TextEquiv>
                    <TextStyle fontFamily="Times New Roman" fontSize="8.5"/>
                </Word>
                <Word id="w_w2aab1b1b2b3b1b1c35" language="English" custom="readingOrder {index:4;}">
                    <Coords points="1934,937 2375,937 2375,1061 1934,1061"/>
                    <TextEquiv>
                        <Unicode>témoin</Unicode>
                    </TextEquiv>
                    <TextStyle fontFamily="Times New Roman" fontSize="8.5"/>
                </Word>
                <Word id="w_w2aab1b1b2b3b1b1c49" language="English" custom="readingOrder {index:5;}">
                    <Coords points="2444,943 2581,943 2581,1062 2444,1062"/>
                    <TextEquiv>
                        <Unicode>de</Unicode>
                    </TextEquiv>
                    <TextStyle fontFamily="Times New Roman" fontSize="8.5"/>
                </Word>
                <Word id="w_w2aab1b1b2b3b1b1c55" language="English" custom="readingOrder {index:6;}">
                    <Coords points="2624,988 2823,988 2823,1066 2624,1066"/>
                    <TextEquiv>
                        <Unicode>vos</Unicode>
                    </TextEquiv>
                    <TextStyle fontFamily="Times New Roman" fontSize="8.5"/>
                </Word>
                <Word id="w_w2aab1b1b2b3b1b1c63" language="English" custom="readingOrder {index:7;}">
                    <Coords points="2872,948 3383,948 3383,1073 2872,1073"/>
                    <TextEquiv>
                        <Unicode>combats</Unicode>
                    </TextEquiv>
                    <TextStyle fontFamily="Times New Roman" fontSize="8.5"/>
                </Word>
                <TextEquiv>
                    <Unicode>Un Prince qui jadis témoin de vos combats</Unicode>
                </TextEquiv>
            </TextLine>
            <TextLine id="tl_3" primaryLanguage="English" custom="readingOrder {index:1;}">
                <Coords points="644,1088 3640,1088 3640,1278 644,1278"/>
                <Baseline points="644,1200 948,1201 1154,1206 1710,1216 1864,1221 2152,1222 2382,1227 2586,1226 2936,1227 3152,1226 3222,1233 3640,1272"/>
                <Word id="w_w2aab1b1b2b3b3ab1" language="English" custom="readingOrder {index:0;}">
                    <Coords points="644,1102 948,1102 948,1201 644,1201"/>
                    <TextEquiv>
                        <Unicode>Vous</Unicode>
                    </TextEquiv>
                    <TextStyle fontFamily="Times New Roman" fontSize="8.5"/>
                </Word>
                <Word id="w_w2aab1b1b2b3b3ac11" language="English" custom="readingOrder {index:1;}">
                    <Coords points="1004,1097 1154,1097 1154,1206 1004,1206"/>
                    <TextEquiv>
                        <Unicode>vit</Unicode>
                    </TextEquiv>
                    <TextStyle fontFamily="Times New Roman" fontSize="8.5"/>
                </Word>
                <Word id="w_w2aab1b1b2b3b3ac19" language="English" custom="readingOrder {index:2;}">
                    <Coords points="1190,1091 1710,1091 1710,1216 1190,1216"/>
                    <TextEquiv>
                        <Unicode>chercher</Unicode>
                    </TextEquiv>
                    <TextStyle fontFamily="Times New Roman" fontSize="8.5"/>
                </Word>
                <Word id="w_w2aab1b1b2b3b3ac37" language="English" custom="readingOrder {index:3;}">
                    <Coords points="1766,1112 1864,1112 1864,1221 1766,1221"/>
                    <TextEquiv>
                        <Unicode>la</Unicode>
                    </TextEquiv>
                    <TextStyle fontFamily="Times New Roman" fontSize="8.5"/>
                </Word>
                <Word id="w_w2aab1b1b2b3b3ac43" language="English" custom="readingOrder {index:4;}">
                    <Coords points="1920,1111 2276,1111 2276,1263 1920,1263"/>
                    <TextEquiv>
                        <Unicode>gloire</Unicode>
                    </TextEquiv>
                    <TextStyle fontFamily="Times New Roman" fontSize="8.5"/>
                </Word>
                <Word id="w_w2aab1b1b2b3b3b1b1" language="English" custom="readingOrder {index:5;}">
                    <Coords points="2316,1123 2426,1123 2426,1227 2316,1227"/>
                    <TextEquiv>
                        <Unicode>8c</Unicode>
                    </TextEquiv>
                    <TextStyle fontFamily="Times New Roman" fontSize="8.5" italic="true"/>
                </Word>
                <Word id="w_w2aab1b1b2b3b3b2b3" language="English" custom="readingOrder {index:6;}">
                    <Coords points="2482,1117 2586,1117 2586,1226 2482,1226"/>
                    <TextEquiv>
                        <Unicode>la</Unicode>
                    </TextEquiv>
                    <TextStyle fontFamily="Times New Roman" fontSize="8.5"/>
                </Word>
                <Word id="w_w2aab1b1b2b3b3b2b9" language="English" custom="readingOrder {index:7;}">
                    <Coords points="2626,1147 2936,1147 2936,1227 2626,1227"/>
                    <TextEquiv>
                        <Unicode>mort</Unicode>
                    </TextEquiv>
                    <TextStyle fontFamily="Times New Roman" fontSize="8.5"/>
                </Word>
                <Word id="w_w2aab1b1b2b3b3b2c19" language="English" custom="readingOrder {index:8;}">
                    <Coords points="2990,1112 3152,1112 3152,1226 2990,1226"/>
                    <TextEquiv>
                        <Unicode>fur</Unicode>
                    </TextEquiv>
                    <TextStyle fontFamily="Times New Roman" fontSize="8.5"/>
                </Word>
                <Word id="w_w2aab1b1b2b3b3b2c27" language="English" custom="readingOrder {index:9;}">
                    <Coords points="3186,1122 3336,1122 3336,1277 3186,1277"/>
                    <TextEquiv>
                        <Unicode>les</Unicode>
                    </TextEquiv>
                    <TextStyle fontFamily="Times New Roman" fontSize="8.5"/>
                </Word>
                <Word id="w_w2aab1b1b2b3b3b3b1" language="English" custom="readingOrder {index:10;}">
                    <Coords points="3376,1157 3640,1157 3640,1278 3376,1278"/>
                    <TextEquiv>
                        <Unicode>pas,</Unicode>
                    </TextEquiv>
                    <TextStyle fontFamily="Times New Roman" fontSize="8.5"/>
                </Word>
                <TextEquiv>
                    <Unicode>Vous vit chercher la gloire &amp; la mort ſur ſes pas,</Unicode>
                </TextEquiv>
            </TextLine>
            <TextEquiv>
                <Unicode>Un Prince qui jadis témoin de vos combats
Vous vit chercher la gloire &amp; la mort ſur ſes pas,</Unicode>
            </TextEquiv>
        </TextRegion>
        <TextRegion type="paragraph" id="r_1_3" custom="readingOrder {index:2;}">
            <Coords points="631,1251 3257,1251 3257,1597 631,1597"/>
            <TextLine id="tl_4" primaryLanguage="English" custom="readingOrder {index:0;}">
                <Coords points="637,1252 3256,1252 3256,1429 637,1429"/>
                <Baseline points="637,1366 789,1366 979,1365 1218,1370 1371,1371 1793,1380 2035,1382 2287,1387 2667,1392 3255,1401"/>
                <Word id="w_w2aab1b1b2b5b1ab1" language="English" custom="readingOrder {index:0;}">
                    <Coords points="637,1252 789,1252 789,1366 637,1366"/>
                    <TextEquiv>
                        <Unicode>Et</Unicode>
                    </TextEquiv>
                    <TextStyle fontFamily="Times New Roman" fontSize="8.5"/>
                </Word>
                <Word id="w_w2aab1b1b2b5b1ab7" language="English" custom="readingOrder {index:1;}">
                    <Coords points="845,1256 979,1256 979,1367 845,1367"/>
                    <TextEquiv>
                        <Unicode>de</Unicode>
                    </TextEquiv>
                    <TextStyle fontFamily="Times New Roman" fontSize="8.5"/>
                </Word>
                <Word id="w_w2aab1b1b2b5b1ac13" language="English" custom="readingOrder {index:2;}">
                    <Coords points="1029,1266 1218,1266 1218,1417 1029,1417"/>
                    <TextEquiv>
                        <Unicode>qui</Unicode>
                    </TextEquiv>
                    <TextStyle fontFamily="Times New Roman" fontSize="8.5"/>
                </Word>
                <Word id="w_w2aab1b1b2b5b1ac21" language="English" custom="readingOrder {index:3;}">
                    <Coords points="1271,1262 1371,1262 1371,1371 1271,1371"/>
                    <TextEquiv>
                        <Unicode>la</Unicode>
                    </TextEquiv>
                    <TextStyle fontFamily="Times New Roman" fontSize="8.5"/>
                </Word>
                <Word id="w_w2aab1b1b2b5b1ac27" language="English" custom="readingOrder {index:4;}">
                    <Coords points="1431,1268 1793,1268 1793,1381 1431,1381"/>
                    <TextEquiv>
                        <Unicode>valeur</Unicode>
                    </TextEquiv>
                    <TextStyle fontFamily="Times New Roman" fontSize="8.5"/>
                </Word>
                <Word id="w_w2aab1b1b2b5b1ac41" language="English" custom="readingOrder {index:5;}">
                    <Coords points="1837,1307 2035,1307 2035,1423 1837,1423"/>
                    <TextEquiv>
                        <Unicode>par</Unicode>
                    </TextEquiv>
                    <TextStyle fontFamily="Times New Roman" fontSize="8.5"/>
                </Word>
                <Word id="w_w2aab1b1b2b5b1ac49" language="English" custom="readingOrder {index:6;}">
                    <Coords points="2083,1312 2287,1312 2287,1392 2083,1392"/>
                    <TextEquiv>
                        <Unicode>vos</Unicode>
                    </TextEquiv>
                    <TextStyle fontFamily="Times New Roman" fontSize="8.5"/>
                </Word>
                <Word id="w_w2aab1b1b2b5b1ac57" language="English" custom="readingOrder {index:7;}">
                    <Coords points="2373,1271 2667,1271 2667,1392 2373,1392"/>
                    <TextEquiv>
                        <Unicode>foins</Unicode>
                    </TextEquiv>
                    <TextStyle fontFamily="Times New Roman" fontSize="8.5"/>
                </Word>
                <Word id="w_w2aab1b1b2b5b1ac69" language="English" custom="readingOrder {index:8;}">
                    <Coords points="2727,1276 3255,1276 3255,1401 2727,1401"/>
                    <TextEquiv>
                        <Unicode>fécondée</Unicode>
                    </TextEquiv>
                    <TextStyle fontFamily="Times New Roman" fontSize="8.5"/>
                </Word>
                <TextEquiv>
                    <Unicode>Et de qui la valeur par vos ſoins ſecondée</Unicode>
                </TextEquiv>
                <TextStyle fontFamily="Times New Roman" fontSize="8.5"/>
            </TextLine>
            <TextLine id="tl_5" primaryLanguage="English" custom="readingOrder {index:1;}">
                <Coords points="632,1413 3017,1413 3017,1596 632,1596"/>
                <Baseline points="632,1530 871,1525 1217,1536 1509,1539 1659,1546 1977,1591 2133,1546 2581,1550 3016,1572"/>
                <Word id="w_w2aab1b1b2b5b3ab1" language="English" custom="readingOrder {index:0;}">
                    <Coords points="632,1420 871,1420 871,1530 632,1530"/>
                    <TextEquiv>
                        <Unicode>Mit</Unicode>
                    </TextEquiv>
                    <TextStyle fontFamily="Times New Roman" fontSize="8.5"/>
                </Word>
                <Word id="w_w2aab1b1b2b5b3ab9" language="English" custom="readingOrder {index:1;}">
                    <Coords points="916,1416 1217,1416 1217,1536 916,1536"/>
                    <TextEquiv>
                        <Unicode>enfin</Unicode>
                    </TextEquiv>
                    <TextStyle fontFamily="Times New Roman" fontSize="8.5"/>
                </Word>
                <Word id="w_w2aab1b1b2b5b3ac21" language="English" custom="readingOrder {index:2;}">
                    <Coords points="1272,1428 1509,1428 1509,1539 1272,1539"/>
                    <TextEquiv>
                        <Unicode>fous</Unicode>
                    </TextEquiv>
                    <TextStyle fontFamily="Times New Roman" fontSize="8.5"/>
                </Word>
                <Word id="w_w2aab1b1b2b5b3ac31" language="English" custom="readingOrder {index:3;}">
                    <Coords points="1554,1427 1659,1427 1659,1546 1554,1546"/>
                    <TextEquiv>
                        <Unicode>le</Unicode>
                    </TextEquiv>
                    <TextStyle fontFamily="Times New Roman" fontSize="8.5"/>
                </Word>
                <Word id="w_w2aab1b1b2b5b3ac37" language="English" custom="readingOrder {index:4;}">
                    <Coords points="1698,1442 1977,1442 1977,1591 1698,1591"/>
                    <TextEquiv>
                        <Unicode>joug</Unicode>
                    </TextEquiv>
                    <TextStyle fontFamily="Times New Roman" fontSize="8.5"/>
                </Word>
                <Word id="w_w2aab1b1b2b5b3ac47" language="English" custom="readingOrder {index:5;}">
                    <Coords points="2028,1438 2133,1438 2133,1546 2028,1546"/>
                    <TextEquiv>
                        <Unicode>la</Unicode>
                    </TextEquiv>
                    <TextStyle fontFamily="Times New Roman" fontSize="8.5"/>
                </Word>
                <Word id="w_w2aab1b1b2b5b3ac53" language="English" custom="readingOrder {index:6;}">
                    <Coords points="2178,1437 2581,1437 2581,1554 2178,1554"/>
                    <TextEquiv>
                        <Unicode>rebelle</Unicode>
                    </TextEquiv>
                    <TextStyle fontFamily="Times New Roman" fontSize="8.5"/>
                </Word>
                <Word id="w_w2aab1b1b2b5b3ac69" language="English" custom="readingOrder {index:7;}">
                    <Coords points="2608,1436 3016,1436 3016,1592 2608,1592"/>
                    <TextEquiv>
                        <Unicode>Judée.</Unicode>
                    </TextEquiv>
                    <TextStyle fontFamily="Times New Roman" fontSize="8.5"/>
                </Word>
                <TextEquiv>
                    <Unicode>Mit enfin ſous le joug la rebelle Judée.</Unicode>
                </TextEquiv>
                <TextStyle fontFamily="Times New Roman" fontSize="8.5"/>
            </TextLine>
            <TextEquiv>
                <Unicode>Et de qui la valeur par vos ſoins ſecondée
Mit enfin ſous le joug la rebelle Judée.</Unicode>
            </TextEquiv>
        </TextRegion>
        <TextRegion type="paragraph" id="r_1_4" custom="readingOrder {index:3;}">
            <Coords points="622,1572 3384,1572 3384,1926 622,1926"/>
            <TextLine id="tl_6" primaryLanguage="English" custom="readingOrder {index:0;}">
                <Coords points="627,1573 3346,1573 3346,1759 627,1759"/>
                <Baseline points="628,1690 748,1694 908,1695 1160,1700 1470,1699 1674,1706 1984,1711 2344,1707 2572,1716 3346,1719"/>
                <Word id="w_w2aab1b1b2b7b1ab1" language="English" custom="readingOrder {index:0;}">
                    <Coords points="628,1579 748,1579 748,1694 628,1694"/>
                    <TextEquiv>
                        <Unicode>Il</Unicode>
                    </TextEquiv>
                    <TextStyle fontFamily="Times New Roman" fontSize="8.5"/>
                </Word>
                <Word id="w_w2aab1b1b2b7b1ab7" language="English" custom="readingOrder {index:1;}">
                    <Coords points="814,1574 908,1574 908,1695 814,1695"/>
                    <TextEquiv>
                        <Unicode>fè</Unicode>
                    </TextEquiv>
                    <TextStyle fontFamily="Times New Roman" fontSize="8.5"/>
                </Word>
                <Word id="w_w2aab1b1b2b7b1ac13" language="English" custom="readingOrder {index:2;}">
                    <Coords points="978,1581 1160,1581 1160,1700 978,1700"/>
                    <TextEquiv>
                        <Unicode>fou</Unicode>
                    </TextEquiv>
                    <TextStyle fontFamily="Times New Roman" fontSize="8.5"/>
                </Word>
                <Word id="w_w2aab1b1b2b7b1ac21" language="English" custom="readingOrder {index:3;}">
                    <Coords points="1168,1586 1470,1586 1470,1705 1168,1705"/>
                    <TextEquiv>
                        <Unicode>vient</Unicode>
                    </TextEquiv>
                    <TextStyle fontFamily="Times New Roman" fontSize="8.5"/>
                </Word>
                <Word id="w_w2aab1b1b2b7b1ac33" language="English" custom="readingOrder {index:4;}">
                    <Coords points="1534,1589 1674,1589 1674,1706 1534,1706"/>
                    <TextEquiv>
                        <Unicode>du</Unicode>
                    </TextEquiv>
                    <TextStyle fontFamily="Times New Roman" fontSize="8.5"/>
                </Word>
                <Word id="w_w2aab1b1b2b7b1ac39" language="English" custom="readingOrder {index:5;}">
                    <Coords points="1729,1606 1984,1606 1984,1752 1729,1752"/>
                    <TextEquiv>
                        <Unicode>jour</Unicode>
                    </TextEquiv>
                    <TextStyle fontFamily="Times New Roman" fontSize="8.5"/>
                </Word>
                <Word id="w_w2aab1b1b2b7b1ac49" language="English" custom="readingOrder {index:6;}">
                    <Coords points="2056,1590 2462,1590 2462,1716 2056,1716"/>
                    <TextEquiv>
                        <Unicode>illuftre</Unicode>
                    </TextEquiv>
                    <TextStyle fontFamily="Times New Roman" fontSize="8.5"/>
                </Word>
                <Word id="w_w2aab1b1b2b7b1b1b1" language="English" custom="readingOrder {index:7;}">
                    <Coords points="2506,1612 2612,1612 2612,1716 2506,1716"/>
                    <TextEquiv>
                        <Unicode>8c</Unicode>
                    </TextEquiv>
                    <TextStyle fontFamily="Times New Roman" fontSize="8.5" italic="true"/>
                </Word>
                <Word id="w_w2aab1b1b2b7b1b2b3" language="English" custom="readingOrder {index:8;}">
                    <Coords points="2666,1602 3346,1602 3346,1719 2666,1719"/>
                    <TextEquiv>
                        <Unicode>doulouréux</Unicode>
                    </TextEquiv>
                    <TextStyle fontFamily="Times New Roman" fontSize="8.5"/>
                </Word>
                <TextEquiv>
                    <Unicode>Il ſe ſouvient du jour illuſtre &amp; douloureux</Unicode>
                </TextEquiv>
            </TextLine>
            <TextLine id="tl_7" primaryLanguage="English" custom="readingOrder {index:1;}">
                <Coords points="623,1739 3383,1739 3383,1925 623,1925"/>
                <Baseline points="623,1880 871,1855 1293,1864 1479,1865 1725,1870 2029,1874 2349,1921 2697,1880 3229,1875 3383,1865"/>
                <Word id="w_w2aab1b1b2b7b3ab1" language="English" custom="readingOrder {index:0;}">
                    <Coords points="623,1745 871,1745 871,1880 623,1880"/>
                    <TextEquiv>
                        <Unicode>Qui</Unicode>
                    </TextEquiv>
                    <TextStyle fontFamily="Times New Roman" fontSize="8.5"/>
                </Word>
                <Word id="w_w2aab1b1b2b7b3ab9" language="English" custom="readingOrder {index:1;}">
                    <Coords points="911,1741 1293,1741 1293,1864 911,1864"/>
                    <TextEquiv>
                        <Unicode>décida</Unicode>
                    </TextEquiv>
                    <TextStyle fontFamily="Times New Roman" fontSize="8.5"/>
                </Word>
                <Word id="w_w2aab1b1b2b7b3ac23" language="English" custom="readingOrder {index:2;}">
                    <Coords points="1333,1751 1479,1751 1479,1865 1333,1865"/>
                    <TextEquiv>
                        <Unicode>du</Unicode>
                    </TextEquiv>
                    <TextStyle fontFamily="Times New Roman" fontSize="8.5"/>
                </Word>
                <Word id="w_w2aab1b1b2b7b3ac29" language="English" custom="readingOrder {index:3;}">
                    <Coords points="1509,1755 1725,1755 1725,1870 1509,1870"/>
                    <TextEquiv>
                        <Unicode>fort</Unicode>
                    </TextEquiv>
                    <TextStyle fontFamily="Times New Roman" fontSize="8.5"/>
                </Word>
                <Word id="w_w2aab1b1b2b7b3ac39" language="English" custom="readingOrder {index:4;}">
                    <Coords points="1765,1760 2029,1760 2029,1875 1765,1875"/>
                    <TextEquiv>
                        <Unicode>d'un</Unicode>
                    </TextEquiv>
                    <TextStyle fontFamily="Times New Roman" fontSize="8.5"/>
                </Word>
                <Word id="w_w2aab1b1b2b7b3ac49" language="English" custom="readingOrder {index:5;}">
                    <Coords points="2065,1760 2349,1760 2349,1921 2065,1921"/>
                    <TextEquiv>
                        <Unicode>long</Unicode>
                    </TextEquiv>
                    <TextStyle fontFamily="Times New Roman" fontSize="8.5"/>
                </Word>
                <Word id="w_w2aab1b1b2b7b3ac59" language="English" custom="readingOrder {index:6;}">
                    <Coords points="2415,1759 2697,1759 2697,1922 2415,1922"/>
                    <TextEquiv>
                        <Unicode>fîege</Unicode>
                    </TextEquiv>
                    <TextStyle fontFamily="Times New Roman" fontSize="8.5"/>
                </Word>
                <Word id="w_w2aab1b1b2b7b3ac71" language="English" custom="readingOrder {index:7;}">
                    <Coords points="2749,1765 3229,1765 3229,1881 2749,1881"/>
                    <TextEquiv>
                        <Unicode>douteux</Unicode>
                    </TextEquiv>
                    <TextStyle fontFamily="Times New Roman" fontSize="8.5"/>
                </Word>
                <Word id="w_w2aab1b1b2b7b3ac87" language="English" custom="readingOrder {index:8;}">
                    <Coords points="3285,1817 3383,1817 3383,1885 3285,1885"/>
                    <TextEquiv>
                        <Unicode>:.</Unicode>
                    </TextEquiv>
                    <TextStyle fontFamily="Times New Roman" fontSize="8.5"/>
                </Word>
                <TextEquiv>
                    <Unicode>Qui décida du ſort d'un long ſiege douteux:</Unicode>
                </TextEquiv>
                <TextStyle fontFamily="Times New Roman" fontSize="8.5"/>
            </TextLine>
            <TextEquiv>
                <Unicode>Il ſe ſouvient du jour illuſtre &amp; douloureux
Qui décida du ſort d'un long ſiege douteux:</Unicode>
            </TextEquiv>
        </TextRegion>
        <TextRegion type="paragraph" id="r_1_5" custom="readingOrder {index:4;}">
            <Coords points="627,1902 3450,1902 3450,2249 627,2249"/>
            <TextLine id="tl_8" primaryLanguage="English" custom="readingOrder {index:0;}">
                <Coords points="628,1903 3449,1903 3449,2088 628,2088"/>
                <Baseline points="628,2024 851,2014 1129,2024 1489,2029 2031,2034 2221,2040 2811,2039 3449,2044"/>
                <Word id="w_w2aab1b1b2b9b1ab1" language="English" custom="readingOrder {index:0;}">
                    <Coords points="628,1915 851,1915 851,2024 628,2024"/>
                    <TextEquiv>
                        <Unicode>Sur</Unicode>
                    </TextEquiv>
                    <TextStyle fontFamily="Times New Roman" fontSize="8.5"/>
                </Word>
                <Word id="w_w2aab1b1b2b9b1ab9" language="English" custom="readingOrder {index:1;}">
                    <Coords points="896,1905 1129,1905 1129,2024 896,2024"/>
                    <TextEquiv>
                        <Unicode>leur</Unicode>
                    </TextEquiv>
                    <TextStyle fontFamily="Times New Roman" fontSize="8.5"/>
                </Word>
                <Word id="w_w2aab1b1b2b9b1ac19" language="English" custom="readingOrder {index:2;}">
                    <Coords points="1164,1915 1489,1915 1489,2065 1164,2065"/>
                    <TextEquiv>
                        <Unicode>triplé</Unicode>
                    </TextEquiv>
                    <TextStyle fontFamily="Times New Roman" fontSize="8.5"/>
                </Word>
                <Word id="w_w2aab1b1b2b9b1ac33" language="English" custom="readingOrder {index:3;}">
                    <Coords points="1534,1955 2031,1955 2031,2075 1534,2075"/>
                    <TextEquiv>
                        <Unicode>rempart</Unicode>
                    </TextEquiv>
                    <TextStyle fontFamily="Times New Roman" fontSize="8.5"/>
                </Word>
                <Word id="w_w2aab1b1b2b9b1ac49" language="English" custom="readingOrder {index:4;}">
                    <Coords points="2070,1926 2221,1926 2221,2040 2070,2040"/>
                    <TextEquiv>
                        <Unicode>les</Unicode>
                    </TextEquiv>
                    <TextStyle fontFamily="Times New Roman" fontSize="8.5"/>
                </Word>
                <Word id="w_w2aab1b1b2b9b1ac57" language="English" custom="readingOrder {index:5;}">
                    <Coords points="2270,1931 2811,1931 2811,2040 2270,2040"/>
                    <TextEquiv>
                        <Unicode>Ennemis</Unicode>
                    </TextEquiv>
                    <TextStyle fontFamily="Times New Roman" fontSize="8.5"/>
                </Word>
                <Word id="w_w2aab1b1b2b9b1ac73" language="English" custom="readingOrder {index:6;}">
                    <Coords points="2850,1935 3449,1935 3449,2087 2850,2087"/>
                    <TextEquiv>
                        <Unicode>tranquiks</Unicode>
                    </TextEquiv>
                    <TextStyle fontFamily="Times New Roman" fontSize="8.5"/>
                </Word>
                <TextEquiv>
                    <Unicode>Sur leur triple rempart les Ennemis tranquiles</Unicode>
                </TextEquiv>
                <TextStyle fontFamily="Times New Roman" fontSize="8.5"/>
            </TextLine>
            <TextLine id="tl_9" primaryLanguage="English" custom="readingOrder {index:1;}">
                <Coords points="633,2074 3444,2074 3444,2248 633,2248"/>
                <Baseline points="634,2184 1576,2194 1860,2199 2178,2200 2462,2199 2888,2205 3444,2240"/>
                <Word id="w_w2aab1b1b2b9b3ab1" language="English" custom="readingOrder {index:0;}">
                    <Coords points="634,2074 1576,2074 1576,2224 634,2224"/>
                    <TextEquiv>
                        <Unicode>Contemploient</Unicode>
                    </TextEquiv>
                    <TextStyle fontFamily="Times New Roman" fontSize="8.5"/>
                </Word>
                <Word id="w_w2aab1b1b2b9b3ac29" language="English" custom="readingOrder {index:1;}">
                    <Coords points="1622,2084 1860,2084 1860,2199 1622,2199"/>
                    <TextEquiv>
                        <Unicode>fans</Unicode>
                    </TextEquiv>
                    <TextStyle fontFamily="Times New Roman" fontSize="8.5"/>
                </Word>
                <Word id="w_w2aab1b1b2b9b3ac39" language="English" custom="readingOrder {index:2;}">
                    <Coords points="1905,2090 2178,2090 2178,2241 1905,2241"/>
                    <TextEquiv>
                        <Unicode>péril</Unicode>
                    </TextEquiv>
                    <TextStyle fontFamily="Times New Roman" fontSize="8.5"/>
                </Word>
                <Word id="w_w2aab1b1b2b9b3ac51" language="English" custom="readingOrder {index:3;}">
                    <Coords points="2254,2127 2462,2127 2462,2201 2254,2201"/>
                    <TextEquiv>
                        <Unicode>nos</Unicode>
                    </TextEquiv>
                    <TextStyle fontFamily="Times New Roman" fontSize="8.5"/>
                </Word>
                <Word id="w_w2aab1b1b2b9b3ac59" language="English" custom="readingOrder {index:4;}">
                    <Coords points="2502,2084 2888,2084 2888,2205 2502,2205"/>
                    <TextEquiv>
                        <Unicode>affauts</Unicode>
                    </TextEquiv>
                    <TextStyle fontFamily="Times New Roman" fontSize="8.5"/>
                </Word>
                <Word id="w_w2aab1b1b2b9b3ac75" language="English" custom="readingOrder {index:5;}">
                    <Coords points="2924,2094 3444,2094 3444,2240 2924,2240"/>
                    <TextEquiv>
                        <Unicode>inutiles,</Unicode>
                    </TextEquiv>
                    <TextStyle fontFamily="Times New Roman" fontSize="8.5"/>
                </Word>
                <TextEquiv>
                    <Unicode>Contemploient ſans peril nos aſſauts inutiles,</Unicode>
                </TextEquiv>
                <TextStyle fontFamily="Times New Roman" fontSize="8.5"/>
            </TextLine>
            <TextEquiv>
                <Unicode>Sur leur triple rempart les Ennemis tranquiles
Contemploient ſans peril nos aſſauts inutiles,</Unicode>
            </TextEquiv>
        </TextRegion>
        <TextRegion type="paragraph" id="r_1_6" custom="readingOrder {index:5;}">
            <Coords points="618,2236 3280,2236 3280,2414 618,2414"/>
            <TextLine id="tl_10" primaryLanguage="English" custom="readingOrder {index:0;}">
                <Coords points="619,2237 3279,2237 3279,2413 619,2413"/>
                <Baseline points="619,2348 783,2348 1277,2354 1967,2359 2169,2358 2951,2363 3279,2369"/>
                <Word id="w_w2aab1b1b2c11b1ab1" language="English" custom="readingOrder {index:0;}">
                    <Coords points="619,2239 783,2239 783,2348 619,2348"/>
                    <TextEquiv>
                        <Unicode>Le</Unicode>
                    </TextEquiv>
                    <TextStyle fontFamily="Times New Roman" fontSize="8.5"/>
                </Word>
                <Word id="w_w2aab1b1b2c11b1ab7" language="English" custom="readingOrder {index:1;}">
                    <Coords points="865,2239 1277,2239 1277,2354 865,2354"/>
                    <TextEquiv>
                        <Unicode>Bellier</Unicode>
                    </TextEquiv>
                    <TextStyle fontFamily="Times New Roman" fontSize="8.5"/>
                </Word>
                <Word id="w_w2aab1b1b2c11b1ac23" language="English" custom="readingOrder {index:2;}">
                    <Coords points="1329,2244 1967,2244 1967,2400 1329,2400"/>
                    <TextEquiv>
                        <Unicode>impuifïànt</Unicode>
                    </TextEquiv>
                    <TextStyle fontFamily="Times New Roman" fontSize="8.5"/>
                </Word>
                <Word id="w_w2aab1b1b2c11b1ac45" language="English" custom="readingOrder {index:3;}">
                    <Coords points="2023,2249 2169,2249 2169,2364 2023,2364"/>
                    <TextEquiv>
                        <Unicode>les</Unicode>
                    </TextEquiv>
                    <TextStyle fontFamily="Times New Roman" fontSize="8.5"/>
                </Word>
                <Word id="w_w2aab1b1b2c11b1ac53" language="English" custom="readingOrder {index:4;}">
                    <Coords points="2209,2254 2951,2254 2951,2410 2209,2410"/>
                    <TextEquiv>
                        <Unicode>menaçoiten</Unicode>
                    </TextEquiv>
                    <TextStyle fontFamily="Times New Roman" fontSize="8.5"/>
                </Word>
                <Word id="w_w2aab1b1b2c11b1ac75" language="English" custom="readingOrder {index:5;}">
                    <Coords points="2991,2254 3279,2254 3279,2369 2991,2369"/>
                    <TextEquiv>
                        <Unicode>vain.</Unicode>
                    </TextEquiv>
                    <TextStyle fontFamily="Times New Roman" fontSize="8.5"/>
                </Word>
                <TextEquiv>
                    <Unicode>Le Bellier impuiſſant les menaçoit en vain.</Unicode>
                </TextEquiv>
                <TextStyle fontFamily="Times New Roman" fontSize="8.5"/>
            </TextLine>
            <TextEquiv>
                <Unicode>Le Bellier impuiſſant les menaçoit en vain.</Unicode>
            </TextEquiv>
        </TextRegion>
        <TextRegion type="paragraph" id="r_1_7" custom="readingOrder {index:6;}">
            <Coords points="627,2390 3900,2390 3900,2741 627,2741"/>
            <TextLine id="tl_11" primaryLanguage="English" custom="readingOrder {index:0;}">
                <Coords points="628,2391 3899,2391 3899,2580 628,2580"/>
                <Baseline points="628,2514 944,2513 1226,2550 1890,2555 2210,2524 2512,2554 2764,2529 3218,2529 3323,2525 3466,2528 3898,2560"/>
                <Word id="w_w2aab1b1b2c13b1ab1" language="English" custom="readingOrder {index:0;}">
                    <Coords points="628,2409 944,2409 944,2514 628,2514"/>
                    <TextEquiv>
                        <Unicode>Vous</Unicode>
                    </TextEquiv>
                    <TextStyle fontFamily="Times New Roman" fontSize="8.5"/>
                </Word>
                <Word id="w_w2aab1b1b2c13b1ac11" language="English" custom="readingOrder {index:1;}">
                    <Coords points="988,2393 1226,2393 1226,2550 988,2550"/>
                    <TextEquiv>
                        <Unicode>lèul,</Unicode>
                    </TextEquiv>
                    <TextStyle fontFamily="Times New Roman" fontSize="8.5"/>
                </Word>
                <Word id="w_w2aab1b1b2c13b1ac23" language="English" custom="readingOrder {index:2;}">
                    <Coords points="1302,2409 1890,2409 1890,2570 1302,2570"/>
                    <TextEquiv>
                        <Unicode>Seigneur,</Unicode>
                    </TextEquiv>
                    <TextStyle fontFamily="Times New Roman" fontSize="8.5"/>
                </Word>
                <Word id="w_w2aab1b1b2c13b1ac43" language="English" custom="readingOrder {index:3;}">
                    <Coords points="1936,2450 2210,2450 2210,2524 1936,2524"/>
                    <TextEquiv>
                        <Unicode>vous</Unicode>
                    </TextEquiv>
                    <TextStyle fontFamily="Times New Roman" fontSize="8.5"/>
                </Word>
                <Word id="w_w2aab1b1b2c13b1ac53" language="English" custom="readingOrder {index:4;}">
                    <Coords points="2244,2419 2512,2419 2512,2554 2244,2554"/>
                    <TextEquiv>
                        <Unicode>feu!,</Unicode>
                    </TextEquiv>
                    <TextStyle fontFamily="Times New Roman" fontSize="8.5"/>
                </Word>
                <Word id="w_w2aab1b1b2c13b1ac65" language="English" custom="readingOrder {index:5;}">
                    <Coords points="2548,2450 2764,2450 2764,2529 2548,2529"/>
                    <TextEquiv>
                        <Unicode>une</Unicode>
                    </TextEquiv>
                    <TextStyle fontFamily="Times New Roman" fontSize="8.5"/>
                </Word>
                <Word id="w_w2aab1b1b2c13b1ac73" language="English" custom="readingOrder {index:6;}">
                    <Coords points="2810,2413 3218,2413 3218,2529 2810,2529"/>
                    <TextEquiv>
                        <Unicode>échelle</Unicode>
                    </TextEquiv>
                    <TextStyle fontFamily="Times New Roman" fontSize="8.5"/>
                </Word>
                <Word id="w_w2aab1b1b2c13b1ac89" language="English" custom="readingOrder {index:7;}">
                    <Coords points="3258,2409 3323,2409 3323,2525 3258,2525"/>
                    <TextEquiv>
                        <Unicode>à</Unicode>
                    </TextEquiv>
                    <TextStyle fontFamily="Times New Roman" fontSize="8.5"/>
                </Word>
                <Word id="w_w2aab1b1b2c13b1ac93" language="English" custom="readingOrder {index:8;}">
                    <Coords points="3366,2415 3466,2415 3466,2528 3366,2528"/>
                    <TextEquiv>
                        <Unicode>la</Unicode>
                    </TextEquiv>
                    <TextStyle fontFamily="Times New Roman" fontSize="8.5"/>
                </Word>
                <Word id="w_w2aab1b1b2c13b1ac99" language="English" custom="readingOrder {index:9;}">
                    <Coords points="3520,2415 3898,2415 3898,2560 3520,2560"/>
                    <TextEquiv>
                        <Unicode>main^</Unicode>
                    </TextEquiv>
                    <TextStyle fontFamily="Times New Roman" fontSize="8.5"/>
                </Word>
                <TextEquiv>
                    <Unicode>Vous ſeul, Seigneur, vous ſeul, une échelle à la main,</Unicode>
                </TextEquiv>
                <TextStyle fontFamily="Times New Roman" fontSize="8.5"/>
            </TextLine>
            <TextLine id="tl_12" primaryLanguage="English" custom="readingOrder {index:1;}">
                <Coords points="633,2560 3590,2560 3590,2740 633,2740"/>
                <Baseline points="633,2672 738,2672 954,2673 1310,2678 1530,2681 1674,2688 2014,2689 2458,2689 2652,2688 2960,2690 3590,2704"/>
                <Word id="w_w2aab1b1b2c13b3ab1" language="English" custom="readingOrder {index:0;}">
                    <Coords points="633,2568 738,2568 738,2672 633,2672"/>
                    <TextEquiv>
                        <Unicode>V</Unicode>
                    </TextEquiv>
                    <TextStyle fontFamily="Times New Roman" fontSize="8.5"/>
                </Word>
                <Word id="w_w2aab1b1b2c13b3ab5" language="English" custom="readingOrder {index:1;}">
                    <Coords points="761,2598 954,2598 954,2676 761,2676"/>
                    <TextEquiv>
                        <Unicode>ous</Unicode>
                    </TextEquiv>
                    <TextStyle fontFamily="Times New Roman" fontSize="8.5"/>
                </Word>
                <Word id="w_w2aab1b1b2c13b3ac13" language="English" custom="readingOrder {index:2;}">
                    <Coords points="997,2599 1310,2599 1310,2713 997,2713"/>
                    <TextEquiv>
                        <Unicode>porta</Unicode>
                    </TextEquiv>
                    <TextStyle fontFamily="Times New Roman" fontSize="8.5"/>
                </Word>
                <Word id="w_w2aab1b1b2c13b3ac25" language="English" custom="readingOrder {index:3;}">
                    <Coords points="1329,2563 1530,2563 1530,2683 1329,2683"/>
                    <TextEquiv>
                        <Unicode>fies</Unicode>
                    </TextEquiv>
                    <TextStyle fontFamily="Times New Roman" fontSize="8.5"/>
                </Word>
                <Word id="w_w2aab1b1b2c13b3ac35" language="English" custom="readingOrder {index:4;}">
                    <Coords points="1575,2574 1674,2574 1674,2688 1575,2688"/>
                    <TextEquiv>
                        <Unicode>la</Unicode>
                    </TextEquiv>
                    <TextStyle fontFamily="Times New Roman" fontSize="8.5"/>
                </Word>
                <Word id="w_w2aab1b1b2c13b3ac41" language="English" custom="readingOrder {index:5;}">
                    <Coords points="1705,2609 2014,2609 2014,2689 1705,2689"/>
                    <TextEquiv>
                        <Unicode>mort</Unicode>
                    </TextEquiv>
                    <TextStyle fontFamily="Times New Roman" fontSize="8.5"/>
                </Word>
                <Word id="w_w2aab1b1b2c13b3ac51" language="English" custom="readingOrder {index:6;}">
                    <Coords points="2037,2580 2458,2580 2458,2735 2037,2735"/>
                    <TextEquiv>
                        <Unicode>jufques</Unicode>
                    </TextEquiv>
                    <TextStyle fontFamily="Times New Roman" fontSize="8.5"/>
                </Word>
                <Word id="w_w2aab1b1b2c13b3ac67" language="English" custom="readingOrder {index:7;}">
                    <Coords points="2491,2570 2652,2570 2652,2688 2491,2688"/>
                    <TextEquiv>
                        <Unicode>fur</Unicode>
                    </TextEquiv>
                    <TextStyle fontFamily="Times New Roman" fontSize="8.5"/>
                </Word>
                <Word id="w_w2aab1b1b2c13b3ac75" language="English" custom="readingOrder {index:8;}">
                    <Coords points="2681,2574 2960,2574 2960,2693 2681,2693"/>
                    <TextEquiv>
                        <Unicode>leurs</Unicode>
                    </TextEquiv>
                    <TextStyle fontFamily="Times New Roman" fontSize="8.5"/>
                </Word>
                <Word id="w_w2aab1b1b2c13b3ac87" language="English" custom="readingOrder {index:9;}">
                    <Coords points="2995,2579 3590,2579 3590,2704 2995,2704"/>
                    <TextEquiv>
                        <Unicode>murailles.</Unicode>
                    </TextEquiv>
                    <TextStyle fontFamily="Times New Roman" fontSize="8.5"/>
                </Word>
                <TextEquiv>
                    <Unicode>Vous portaſtes la mort juſques ſur leurs murailles.</Unicode>
                </TextEquiv>
                <TextStyle fontFamily="Times New Roman" fontSize="8.5"/>
            </TextLine>
            <TextEquiv>
                <Unicode>Vous ſeul, Seigneur, vous ſeul, une échelle à la main,
Vous portaſtes la mort juſques ſur leurs murailles.</Unicode>
            </TextEquiv>
        </TextRegion>
        <TextRegion type="paragraph" id="r_1_8" custom="readingOrder {index:7;}">
            <Coords points="638,2723 3560,2723 3560,2903 638,2903"/>
            <TextLine id="tl_13" primaryLanguage="English" custom="readingOrder {index:0;}">
                <Coords points="639,2724 3559,2724 3559,2902 639,2902"/>
                <Baseline points="639,2838 805,2838 1109,2838 1607,2848 2049,2852 2297,2849 2807,2857 3559,2888"/>
                <Word id="w_w2aab1b1b2c15b1ab1" language="English" custom="readingOrder {index:0;}">
                    <Coords points="639,2728 805,2728 805,2838 639,2838"/>
                    <TextEquiv>
                        <Unicode>Ce</Unicode>
                    </TextEquiv>
                    <TextStyle fontFamily="Times New Roman" fontSize="8.5"/>
                </Word>
                <Word id="w_w2aab1b1b2c15b1ab7" language="English" custom="readingOrder {index:1;}">
                    <Coords points="861,2739 1109,2739 1109,2879 861,2879"/>
                    <TextEquiv>
                        <Unicode>jour</Unicode>
                    </TextEquiv>
                    <TextStyle fontFamily="Times New Roman" fontSize="8.5"/>
                </Word>
                <Word id="w_w2aab1b1b2c15b1ac17" language="English" custom="readingOrder {index:2;}">
                    <Coords points="1169,2729 1607,2729 1607,2893 1169,2893"/>
                    <TextEquiv>
                        <Unicode>presque</Unicode>
                    </TextEquiv>
                    <TextStyle fontFamily="Times New Roman" fontSize="8.5"/>
                </Word>
                <Word id="w_w2aab1b1b2c15b1ac33" language="English" custom="readingOrder {index:3;}">
                    <Coords points="1647,2728 2049,2728 2049,2853 1647,2853"/>
                    <TextEquiv>
                        <Unicode>éclaira</Unicode>
                    </TextEquiv>
                    <TextStyle fontFamily="Times New Roman" fontSize="8.5"/>
                </Word>
                <Word id="w_w2aab1b1b2c15b1ac49" language="English" custom="readingOrder {index:4;}">
                    <Coords points="2091,2775 2297,2775 2297,2852 2091,2852"/>
                    <TextEquiv>
                        <Unicode>vos</Unicode>
                    </TextEquiv>
                    <TextStyle fontFamily="Times New Roman" fontSize="8.5"/>
                </Word>
                <Word id="w_w2aab1b1b2c15b1ac57" language="English" custom="readingOrder {index:5;}">
                    <Coords points="2347,2769 2807,2769 2807,2894 2347,2894"/>
                    <TextEquiv>
                        <Unicode>propres</Unicode>
                    </TextEquiv>
                    <TextStyle fontFamily="Times New Roman" fontSize="8.5"/>
                </Word>
                <Word id="w_w2aab1b1b2c15b1ac73" language="English" custom="readingOrder {index:6;}">
                    <Coords points="2883,2737 3559,2737 3559,2888 2883,2888"/>
                    <TextEquiv>
                        <Unicode>funérailles,</Unicode>
                    </TextEquiv>
                    <TextStyle fontFamily="Times New Roman" fontSize="8.5"/>
                </Word>
                <TextEquiv>
                    <Unicode>Ce jour preſque éclaira vos propres funerailles,</Unicode>
                </TextEquiv>
                <TextStyle fontFamily="Times New Roman" fontSize="8.5"/>
            </TextLine>
            <TextEquiv>
                <Unicode>Ce jour preſque éclaira vos propres funerailles,</Unicode>
            </TextEquiv>
        </TextRegion>
        <TextRegion type="paragraph" id="r_1_9" custom="readingOrder {index:8;}">
            <Coords points="627,2891 3436,2891 3436,3049 627,3049"/>
            <TextLine id="tl_14" primaryLanguage="English" custom="readingOrder {index:0;}">
                <Coords points="628,2892 3435,2892 3435,3048 628,3048"/>
                <Baseline points="628,3002 938,3003 1272,3006 1860,3013 2446,3017 2806,3017 3080,3018 3434,3048"/>
                <Word id="w_w2aab1b1b2c17b1ab1" language="English" custom="readingOrder {index:0;}">
                    <Coords points="628,2892 938,2892 938,3003 628,3003"/>
                    <TextEquiv>
                        <Unicode>Titus</Unicode>
                    </TextEquiv>
                    <TextStyle fontFamily="Times New Roman" fontSize="8.5"/>
                </Word>
                <Word id="w_w2aab1b1b2c17b1ac13" language="English" custom="readingOrder {index:1;}">
                    <Coords points="1004,2930 1272,2930 1272,3008 1004,3008"/>
                    <TextEquiv>
                        <Unicode>vous</Unicode>
                    </TextEquiv>
                    <TextStyle fontFamily="Times New Roman" fontSize="8.5"/>
                </Word>
                <Word id="w_w2aab1b1b2c17b1ac23" language="English" custom="readingOrder {index:2;}">
                    <Coords points="1324,2897 1860,2897 1860,3013 1324,3013"/>
                    <TextEquiv>
                        <Unicode>embrada</Unicode>
                    </TextEquiv>
                    <TextStyle fontFamily="Times New Roman" fontSize="8.5"/>
                </Word>
                <Word id="w_w2aab1b1b2c17b1ac39" language="English" custom="readingOrder {index:3;}">
                    <Coords points="1910,2939 2446,2939 2446,3018 1910,3018"/>
                    <TextEquiv>
                        <Unicode>mourant</Unicode>
                    </TextEquiv>
                    <TextStyle fontFamily="Times New Roman" fontSize="8.5"/>
                </Word>
                <Word id="w_w2aab1b1b2c17b1ac55" language="English" custom="readingOrder {index:4;}">
                    <Coords points="2502,2938 2806,2938 2806,3018 2502,3018"/>
                    <TextEquiv>
                        <Unicode>entre</Unicode>
                    </TextEquiv>
                    <TextStyle fontFamily="Times New Roman" fontSize="8.5"/>
                </Word>
                <Word id="w_w2aab1b1b2c17b1ac67" language="English" custom="readingOrder {index:5;}">
                    <Coords points="2842,2940 3080,2940 3080,3022 2842,3022"/>
                    <TextEquiv>
                        <Unicode>mes</Unicode>
                    </TextEquiv>
                    <TextStyle fontFamily="Times New Roman" fontSize="8.5"/>
                </Word>
                <Word id="w_w2aab1b1b2c17b1ac75" language="English" custom="readingOrder {index:6;}">
                    <Coords points="3114,2904 3434,2904 3434,3048 3114,3048"/>
                    <TextEquiv>
                        <Unicode>bras,</Unicode>
                    </TextEquiv>
                    <TextStyle fontFamily="Times New Roman" fontSize="8.5"/>
                </Word>
                <TextEquiv>
                    <Unicode>Titus vous embraſſa mourant entre mes bras,</Unicode>
                </TextEquiv>
                <TextStyle fontFamily="Times New Roman" fontSize="8.5"/>
            </TextLine>
            <TextEquiv>
                <Unicode>Titus vous embraſſa mourant entre mes bras,</Unicode>
            </TextEquiv>
        </TextRegion>
        <TextRegion type="paragraph" id="r_1_10" custom="readingOrder {index:9;}">
            <Coords points="628,3051 3503,3051 3503,3231 628,3231"/>
            <TextLine id="tl_15" primaryLanguage="English" custom="readingOrder {index:0;}">
                <Coords points="629,3052 3502,3052 3502,3230 629,3230"/>
                <Baseline points="629,3162 768,3162 1042,3167 1176,3166 1550,3213 2200,3182 2616,3178 3032,3182 3501,3198"/>
                <Word id="w_w2aab1b1b2c19b1ab1" language="English" custom="readingOrder {index:0;}">
                    <Coords points="629,3058 768,3058 768,3162 629,3162"/>
                    <TextEquiv>
                        <Unicode>Et</Unicode>
                    </TextEquiv>
                    <TextStyle fontFamily="Times New Roman" fontSize="8.5"/>
                </Word>
                <Word id="w_w2aab1b1b2c19b1ab7" language="English" custom="readingOrder {index:1;}">
                    <Coords points="803,3088 1042,3088 1042,3167 803,3167"/>
                    <TextEquiv>
                        <Unicode>tout</Unicode>
                    </TextEquiv>
                    <TextStyle fontFamily="Times New Roman" fontSize="8.5"/>
                </Word>
                <Word id="w_w2aab1b1b2c19b1ac17" language="English" custom="readingOrder {index:2;}">
                    <Coords points="1085,3057 1176,3057 1176,3172 1085,3172"/>
                    <TextEquiv>
                        <Unicode>le</Unicode>
                    </TextEquiv>
                    <TextStyle fontFamily="Times New Roman" fontSize="8.5"/>
                </Word>
                <Word id="w_w2aab1b1b2c19b1ac23" language="English" custom="readingOrder {index:3;}">
                    <Coords points="1215,3094 1550,3094 1550,3213 1215,3213"/>
                    <TextEquiv>
                        <Unicode>camp</Unicode>
                    </TextEquiv>
                    <TextStyle fontFamily="Times New Roman" fontSize="8.5"/>
                </Word>
                <Word id="w_w2aab1b1b2c19b1ac33" language="English" custom="readingOrder {index:4;}">
                    <Coords points="1585,3062 2200,3062 2200,3223 1585,3223"/>
                    <TextEquiv>
                        <Unicode>vainqueur</Unicode>
                    </TextEquiv>
                    <TextStyle fontFamily="Times New Roman" fontSize="8.5"/>
                </Word>
                <Word id="w_w2aab1b1b2c19b1ac53" language="English" custom="readingOrder {index:5;}">
                    <Coords points="2243,3073 2616,3073 2616,3223 2243,3223"/>
                    <TextEquiv>
                        <Unicode>pleura</Unicode>
                    </TextEquiv>
                    <TextStyle fontFamily="Times New Roman" fontSize="8.5"/>
                </Word>
                <Word id="w_w2aab1b1b2c19b1ac67" language="English" custom="readingOrder {index:6;}">
                    <Coords points="2651,3061 3032,3061 3032,3182 2651,3182"/>
                    <TextEquiv>
                        <Unicode>voftré</Unicode>
                    </TextEquiv>
                    <TextStyle fontFamily="Times New Roman" fontSize="8.5"/>
                </Word>
                <Word id="w_w2aab1b1b2c19b1ac81" language="English" custom="readingOrder {index:7;}">
                    <Coords points="3083,3063 3501,3063 3501,3219 3083,3219"/>
                    <TextEquiv>
                        <Unicode>trépas.</Unicode>
                    </TextEquiv>
                    <TextStyle fontFamily="Times New Roman" fontSize="8.5"/>
                </Word>
                <TextEquiv>
                    <Unicode>Et tout le camp vainqueur pleura voſtre trépas.</Unicode>
                </TextEquiv>
                <TextStyle fontFamily="Times New Roman" fontSize="8.5"/>
            </TextLine>
            <TextEquiv>
                <Unicode>Et tout le camp vainqueur pleura voſtre trépas.</Unicode>
            </TextEquiv>
        </TextRegion>
        <TextRegion type="paragraph" id="r_1_11" custom="readingOrder {index:10;}">
            <Coords points="622,3209 3879,3209 3879,4853 622,4853"/>
            <TextLine id="tl_16" primaryLanguage="English" custom="readingOrder {index:0;}">
                <Coords points="628,3210 3687,3210 3687,3397 628,3397"/>
                <Baseline points="629,3326 989,3373 1119,3332 1587,3368 2261,3373 2453,3341 2765,3341 3135,3336 3687,3337"/>
                <Word id="w_w2aab1b1b2c21b1ab1" language="English" custom="readingOrder {index:0;}">
                    <Coords points="629,3216 989,3216 989,3373 629,3373"/>
                    <TextEquiv>
                        <Unicode>Voicy</Unicode>
                    </TextEquiv>
                    <TextStyle fontFamily="Times New Roman" fontSize="8.5"/>
                </Word>
                <Word id="w_w2aab1b1b2c21b1ac13" language="English" custom="readingOrder {index:1;}">
                    <Coords points="1021,3223 1119,3223 1119,3332 1021,3332"/>
                    <TextEquiv>
                        <Unicode>le</Unicode>
                    </TextEquiv>
                    <TextStyle fontFamily="Times New Roman" fontSize="8.5"/>
                </Word>
                <Word id="w_w2aab1b1b2c21b1ac19" language="English" custom="readingOrder {index:2;}">
                    <Coords points="1159,3254 1587,3254 1587,3377 1159,3377"/>
                    <TextEquiv>
                        <Unicode>temps,</Unicode>
                    </TextEquiv>
                    <TextStyle fontFamily="Times New Roman" fontSize="8.5"/>
                </Word>
                <Word id="w_w2aab1b1b2c21b1ac33" language="English" custom="readingOrder {index:3;}">
                    <Coords points="1637,3228 2261,3228 2261,3389 1637,3389"/>
                    <TextEquiv>
                        <Unicode>Seigneur,</Unicode>
                    </TextEquiv>
                    <TextStyle fontFamily="Times New Roman" fontSize="8.5"/>
                </Word>
                <Word id="w_w2aab1b1b2c21b1ac53" language="English" custom="readingOrder {index:4;}">
                    <Coords points="2303,3269 2453,3269 2453,3343 2303,3343"/>
                    <TextEquiv>
                        <Unicode>ou</Unicode>
                    </TextEquiv>
                    <TextStyle fontFamily="Times New Roman" fontSize="8.5"/>
                </Word>
                <Word id="w_w2aab1b1b2c21b1ac59" language="English" custom="readingOrder {index:5;}">
                    <Coords points="2491,3264 2765,3264 2765,3342 2491,3342"/>
                    <TextEquiv>
                        <Unicode>vous</Unicode>
                    </TextEquiv>
                    <TextStyle fontFamily="Times New Roman" fontSize="8.5"/>
                </Word>
                <Word id="w_w2aab1b1b2c21b1ac69" language="English" custom="readingOrder {index:6;}">
                    <Coords points="2795,3227 3135,3227 3135,3348 2795,3348"/>
                    <TextEquiv>
                        <Unicode>devez</Unicode>
                    </TextEquiv>
                    <TextStyle fontFamily="Times New Roman" fontSize="8.5"/>
                </Word>
                <Word id="w_w2aab1b1b2c21b1ac81" language="English" custom="readingOrder {index:7;}">
                    <Coords points="3181,3222 3687,3222 3687,3347 3181,3347"/>
                    <TextEquiv>
                        <Unicode>attendre</Unicode>
                    </TextEquiv>
                    <TextStyle fontFamily="Times New Roman" fontSize="8.5"/>
                </Word>
                <TextEquiv>
                    <Unicode>Voicy le temps, Seigneur, où vous devez attendre</Unicode>
                </TextEquiv>
                <TextStyle fontFamily="Times New Roman" fontSize="8.5"/>
            </TextLine>
            <TextLine id="tl_17" primaryLanguage="English" custom="readingOrder {index:1;}">
                <Coords points="628,3376 3810,3376 3810,3561 628,3561"/>
                <Baseline points="628,3492 788,3492 1072,3491 1236,3496 1508,3497 1674,3502 1896,3501 1988,3553 2348,3507 2662,3502 2920,3507 3182,3507 3810,3521"/>
                <Word id="w_w2aab1b1b2c21b3ab1" language="English" custom="readingOrder {index:0;}">
                    <Coords points="628,3382 788,3382 788,3492 628,3492"/>
                    <TextEquiv>
                        <Unicode>Le</Unicode>
                    </TextEquiv>
                    <TextStyle fontFamily="Times New Roman" fontSize="8.5"/>
                </Word>
                <Word id="w_w2aab1b1b2c21b3ab7" language="English" custom="readingOrder {index:1;}">
                    <Coords points="824,3376 1072,3376 1072,3497 824,3497"/>
                    <TextEquiv>
                        <Unicode>fruit</Unicode>
                    </TextEquiv>
                    <TextStyle fontFamily="Times New Roman" fontSize="8.5"/>
                </Word>
                <Word id="w_w2aab1b1b2c21b3ac19" language="English" custom="readingOrder {index:2;}">
                    <Coords points="1102,3388 1236,3388 1236,3496 1102,3496"/>
                    <TextEquiv>
                        <Unicode>de</Unicode>
                    </TextEquiv>
                    <TextStyle fontFamily="Times New Roman" fontSize="8.5"/>
                </Word>
                <Word id="w_w2aab1b1b2c21b3ac25" language="English" custom="readingOrder {index:3;}">
                    <Coords points="1276,3418 1508,3418 1508,3497 1276,3497"/>
                    <TextEquiv>
                        <Unicode>tant</Unicode>
                    </TextEquiv>
                    <TextStyle fontFamily="Times New Roman" fontSize="8.5"/>
                </Word>
                <Word id="w_w2aab1b1b2c21b3ac35" language="English" custom="readingOrder {index:4;}">
                    <Coords points="1540,3387 1674,3387 1674,3502 1540,3502"/>
                    <TextEquiv>
                        <Unicode>de</Unicode>
                    </TextEquiv>
                    <TextStyle fontFamily="Times New Roman" fontSize="8.5"/>
                </Word>
                <Word id="w_w2aab1b1b2c21b3ac41" language="English" custom="readingOrder {index:5;}">
                    <Coords points="1720,3382 1896,3382 1896,3503 1720,3503"/>
                    <TextEquiv>
                        <Unicode>fan</Unicode>
                    </TextEquiv>
                    <TextStyle fontFamily="Times New Roman" fontSize="8.5"/>
                </Word>
                <Word id="w_w2aab1b1b2c21b3ac49" language="English" custom="readingOrder {index:6;}">
                    <Coords points="1916,3433 1988,3433 1988,3553 1916,3553"/>
                    <TextEquiv>
                        <Unicode>g</Unicode>
                    </TextEquiv>
                    <TextStyle fontFamily="Times New Roman" fontSize="8.5"/>
                </Word>
                <Word id="w_w2aab1b1b2c21b3ac53" language="English" custom="readingOrder {index:7;}">
                    <Coords points="2034,3396 2348,3396 2348,3552 2034,3552"/>
                    <TextEquiv>
                        <Unicode>qu’ils</Unicode>
                    </TextEquiv>
                    <TextStyle fontFamily="Times New Roman" fontSize="8.5"/>
                </Word>
                <Word id="w_w2aab1b1b2c21b3ac67" language="English" custom="readingOrder {index:8;}">
                    <Coords points="2392,3428 2662,3428 2662,3507 2392,3507"/>
                    <TextEquiv>
                        <Unicode>vous</Unicode>
                    </TextEquiv>
                    <TextStyle fontFamily="Times New Roman" fontSize="8.5"/>
                </Word>
                <Word id="w_w2aab1b1b2c21b3ac77" language="English" custom="readingOrder {index:9;}">
                    <Coords points="2712,3429 2920,3429 2920,3507 2712,3507"/>
                    <TextEquiv>
                        <Unicode>ont</Unicode>
                    </TextEquiv>
                    <TextStyle fontFamily="Times New Roman" fontSize="8.5"/>
                </Word>
                <Word id="w_w2aab1b1b2c21b3ac85" language="English" custom="readingOrder {index:10;}">
                    <Coords points="2970,3388 3182,3388 3182,3512 2970,3512"/>
                    <TextEquiv>
                        <Unicode>veû</Unicode>
                    </TextEquiv>
                    <TextStyle fontFamily="Times New Roman" fontSize="8.5"/>
                </Word>
                <Word id="w_w2aab1b1b2c21b3ac93" language="English" custom="readingOrder {index:11;}">
                    <Coords points="3218,3388 3810,3388 3810,3548 3218,3548"/>
                    <TextEquiv>
                        <Unicode>répandre.</Unicode>
                    </TextEquiv>
                    <TextStyle fontFamily="Times New Roman" fontSize="8.5"/>
                </Word>
                <TextEquiv>
                    <Unicode>Le fruit de tant de ſang qu’ils vous ont veû répandre.</Unicode>
                </TextEquiv>
                <TextStyle fontFamily="Times New Roman" fontSize="8.5"/>
            </TextLine>
            <TextLine id="tl_18" primaryLanguage="English" custom="readingOrder {index:2;}">
                <Coords points="627,3538 2910,3538 2910,3705 627,3705"/>
                <Baseline points="627,3666 754,3656 1134,3656 1320,3660 1640,3660 1844,3665 2268,3667 2508,3666 2910,3665"/>
                <Word id="w_w2aab1b1b2c21b5ab1" language="English" custom="readingOrder {index:0;}">
                    <Coords points="627,3546 754,3546 754,3666 627,3666"/>
                    <TextEquiv>
                        <Unicode>Si</Unicode>
                    </TextEquiv>
                    <TextStyle fontFamily="Times New Roman" fontSize="8.5"/>
                </Word>
                <Word id="w_w2aab1b1b2c21b5ab7" language="English" custom="readingOrder {index:1;}">
                    <Coords points="797,3541 1134,3541 1134,3697 797,3697"/>
                    <TextEquiv>
                        <Unicode>prefîé</Unicode>
                    </TextEquiv>
                    <TextStyle fontFamily="Times New Roman" fontSize="8.5"/>
                </Word>
                <Word id="w_w2aab1b1b2c21b5ac21" language="English" custom="readingOrder {index:2;}">
                    <Coords points="1173,3542 1320,3542 1320,3660 1173,3660"/>
                    <TextEquiv>
                        <Unicode>du</Unicode>
                    </TextEquiv>
                    <TextStyle fontFamily="Times New Roman" fontSize="8.5"/>
                </Word>
                <Word id="w_w2aab1b1b2c21b5ac27" language="English" custom="readingOrder {index:3;}">
                    <Coords points="1365,3547 1640,3547 1640,3665 1365,3665"/>
                    <TextEquiv>
                        <Unicode>defir</Unicode>
                    </TextEquiv>
                    <TextStyle fontFamily="Times New Roman" fontSize="8.5"/>
                </Word>
                <Word id="w_w2aab1b1b2c21b5ac39" language="English" custom="readingOrder {index:4;}">
                    <Coords points="1703,3550 1844,3550 1844,3665 1703,3665"/>
                    <TextEquiv>
                        <Unicode>de</Unicode>
                    </TextEquiv>
                    <TextStyle fontFamily="Times New Roman" fontSize="8.5"/>
                </Word>
                <Word id="w_w2aab1b1b2c21b5ac45" language="English" custom="readingOrder {index:5;}">
                    <Coords points="1905,3562 2268,3562 2268,3672 1905,3672"/>
                    <TextEquiv>
                        <Unicode>revoir</Unicode>
                    </TextEquiv>
                    <TextStyle fontFamily="Times New Roman" fontSize="8.5"/>
                </Word>
                <Word id="w_w2aab1b1b2c21b5ac59" language="English" custom="readingOrder {index:6;}">
                    <Coords points="2307,3593 2508,3593 2508,3671 2307,3671"/>
                    <TextEquiv>
                        <Unicode>vos</Unicode>
                    </TextEquiv>
                    <TextStyle fontFamily="Times New Roman" fontSize="8.5"/>
                </Word>
                <Word id="w_w2aab1b1b2c21b5ac67" language="English" custom="readingOrder {index:7;}">
                    <Coords points="2563,3546 2910,3546 2910,3672 2563,3672"/>
                    <TextEquiv>
                        <Unicode>Eftats</Unicode>
                    </TextEquiv>
                    <TextStyle fontFamily="Times New Roman" fontSize="8.5"/>
                </Word>
                <TextEquiv>
                    <Unicode>Si preſſé du deſir de revoir vos Eſtats</Unicode>
                </TextEquiv>
                <TextStyle fontFamily="Times New Roman" fontSize="8.5"/>
            </TextLine>
            <TextLine id="tl_19" primaryLanguage="English" custom="readingOrder {index:3;}">
                <Coords points="632,3708 3691,3708 3691,3881 632,3881"/>
                <Baseline points="633,3820 943,3821 1273,3820 1413,3825 1629,3826 1803,3831 2209,3862 2407,3831 2725,3831 2937,3831 3393,3829 3557,3826 3691,3867"/>
                <Word id="w_w2aab1b1b2c21b7ab1" language="English" custom="readingOrder {index:0;}">
                    <Coords points="633,3718 943,3718 943,3821 633,3821"/>
                    <TextEquiv>
                        <Unicode>Vous</Unicode>
                    </TextEquiv>
                    <TextStyle fontFamily="Times New Roman" fontSize="8.5"/>
                </Word>
                <Word id="w_w2aab1b1b2c21b7ac11" language="English" custom="readingOrder {index:1;}">
                    <Coords points="1005,3748 1273,3748 1273,3825 1005,3825"/>
                    <TextEquiv>
                        <Unicode>vous</Unicode>
                    </TextEquiv>
                    <TextStyle fontFamily="Times New Roman" fontSize="8.5"/>
                </Word>
                <Word id="w_w2aab1b1b2c21b7ac21" language="English" custom="readingOrder {index:2;}">
                    <Coords points="1319,3712 1413,3712 1413,3825 1319,3825"/>
                    <TextEquiv>
                        <Unicode>la</Unicode>
                    </TextEquiv>
                    <TextStyle fontFamily="Times New Roman" fontSize="8.5"/>
                </Word>
                <Word id="w_w2aab1b1b2c21b7ac27" language="English" custom="readingOrder {index:3;}">
                    <Coords points="1431,3711 1629,3711 1629,3832 1431,3832"/>
                    <TextEquiv>
                        <Unicode>fiez</Unicode>
                    </TextEquiv>
                    <TextStyle fontFamily="Times New Roman" fontSize="8.5"/>
                </Word>
                <Word id="w_w2aab1b1b2c21b7ac37" language="English" custom="readingOrder {index:4;}">
                    <Coords points="1669,3712 1803,3712 1803,3831 1669,3831"/>
                    <TextEquiv>
                        <Unicode>de</Unicode>
                    </TextEquiv>
                    <TextStyle fontFamily="Times New Roman" fontSize="8.5"/>
                </Word>
                <Word id="w_w2aab1b1b2c21b7ac43" language="English" custom="readingOrder {index:5;}">
                    <Coords points="1837,3717 2209,3717 2209,3862 1837,3862"/>
                    <TextEquiv>
                        <Unicode>vivre,</Unicode>
                    </TextEquiv>
                    <TextStyle fontFamily="Times New Roman" fontSize="8.5"/>
                </Word>
                <Word id="w_w2aab1b1b2c21b7ac57" language="English" custom="readingOrder {index:6;}">
                    <Coords points="2259,3757 2407,3757 2407,3831 2259,3831"/>
                    <TextEquiv>
                        <Unicode>ou</Unicode>
                    </TextEquiv>
                    <TextStyle fontFamily="Times New Roman" fontSize="8.5"/>
                </Word>
                <Word id="w_w2aab1b1b2c21b7ac63" language="English" custom="readingOrder {index:7;}">
                    <Coords points="2455,3752 2725,3752 2725,3832 2455,3832"/>
                    <TextEquiv>
                        <Unicode>vous</Unicode>
                    </TextEquiv>
                    <TextStyle fontFamily="Times New Roman" fontSize="8.5"/>
                </Word>
                <Word id="w_w2aab1b1b2c21b7ac73" language="English" custom="readingOrder {index:8;}">
                    <Coords points="2797,3757 2937,3757 2937,3831 2797,3831"/>
                    <TextEquiv>
                        <Unicode>ne</Unicode>
                    </TextEquiv>
                    <TextStyle fontFamily="Times New Roman" fontSize="8.5"/>
                </Word>
                <Word id="w_w2aab1b1b2c21b7ac79" language="English" custom="readingOrder {index:9;}">
                    <Coords points="2981,3753 3393,3753 3393,3878 2981,3878"/>
                    <TextEquiv>
                        <Unicode>regnez</Unicode>
                    </TextEquiv>
                    <TextStyle fontFamily="Times New Roman" fontSize="8.5"/>
                </Word>
                <Word id="w_w2aab1b1b2c21b7ac93" language="English" custom="readingOrder {index:10;}">
                    <Coords points="3424,3752 3615,3752 3615,3868 3424,3868"/>
                    <TextEquiv>
                        <Unicode>pas</Unicode>
                    </TextEquiv>
                    <TextStyle fontFamily="Times New Roman" fontSize="8.5"/>
                </Word>
                <Word id="w_w2aab1b1b2c21b7b1b1" language="English" custom="readingOrder {index:11;}">
                    <Coords points="3654,3783 3691,3783 3691,3867 3654,3867"/>
                    <TextEquiv>
                        <Unicode>;</Unicode>
                    </TextEquiv>
                    <TextStyle fontFamily="Times New Roman" fontSize="8.5"/>
                </Word>
                <TextEquiv>
                    <Unicode>Vous vous laſſez de vivre, où vous ne regnez pas;</Unicode>
                </TextEquiv>
            </TextLine>
            <TextLine id="tl_20" primaryLanguage="English" custom="readingOrder {index:4;}">
                <Coords points="634,3866 3738,3866 3738,4043 634,4043"/>
                <Baseline points="634,3990 1032,3985 1304,3990 1612,3990 2168,3996 2858,3991 3198,4001 3738,3991"/>
                <Word id="w_w2aab1b1b2c21b9ab1" language="English" custom="readingOrder {index:0;}">
                    <Coords points="634,3876 1032,3876 1032,3990 634,3990"/>
                    <TextEquiv>
                        <Unicode>Faut-il</Unicode>
                    </TextEquiv>
                    <TextStyle fontFamily="Times New Roman" fontSize="8.5"/>
                </Word>
                <Word id="w_w2aab1b1b2c21b9ac17" language="English" custom="readingOrder {index:1;}">
                    <Coords points="1092,3908 1304,3908 1304,4032 1092,4032"/>
                    <TextEquiv>
                        <Unicode>que</Unicode>
                    </TextEquiv>
                    <TextStyle fontFamily="Times New Roman" fontSize="8.5"/>
                </Word>
                <Word id="w_w2aab1b1b2c21b9ac25" language="English" custom="readingOrder {index:2;}">
                    <Coords points="1374,3877 1612,3877 1612,3991 1374,3991"/>
                    <TextEquiv>
                        <Unicode>fans</Unicode>
                    </TextEquiv>
                    <TextStyle fontFamily="Times New Roman" fontSize="8.5"/>
                </Word>
                <Word id="w_w2aab1b1b2c21b9ac35" language="English" custom="readingOrder {index:3;}">
                    <Coords points="1658,3870 2168,3870 2168,3996 1658,3996"/>
                    <TextEquiv>
                        <Unicode>honneur</Unicode>
                    </TextEquiv>
                    <TextStyle fontFamily="Times New Roman" fontSize="8.5"/>
                </Word>
                <Word id="w_w2aab1b1b2c21b9ac51" language="English" custom="readingOrder {index:4;}">
                    <Coords points="2230,3876 2858,3876 2858,4032 2230,4032"/>
                    <TextEquiv>
                        <Unicode>l’Euphrate</Unicode>
                    </TextEquiv>
                    <TextStyle fontFamily="Times New Roman" fontSize="8.5"/>
                </Word>
                <Word id="w_w2aab1b1b2c21b9ac73" language="English" custom="readingOrder {index:5;}">
                    <Coords points="2918,3922 3198,3922 3198,4001 2918,4001"/>
                    <TextEquiv>
                        <Unicode>vous</Unicode>
                    </TextEquiv>
                    <TextStyle fontFamily="Times New Roman" fontSize="8.5"/>
                </Word>
                <Word id="w_w2aab1b1b2c21b9ac83" language="English" custom="readingOrder {index:6;}">
                    <Coords points="3258,3901 3738,3901 3738,4036 3258,4036"/>
                    <TextEquiv>
                        <Unicode>revoie?</Unicode>
                    </TextEquiv>
                    <TextStyle fontFamily="Times New Roman" fontSize="8.5"/>
                </Word>
                <TextEquiv>
                    <Unicode>Faut-il que ſans honneur l’Euphrate vous revoye?</Unicode>
                </TextEquiv>
                <TextStyle fontFamily="Times New Roman" fontSize="8.5"/>
            </TextLine>
            <TextLine id="tl_21" primaryLanguage="English" custom="readingOrder {index:5;}">
                <Coords points="623,4034 3446,4034 3446,4212 623,4212"/>
                <Baseline points="623,4150 1181,4144 1519,4155 1915,4155 2199,4160 2575,4160 2905,4153 3445,4156"/>
                <Word id="w_w2aab1b1b2c21c11ab1" language="English" custom="readingOrder {index:0;}">
                    <Coords points="623,4035 1181,4035 1181,4150 623,4150"/>
                    <TextEquiv>
                        <Unicode>Attendez</Unicode>
                    </TextEquiv>
                    <TextStyle fontFamily="Times New Roman" fontSize="8.5"/>
                </Word>
                <Word id="w_w2aab1b1b2c21c11ac19" language="English" custom="readingOrder {index:1;}">
                    <Coords points="1235,4072 1519,4072 1519,4190 1235,4190"/>
                    <TextEquiv>
                        <Unicode>pour</Unicode>
                    </TextEquiv>
                    <TextStyle fontFamily="Times New Roman" fontSize="8.5"/>
                </Word>
                <Word id="w_w2aab1b1b2c21c11ac29" language="English" custom="readingOrder {index:2;}">
                    <Coords points="1565,4045 1915,4045 1915,4190 1565,4190"/>
                    <TextEquiv>
                        <Unicode>partir</Unicode>
                    </TextEquiv>
                    <TextStyle fontFamily="Times New Roman" fontSize="8.5"/>
                </Word>
                <Word id="w_w2aab1b1b2c21c11ac43" language="English" custom="readingOrder {index:3;}">
                    <Coords points="1983,4081 2199,4081 2199,4206 1983,4206"/>
                    <TextEquiv>
                        <Unicode>que</Unicode>
                    </TextEquiv>
                    <TextStyle fontFamily="Times New Roman" fontSize="8.5"/>
                </Word>
                <Word id="w_w2aab1b1b2c21c11ac51" language="English" custom="readingOrder {index:4;}">
                    <Coords points="2249,4041 2575,4041 2575,4160 2249,4160"/>
                    <TextEquiv>
                        <Unicode>Céfâr</Unicode>
                    </TextEquiv>
                    <TextStyle fontFamily="Times New Roman" fontSize="8.5"/>
                </Word>
                <Word id="w_w2aab1b1b2c21c11ac63" language="English" custom="readingOrder {index:5;}">
                    <Coords points="2629,4081 2905,4081 2905,4155 2629,4155"/>
                    <TextEquiv>
                        <Unicode>vous</Unicode>
                    </TextEquiv>
                    <TextStyle fontFamily="Times New Roman" fontSize="8.5"/>
                </Word>
                <Word id="w_w2aab1b1b2c21c11ac73" language="English" custom="readingOrder {index:6;}">
                    <Coords points="2959,4081 3445,4081 3445,4197 2959,4197"/>
                    <TextEquiv>
                        <Unicode>renvoyé</Unicode>
                    </TextEquiv>
                    <TextStyle fontFamily="Times New Roman" fontSize="8.5"/>
                </Word>
                <TextEquiv>
                    <Unicode>Attendez pour partir que Céſar vous renvoye</Unicode>
                </TextEquiv>
                <TextStyle fontFamily="Times New Roman" fontSize="8.5"/>
            </TextLine>
            <TextLine id="tl_22" primaryLanguage="English" custom="readingOrder {index:6;}">
                <Coords points="628,4192 3395,4192 3395,4371 628,4371"/>
                <Baseline points="628,4314 1472,4351 1623,4320 2107,4320 2363,4319 2719,4315 3395,4315"/>
                <Word id="w_w2aab1b1b2c21c13ab1" language="English" custom="readingOrder {index:0;}">
                    <Coords points="628,4196 1472,4196 1472,4352 628,4352"/>
                    <TextEquiv>
                        <Unicode>Triomphant,</Unicode>
                    </TextEquiv>
                    <TextStyle fontFamily="Times New Roman" fontSize="8.5"/>
                </Word>
                <Word id="w_w2aab1b1b2c21c13ac25" language="English" custom="readingOrder {index:1;}">
                    <Coords points="1518,4215 1623,4215 1623,4320 1518,4320"/>
                    <TextEquiv>
                        <Unicode>&amp;</Unicode>
                    </TextEquiv>
                    <TextStyle fontFamily="Times New Roman" fontSize="8.5"/>
                </Word>
                <Word id="w_w2aab1b1b2c21c13ac29" language="English" custom="readingOrder {index:2;}">
                    <Coords points="1698,4200 2107,4200 2107,4366 1698,4366"/>
                    <TextEquiv>
                        <Unicode>chargé</Unicode>
                    </TextEquiv>
                    <TextStyle fontFamily="Times New Roman" fontSize="8.5"/>
                </Word>
                <Word id="w_w2aab1b1b2c21c13ac43" language="English" custom="readingOrder {index:3;}">
                    <Coords points="2178,4206 2363,4206 2363,4325 2178,4325"/>
                    <TextEquiv>
                        <Unicode>des</Unicode>
                    </TextEquiv>
                    <TextStyle fontFamily="Times New Roman" fontSize="8.5"/>
                </Word>
                <Word id="w_w2aab1b1b2c21c13ac51" language="English" custom="readingOrder {index:4;}">
                    <Coords points="2428,4211 2719,4211 2719,4320 2428,4320"/>
                    <TextEquiv>
                        <Unicode>titres</Unicode>
                    </TextEquiv>
                    <TextStyle fontFamily="Times New Roman" fontSize="8.5"/>
                </Word>
                <Word id="w_w2aab1b1b2c21c13ac65" language="English" custom="readingOrder {index:5;}">
                    <Coords points="2774,4201 3395,4201 3395,4320 2774,4320"/>
                    <TextEquiv>
                        <Unicode>fouverains</Unicode>
                    </TextEquiv>
                    <TextStyle fontFamily="Times New Roman" fontSize="8.5"/>
                </Word>
                <TextEquiv>
                    <Unicode>Triomphant, &amp; chargé des titres ſouverains</Unicode>
                </TextEquiv>
                <TextStyle fontFamily="Times New Roman" fontSize="8.5"/>
            </TextLine>
            <TextLine id="tl_23" primaryLanguage="English" custom="readingOrder {index:7;}">
                <Coords points="634,4356 3652,4356 3652,4527 634,4527"/>
                <Baseline points="634,4500 1298,4478 1736,4484 1972,4479 2292,4485 2796,4479 3012,4476 3652,4505"/>
                <Word id="w_w2aab1b1b2c21c15ab1" language="English" custom="readingOrder {index:0;}">
                    <Coords points="634,4360 1298,4360 1298,4515 634,4515"/>
                    <TextEquiv>
                        <Unicode>Qifajouffe</Unicode>
                    </TextEquiv>
                    <TextStyle fontFamily="Times New Roman" fontSize="8.5"/>
                </Word>
                <Word id="w_w2aab1b1b2c21c15ac23" language="English" custom="readingOrder {index:1;}">
                    <Coords points="1334,4406 1736,4406 1736,4484 1334,4484"/>
                    <TextEquiv>
                        <Unicode>encore</Unicode>
                    </TextEquiv>
                    <TextStyle fontFamily="Times New Roman" fontSize="8.5"/>
                </Word>
                <Word id="w_w2aab1b1b2c21c15ac37" language="English" custom="readingOrder {index:2;}">
                    <Coords points="1770,4407 1972,4407 1972,4485 1770,4485"/>
                    <TextEquiv>
                        <Unicode>aux</Unicode>
                    </TextEquiv>
                    <TextStyle fontFamily="Times New Roman" fontSize="8.5"/>
                </Word>
                <Word id="w_w2aab1b1b2c21c15ac45" language="English" custom="readingOrder {index:3;}">
                    <Coords points="2024,4374 2292,4374 2292,4490 2024,4490"/>
                    <TextEquiv>
                        <Unicode>Rois</Unicode>
                    </TextEquiv>
                    <TextStyle fontFamily="Times New Roman" fontSize="8.5"/>
                </Word>
                <Word id="w_w2aab1b1b2c21c15ac55" language="English" custom="readingOrder {index:4;}">
                    <Coords points="2326,4365 2796,4365 2796,4485 2326,4485"/>
                    <TextEquiv>
                        <Unicode>l’amitié</Unicode>
                    </TextEquiv>
                    <TextStyle fontFamily="Times New Roman" fontSize="8.5"/>
                </Word>
                <Word id="w_w2aab1b1b2c21c15ac73" language="English" custom="readingOrder {index:5;}">
                    <Coords points="2832,4369 3012,4369 3012,4480 2832,4480"/>
                    <TextEquiv>
                        <Unicode>des</Unicode>
                    </TextEquiv>
                    <TextStyle fontFamily="Times New Roman" fontSize="8.5"/>
                </Word>
                <Word id="w_w2aab1b1b2c21c15ac81" language="English" custom="readingOrder {index:6;}">
                    <Coords points="3052,4370 3652,4370 3652,4505 3052,4505"/>
                    <TextEquiv>
                        <Unicode>Romains.</Unicode>
                    </TextEquiv>
                    <TextStyle fontFamily="Times New Roman" fontSize="8.5"/>
                </Word>
                <TextEquiv>
                    <Unicode>Qu'ajouſte encore aux Rois l’amitié des Romains.</Unicode>
                </TextEquiv>
                <TextStyle fontFamily="Times New Roman" fontSize="8.5"/>
            </TextLine>
            <TextLine id="tl_24" primaryLanguage="English" custom="readingOrder {index:8;}">
                <Coords points="633,4514 3878,4514 3878,4702 633,4702"/>
                <Baseline points="633,4644 913,4633 1109,4638 1581,4670 2225,4674 2761,4643 3177,4645 3805,4649 3877,4650"/>
                <Word id="w_w2aab1b1b2c21c17ab1" language="English" custom="readingOrder {index:0;}">
                    <Coords points="633,4530 913,4530 913,4644 633,4644"/>
                    <TextEquiv>
                        <Unicode>Rien</Unicode>
                    </TextEquiv>
                    <TextStyle fontFamily="Times New Roman" fontSize="8.5"/>
                </Word>
                <Word id="w_w2aab1b1b2c21c17ac11" language="English" custom="readingOrder {index:1;}">
                    <Coords points="963,4565 1109,4565 1109,4639 963,4639"/>
                    <TextEquiv>
                        <Unicode>ne</Unicode>
                    </TextEquiv>
                    <TextStyle fontFamily="Times New Roman" fontSize="8.5"/>
                </Word>
                <Word id="w_w2aab1b1b2c21c17ac17" language="English" custom="readingOrder {index:2;}">
                    <Coords points="1143,4533 1581,4533 1581,4680 1143,4680"/>
                    <TextEquiv>
                        <Unicode>peut-il,</Unicode>
                    </TextEquiv>
                    <TextStyle fontFamily="Times New Roman" fontSize="8.5"/>
                </Word>
                <Word id="w_w2aab1b1b2c21c17ac35" language="English" custom="readingOrder {index:3;}">
                    <Coords points="1637,4535 2225,4535 2225,4691 1637,4691"/>
                    <TextEquiv>
                        <Unicode>Seigneur,</Unicode>
                    </TextEquiv>
                    <TextStyle fontFamily="Times New Roman" fontSize="8.5"/>
                </Word>
                <Word id="w_w2aab1b1b2c21c17ac55" language="English" custom="readingOrder {index:4;}">
                    <Coords points="2265,4529 2761,4529 2761,4696 2265,4696"/>
                    <TextEquiv>
                        <Unicode>changer</Unicode>
                    </TextEquiv>
                    <TextStyle fontFamily="Times New Roman" fontSize="8.5"/>
                </Word>
                <Word id="w_w2aab1b1b2c21c17ac71" language="English" custom="readingOrder {index:5;}">
                    <Coords points="2811,4524 3177,4524 3177,4645 2811,4645"/>
                    <TextEquiv>
                        <Unicode>voftre</Unicode>
                    </TextEquiv>
                    <TextStyle fontFamily="Times New Roman" fontSize="8.5"/>
                </Word>
                <Word id="w_w2aab1b1b2c21c17ac85" language="English" custom="readingOrder {index:6;}">
                    <Coords points="3223,4535 3805,4535 3805,4690 3223,4690"/>
                    <TextEquiv>
                        <Unicode>entreprise</Unicode>
                    </TextEquiv>
                    <TextStyle fontFamily="Times New Roman" fontSize="8.5"/>
                </Word>
                <Word id="w_w2aab1b1b2c21c17ad107" language="English" custom="readingOrder {index:7;}">
                    <Coords points="3839,4555 3877,4555 3877,4650 3839,4650"/>
                    <TextEquiv>
                        <Unicode>?</Unicode>
                    </TextEquiv>
                    <TextStyle fontFamily="Times New Roman" fontSize="8.5"/>
                </Word>
                <TextEquiv>
                    <Unicode>Rien ne peut-il, Seigneur, changer voſtre entrepriſe?</Unicode>
                </TextEquiv>
                <TextStyle fontFamily="Times New Roman" fontSize="8.5"/>
            </TextLine>
            <TextLine id="tl_25" primaryLanguage="English" custom="readingOrder {index:9;}">
                <Coords points="632,4686 2195,4686 2195,4852 632,4852"/>
                <Baseline points="632,4808 939,4799 1145,4808 1779,4804 2194,4824"/>
                <Word id="w_w2aab1b1b2c21c19ab1" language="English" custom="readingOrder {index:0;}">
                    <Coords points="632,4700 939,4700 939,4808 632,4808"/>
                    <TextEquiv>
                        <Unicode>Vous</Unicode>
                    </TextEquiv>
                    <TextStyle fontFamily="Times New Roman" fontSize="8.5"/>
                </Word>
                <Word id="w_w2aab1b1b2c21c19ac11" language="English" custom="readingOrder {index:1;}">
                    <Coords points="998,4726 1145,4726 1145,4808 998,4808"/>
                    <TextEquiv>
                        <Unicode>ne</Unicode>
                    </TextEquiv>
                    <TextStyle fontFamily="Times New Roman" fontSize="8.5"/>
                </Word>
                <Word id="w_w2aab1b1b2c21c19ac17" language="English" custom="readingOrder {index:2;}">
                    <Coords points="1210,4688 1779,4688 1779,4849 1210,4849"/>
                    <TextEquiv>
                        <Unicode>répondez</Unicode>
                    </TextEquiv>
                    <TextStyle fontFamily="Times New Roman" fontSize="8.5"/>
                </Word>
                <Word id="w_w2aab1b1b2c21c19ac35" language="English" custom="readingOrder {index:3;}">
                    <Coords points="1822,4695 2194,4695 2194,4845 1822,4845"/>
                    <TextEquiv>
                        <Unicode>point.</Unicode>
                    </TextEquiv>
                    <TextStyle fontFamily="Times New Roman" fontSize="8.5"/>
                </Word>
                <TextEquiv>
                    <Unicode>Vous ne répondez point.</Unicode>
                </TextEquiv>
                <TextStyle fontFamily="Times New Roman" fontSize="8.5"/>
            </TextLine>
            <TextEquiv>
                <Unicode>Voicy le temps, Seigneur, où vous devez attendre
Le fruit de tant de ſang qu’ils vous ont veû répandre.
Si preſſé du deſir de revoir vos Eſtats
Vous vous laſſez de vivre, où vous ne regnez pas;
Faut-il que ſans honneur l’Euphrate vous revoye?
Attendez pour partir que Céſar vous renvoye
Triomphant, &amp; chargé des titres ſouverains
Qu'ajouſte encore aux Rois l’amitié des Romains.
Rien ne peut-il, Seigneur, changer voſtre entrepriſe?
Vous ne répondez point.</Unicode>
            </TextEquiv>
        </TextRegion>
        <TextRegion type="paragraph" id="r_1_12" custom="readingOrder {index:11;}">
            <Coords points="1584,4905 2819,4905 2819,5042 1584,5042"/>
            <TextLine id="tl_26" primaryLanguage="English" custom="readingOrder {index:0;}">
                <Coords points="1585,4906 2818,4906 2818,5041 1585,5041"/>
                <Baseline points="1585,5036 2818,5029"/>
                <Word id="w_w2aab1b1b2c23b1ab1" language="English" custom="readingOrder {index:0;}">
                    <Coords points="1585,4909 2818,4909 2818,5036 1585,5036"/>
                    <TextEquiv>
                        <Unicode>ANTIOCHUS</Unicode>
                    </TextEquiv>
                    <TextStyle fontFamily="Times New Roman" fontSize="8.5"/>
                </Word>
                <TextEquiv>
                    <Unicode>ANTIOCHUS</Unicode>
                </TextEquiv>
                <TextStyle fontFamily="Times New Roman" fontSize="8.5"/>
            </TextLine>
            <TextEquiv>
                <Unicode>ANTIOCHUS</Unicode>
            </TextEquiv>
        </TextRegion>
        <TextRegion type="paragraph" id="r_1_13" custom="readingOrder {index:12;}">
            <Coords points="637,5100 3904,5100 3904,5441 637,5441"/>
            <TextLine id="tl_27" primaryLanguage="English" custom="readingOrder {index:0;}">
                <Coords points="2326,5101 3903,5101 3903,5268 2326,5268"/>
                <Baseline points="2326,5251 2591,5220 3111,5220 3393,5221 3579,5226 3831,5231 3903,5232"/>
                <Word id="w_w2aab1b1b2c25b1ab1" language="English" custom="readingOrder {index:0;}">
                    <Coords points="2326,5115 2591,5115 2591,5251 2326,5251"/>
                    <TextEquiv>
                        <Unicode>Que</Unicode>
                    </TextEquiv>
                    <TextStyle fontFamily="Times New Roman" fontSize="8.5"/>
                </Word>
                <Word id="w_w2aab1b1b2c25b1ab9" language="English" custom="readingOrder {index:1;}">
                    <Coords points="2645,5142 3111,5142 3111,5225 2645,5225"/>
                    <TextEquiv>
                        <Unicode>veux-tu</Unicode>
                    </TextEquiv>
                    <TextStyle fontFamily="Times New Roman" fontSize="8.5"/>
                </Word>
                <Word id="w_w2aab1b1b2c25b1ac25" language="English" custom="readingOrder {index:2;}">
                    <Coords points="3180,5147 3393,5147 3393,5237 3180,5237"/>
                    <TextEquiv>
                        <Unicode>que</Unicode>
                    </TextEquiv>
                    <TextStyle fontFamily="Times New Roman" fontSize="8.5"/>
                </Word>
                <Word id="w_w2aab1b1b2c25b1ac33" language="English" custom="readingOrder {index:3;}">
                    <Coords points="3470,5122 3579,5122 3579,5266 3470,5266"/>
                    <TextEquiv>
                        <Unicode>je</Unicode>
                    </TextEquiv>
                    <TextStyle fontFamily="Times New Roman" fontSize="8.5"/>
                </Word>
                <Word id="w_w2aab1b1b2c25b1ac39" language="English" custom="readingOrder {index:4;}">
                    <Coords points="3613,5107 3831,5107 3831,5231 3613,5231"/>
                    <TextEquiv>
                        <Unicode>difè</Unicode>
                    </TextEquiv>
                    <TextStyle fontFamily="Times New Roman" fontSize="8.5"/>
                </Word>
                <Word id="w_w2aab1b1b2c25b1ac49" language="English" custom="readingOrder {index:5;}">
                    <Coords points="3865,5135 3903,5135 3903,5232 3865,5232"/>
                    <TextEquiv>
                        <Unicode>Z</Unicode>
                    </TextEquiv>
                    <TextStyle fontFamily="Times New Roman" fontSize="8.5"/>
                </Word>
                <TextEquiv>
                    <Unicode>Que veux-tu que je diſe?</Unicode>
                </TextEquiv>
                <TextStyle fontFamily="Times New Roman" fontSize="8.5"/>
            </TextLine>
            <TextLine id="tl_28" primaryLanguage="English" custom="readingOrder {index:1;}">
                <Coords points="638,5258 3414,5258 3414,5440 638,5440"/>
                <Baseline points="638,5428 1314,5384 1896,5385 2096,5390 2682,5386 3414,5392"/>
                <Word id="w_w2aab1b1b2c25b3ab1" language="English" custom="readingOrder {index:0;}">
                    <Coords points="638,5260 1314,5260 1314,5428 638,5428"/>
                    <TextEquiv>
                        <Unicode>yattenS'de</Unicode>
                    </TextEquiv>
                    <TextStyle fontFamily="Times New Roman" fontSize="8.5"/>
                </Word>
                <Word id="w_w2aab1b1b2c25b3ac23" language="English" custom="readingOrder {index:1;}">
                    <Coords points="1370,5270 1896,5270 1896,5387 1370,5387"/>
                    <TextEquiv>
                        <Unicode>Bérénice</Unicode>
                    </TextEquiv>
                    <TextStyle fontFamily="Times New Roman" fontSize="8.5"/>
                </Word>
                <Word id="w_w2aab1b1b2c25b3ac41" language="English" custom="readingOrder {index:2;}">
                    <Coords points="1946,5311 2096,5311 2096,5390 1946,5390"/>
                    <TextEquiv>
                        <Unicode>un</Unicode>
                    </TextEquiv>
                    <TextStyle fontFamily="Times New Roman" fontSize="8.5"/>
                </Word>
                <Word id="w_w2aab1b1b2c25b3ac47" language="English" custom="readingOrder {index:3;}">
                    <Coords points="2162,5306 2682,5306 2682,5387 2162,5387"/>
                    <TextEquiv>
                        <Unicode>moment</Unicode>
                    </TextEquiv>
                    <TextStyle fontFamily="Times New Roman" fontSize="8.5"/>
                </Word>
                <Word id="w_w2aab1b1b2c25b3ac61" language="English" custom="readingOrder {index:4;}">
                    <Coords points="2724,5271 3414,5271 3414,5392 2724,5392"/>
                    <TextEquiv>
                        <Unicode>d’entretien,</Unicode>
                    </TextEquiv>
                    <TextStyle fontFamily="Times New Roman" fontSize="8.5"/>
                </Word>
                <TextEquiv>
                    <Unicode>J'attens de Berenice un moment d’entretien.</Unicode>
                </TextEquiv>
                <TextStyle fontFamily="Times New Roman" fontSize="8.5"/>
            </TextLine>
            <TextEquiv>
                <Unicode>Que veux-tu que je diſe?
J'attens de Berenice un moment d’entretien.</Unicode>
            </TextEquiv>
        </TextRegion>
        <TextRegion type="paragraph" id="r_1_14" custom="readingOrder {index:13;}">
            <Coords points="1888,5504 2726,5504 2726,5628 1888,5628"/>
            <TextLine id="tl_29" primaryLanguage="English" custom="readingOrder {index:0;}">
                <Coords points="1889,5505 2725,5505 2725,5627 1889,5627"/>
                <Baseline points="1889,5617 1989,5617 2725,5627"/>
                <Word id="w_w2aab1b1b2c27b1ab1" language="English" custom="readingOrder {index:0;}">
                    <Coords points="1889,5507 2245,5507 2245,5622 1889,5622"/>
                    <TextEquiv>
                        <Unicode>ARS</Unicode>
                    </TextEquiv>
                    <TextStyle fontFamily="Times New Roman" fontSize="8.5"/>
                </Word>
                <Word id="w_w2aab1b1b2c27b1b1b1" language="English" custom="readingOrder {index:1;}">
                    <Coords points="2301,5507 2725,5507 2725,5627 2301,5627"/>
                    <TextEquiv>
                        <Unicode>ACE.</Unicode>
                    </TextEquiv>
                    <TextStyle fontFamily="Times New Roman" fontSize="8.5"/>
                </Word>
                <TextEquiv>
                    <Unicode>ARSACE.</Unicode>
                </TextEquiv>
            </TextLine>
            <TextEquiv>
                <Unicode>ARSACE.</Unicode>
            </TextEquiv>
        </TextRegion>
        <TextRegion type="paragraph" id="r_1_15" custom="readingOrder {index:14;}">
            <Coords points="647,5701 1979,5701 1979,5870 647,5870"/>
            <TextLine id="tl_30" primaryLanguage="English" custom="readingOrder {index:0;}">
                <Coords points="648,5702 1978,5702 1978,5869 648,5869"/>
                <Baseline points="648,5828 836,5828 1164,5828 1248,5858 1890,5817 1978,5823"/>
                <Word id="w_w2aab1b1b2c29b1ab1" language="English" custom="readingOrder {index:0;}">
                    <Coords points="648,5702 836,5702 836,5828 648,5828"/>
                    <TextEquiv>
                        <Unicode>Hé</Unicode>
                    </TextEquiv>
                    <TextStyle fontFamily="Times New Roman" fontSize="8.5"/>
                </Word>
                <Word id="w_w2aab1b1b2c29b1ab7" language="English" custom="readingOrder {index:1;}">
                    <Coords points="906,5709 1164,5709 1164,5828 906,5828"/>
                    <TextEquiv>
                        <Unicode>bien</Unicode>
                    </TextEquiv>
                    <TextStyle fontFamily="Times New Roman" fontSize="8.5"/>
                </Word>
                <Word id="w_w2aab1b1b2c29b1ac17" language="English" custom="readingOrder {index:2;}">
                    <Coords points="1210,5800 1248,5800 1248,5858 1210,5858"/>
                    <TextEquiv>
                        <Unicode>,</Unicode>
                    </TextEquiv>
                    <TextStyle fontFamily="Times New Roman" fontSize="8.5"/>
                </Word>
                <Word id="w_w2aab1b1b2c29b1ac21" language="English" custom="readingOrder {index:3;}">
                    <Coords points="1348,5709 1890,5709 1890,5868 1348,5868"/>
                    <TextEquiv>
                        <Unicode>Seigneur</Unicode>
                    </TextEquiv>
                    <TextStyle fontFamily="Times New Roman" fontSize="8.5"/>
                </Word>
                <Word id="w_w2aab1b1b2c29b1ac39" language="English" custom="readingOrder {index:4;}">
                    <Coords points="1940,5733 1978,5733 1978,5823 1940,5823"/>
                    <TextEquiv>
                        <Unicode>?</Unicode>
                    </TextEquiv>
                    <TextStyle fontFamily="Times New Roman" fontSize="8.5"/>
                </Word>
                <TextEquiv>
                    <Unicode>Hé bien, Seigneur?</Unicode>
                </TextEquiv>
                <TextStyle fontFamily="Times New Roman" fontSize="8.5"/>
            </TextLine>
            <TextEquiv>
                <Unicode>Hé bien, Seigneur?</Unicode>
            </TextEquiv>
        </TextRegion>
        <TextRegion type="paragraph" id="r_1_16" custom="readingOrder {index:15;}">
            <Coords points="1606,5893 2885,5893 2885,6030 1606,6030"/>
            <TextLine id="tl_31" primaryLanguage="English" custom="readingOrder {index:0;}">
                <Coords points="1607,5894 2884,5894 2884,6029 1607,6029"/>
                <Baseline points="1607,6024 2268,6013 2883,6019"/>
                <Word id="w_w2aab1b1b2c31b1ab1" language="English" custom="readingOrder {index:0;}">
                    <Coords points="1607,5904 2268,5904 2268,6024 1607,6024"/>
                    <TextEquiv>
                        <Unicode>ANTIO</Unicode>
                    </TextEquiv>
                    <TextStyle fontFamily="Times New Roman" fontSize="8.5"/>
                </Word>
                <Word id="w_w2aab1b1b2c31b1ac13" language="English" custom="readingOrder {index:1;}">
                    <Coords points="2327,5898 2883,5898 2883,6019 2327,6019"/>
                    <TextEquiv>
                        <Unicode>CHUS.</Unicode>
                    </TextEquiv>
                    <TextStyle fontFamily="Times New Roman" fontSize="8.5"/>
                </Word>
                <TextEquiv>
                    <Unicode>ANTIOCHUS.</Unicode>
                </TextEquiv>
                <TextStyle fontFamily="Times New Roman" fontSize="8.5"/>
            </TextLine>
            <TextEquiv>
                <Unicode>ANTIOCHUS.</Unicode>
            </TextEquiv>
        </TextRegion>
        <TextRegion type="paragraph" id="r_1_17" custom="readingOrder {index:16;}">
            <Coords points="2109,6083 3698,6083 3698,6226 2109,6226"/>
            <TextLine id="tl_32" primaryLanguage="English" custom="readingOrder {index:0;}">
                <Coords points="2110,6084 3697,6084 3697,6225 2110,6225"/>
                <Baseline points="2110,6218 2355,6213 2607,6208 3143,6218 3323,6213 3696,6223"/>
                <Word id="w_w2aab1b1b2c33b1ab1" language="English" custom="readingOrder {index:0;}">
                    <Coords points="2110,6110 2355,6110 2355,6218 2110,6218"/>
                    <TextEquiv>
                        <Unicode>Son</Unicode>
                    </TextEquiv>
                    <TextStyle fontFamily="Times New Roman" fontSize="8.5"/>
                </Word>
                <Word id="w_w2aab1b1b2c33b1ab9" language="English" custom="readingOrder {index:1;}">
                    <Coords points="2394,6095 2607,6095 2607,6214 2394,6214"/>
                    <TextEquiv>
                        <Unicode>fort</Unicode>
                    </TextEquiv>
                    <TextStyle fontFamily="Times New Roman" fontSize="8.5"/>
                </Word>
                <Word id="w_w2aab1b1b2c33b1ac19" language="English" custom="readingOrder {index:2;}">
                    <Coords points="2644,6093 3143,6093 3143,6220 2644,6220"/>
                    <TextEquiv>
                        <Unicode>décidera</Unicode>
                    </TextEquiv>
                    <TextStyle fontFamily="Times New Roman" fontSize="8.5"/>
                </Word>
                <Word id="w_w2aab1b1b2c33b1ac37" language="English" custom="readingOrder {index:3;}">
                    <Coords points="3180,6089 3323,6089 3323,6219 3180,6219"/>
                    <TextEquiv>
                        <Unicode>du</Unicode>
                    </TextEquiv>
                    <TextStyle fontFamily="Times New Roman" fontSize="8.5"/>
                </Word>
                <Word id="w_w2aab1b1b2c33b1ac43" language="English" custom="readingOrder {index:4;}">
                    <Coords points="3346,6094 3696,6094 3696,6223 3346,6223"/>
                    <TextEquiv>
                        <Unicode>mien,</Unicode>
                    </TextEquiv>
                    <TextStyle fontFamily="Times New Roman" fontSize="8.5"/>
                </Word>
                <TextEquiv>
                    <Unicode>Son ſort decidera du mien,</Unicode>
                </TextEquiv>
                <TextStyle fontFamily="Times New Roman" fontSize="8.5"/>
            </TextLine>
            <TextEquiv>
                <Unicode>Son ſort decidera du mien,</Unicode>
            </TextEquiv>
        </TextRegion>
        <TextRegion type="paragraph" id="r_1_18" custom="readingOrder {index:17;}">
            <Coords points="1796,6312 2643,6312 2643,6439 1796,6439"/>
            <TextLine id="tl_33" primaryLanguage="English" custom="readingOrder {index:0;}">
                <Coords points="1797,6313 2642,6313 2642,6438 1797,6438"/>
                <Baseline points="1797,6435 2641,6434"/>
                <Word id="w_w2aab1b1b2c35b1ab1" language="English" custom="readingOrder {index:0;}">
                    <Coords points="1797,6314 2641,6314 2641,6435 1797,6435"/>
                    <TextEquiv>
                        <Unicode>ARSACE,</Unicode>
                    </TextEquiv>
                    <TextStyle fontFamily="Times New Roman" fontSize="8.5"/>
                </Word>
                <TextEquiv>
                    <Unicode>ARSACE.</Unicode>
                </TextEquiv>
                <TextStyle fontFamily="Times New Roman" fontSize="8.5"/>
            </TextLine>
            <TextEquiv>
                <Unicode>ARSACE.</Unicode>
            </TextEquiv>
        </TextRegion>
        <TextRegion type="paragraph" id="r_2_1" custom="readingOrder {index:18;}">
            <Coords points="664,6485 1402,6485 1402,6614 664,6614"/>
            <TextLine id="tl_34" primaryLanguage="English" custom="readingOrder {index:0;}">
                <Coords points="665,6486 1401,6486 1401,6613 665,6613"/>
                <Baseline points="665,6610 1401,6605"/>
                <Word id="w_w2aab1b3b2b1b1ab1" language="English" custom="readingOrder {index:0;}">
                    <Coords points="665,6486 1401,6486 1401,6610 665,6610"/>
                    <TextEquiv>
                        <Unicode>Comment:?</Unicode>
                    </TextEquiv>
                    <TextStyle fontFamily="Times New Roman" fontSize="8.5"/>
                </Word>
                <TextEquiv>
                    <Unicode>Comment?</Unicode>
                </TextEquiv>
                <TextStyle fontFamily="Times New Roman" fontSize="8.5"/>
            </TextLine>
            <TextEquiv>
                <Unicode>Comment?</Unicode>
            </TextEquiv>
        </TextRegion>
    </Page>
</PcGts>
