4267 7915
1374 630 1498 766 T
1554 625 1678 762 R
1726 617 1890 769 A
1942 620 2058 757 G
2110 604 2214 744 E
2266 599 2694 744 DIE.

3434 604 3610 752 25

873 1865 2204 2163 ACTE
2465 1846 3052 2127 III.

683 2405 1548 2601 SCENE
1743 2387 3296 2575 PREMIERE;

716 2813 1535 2990 TITUS,
1694 2782 3267 2955 ANTIOCHUS,

1541 3046 2526 3193 ARSACE,

1603 3452 2284 3583 TITUS.

365 3703 656 4042 Q
691 3710 1027 3866 Uoy,
1081 3710 1483 3824 Prince
1514 3788 1549 3836 j
1603 3732 1879 3815 vous
1921 3691 2341 3846 partiez
2391 3710 2419 3799 ?
2469 3680 2889 3836 Quelle
2941 3669 3291 3796 raifcn
3333 3675 3667 3801 fiibite

721 3871 1064 3986 Pretfe
1099 3864 1472 3990 voflre
1505 3866 1954 4020 départ,
1993 3890 2140 3971 ou
2185 3843 2594 4005 plutofl:
2639 3840 3022 3965 voftre
3061 3839 3322 3959 fuite
3359 3875 3394 3939 >

366 4040 1172 4151 Vouliez-vous
1237 4071 1428 4150 me
1479 4023 1877 4145 cacher
1926 4020 2347 4182 jufques
2406 4010 2469 4125 à
2531 4051 2737 4130 vos
2782 4013 3207 4131 Adieux
3244 4036 3279 4130 ?

365 4187 723 4315 Eft-ce
763 4241 1223 4320 comme
1269 4205 1790 4352 Ennemy
1851 4225 2067 4357 que
2113 4219 2393 4306 vous
2443 4179 2845 4340 quittez
2887 4214 3053 4290 ces
3096 4174 3429 4289 Lieux
3475 4201 3515 4294 ?

362 4359 621 4496 Que
664 4366 1051 4482 diront
1104 4402 1369 4480 avec
1412 4402 1758 4514 moy,
1808 4359 1903 4471 la
1958 4354 2335 4490 Cour,
2396 4354 2851 4488 Rome,
2896 4340 3429 4491 l’Empire
3462 4359 3497 4454 ?

366 4529 667 4645 Mais
706 4570 1167 4647 comme
1232 4518 1607 4644 voftre
1654 4530 1951 4676 Amy
2000 4555 2213 4679 que
2252 4551 2393 4625 ne
2426 4509 2847 4662 puis-je
2890 4509 3223 4660 point
3268 4504 3569 4618 dire?

369 4689 552 4804 De
614 4731 908 4851 quoy
948 4689 1886 4812 m'acculez-vous
1927 4711 1964 4806 ?
2041 4696 2350 4804 Vous
2385 4675 2696 4794 avois
2771 4685 2876 4829 je
2911 4670 3144 4785 fans
3189 4664 3528 4785 choix

380 4854 1006 4976 Confondu
1061 4855 1575 5017 jufqu’icy
1612 4854 1894 4969 dans
1946 4849 2058 4970 la
2106 4839 2414 4959 foule
2462 4834 2644 4950 des
2684 4834 2960 4953 Rois
3003 4865 3042 4955 ?

377 5012 668 5133 Mon
711 5060 1038 5140 cœur
1077 5059 1358 5135 vous
1395 5015 1558 5135 fut
1603 5049 1996 5133 ouvert
2025 5041 2263 5124 tant
2329 5010 2573 5165 qu’a
2623 4995 2927 5119 vefcu
2973 5039 3267 5115 mon
3359 5004 3670 5138 Pere.

380 5175 960 5305 C'eftoirle
1020 5180 1228 5299 fèul
1276 5178 1714 5336 prêtent
1766 5219 1982 5339 que
2014 5188 2120 5335 je
2184 5169 2656 5329 pouvois
2706 5203 2986 5279 vous
3026 5157 3336 5300 faire.

366 5349 503 5460 Et
566 5353 797 5464 lors
866 5355 1321 5510 qu’avec
1360 5390 1645 5464 mon
1690 5377 2023 5464 cœur
2070 5381 2263 5454 ma
2292 5338 2603 5450 main
2668 5364 2929 5491 peut
2968 5318 3661 5479 s’épancher*

361 5513 663 5624 Vous
725 5510 1039 5665 fuyez
1086 5554 1321 5629 mes
1367 5498 1883 5629 bienfaits
1922 5545 2161 5624 tout
2200 5494 2543 5659 prêtes
2605 5493 2671 5609 à
2710 5533 2987 5613 vous
3044 5482 3569 5613 chercher
3605 5508 3651 5609 ?

356 5673 1094 5794 Penlez-vous
1150 5680 1836 5840 qu’oubliant
1892 5710 2084 5788 ma
2124 5669 2572 5785 fortune
2602 5654 2954 5809 paffée

359 5843 574 5954 Sur
639 5837 1136 5960 mateule
1189 5844 1754 6006 grandeur
1803 5829 2300 5999 j’arrefte
2349 5818 3036 5979 mapenfée?

361 5999 508 6113 Et
573 6044 786 6165 que
845 6044 1090 6129 tous
1159 6044 1398 6124 mes
1447 6008 1770 6125 Amis
1855 6014 2012 6156 s’y
2081 5993 2702 6154 prétentent
2757 5988 2898 6103 de
2953 5993 3196 6104 loin

376 6173 873 6290 Comme
913 6204 1295 6289 autant
1334 6173 2043 6284 d’inconnus
2087 6260 2115 6308 ,
2158 6165 2443 6283 dont
2472 6174 2583 6314 je
2619 6153 2883 6309 n'ay
2929 6163 3161 6308 plus
3200 6147 3571 6268 befoin
3613 6178 3661 6269 ?

371 6333 667 6444 Vous
721 6334 1146 6474 même,
1181 6332 1243 6448 à
1283 6373 1517 6448 mes
1557 6333 2007 6494 regards
2047 6333 2233 6490 qui
2273 6327 2697 6443 vouliez
2733 6359 3005 6434 vous
3039 6311 3223 6433 fou
3235 6312 3383 6438 ter
3393 6317 3672 6474 aire,

366 6489 821 6654 Prince,
864 6509 1105 6665 plus
1180 6538 1389 6666 que
1432 6499 1843 6659 jamais
1896 6534 2171 6624 vous
2212 6482 2651 6619 nVeftes
2698 6464 3335 6628 neceffaire.

2793 6645 3132 6812 C iij
