4267 8041
587 596 750 756 zO
1581 561 2860 720 BERENICE.

1661 843 2985 997 ANTIOCHUS,

582 985 954 1154 M'oy,
1022 994 1567 1159 Seigneur
1612 1022 1655 1116 ?

1853 1178 2531 1315 TITUS.

1737 1345 2102 1474 Vous.

1602 1503 2912 1646 ANTJOCHUS.

1833 1676 1954 1787 H
1975 1681 2185 1792 elas
2247 1697 2274 1797 !
2357 1680 2661 1798 D’un
2717 1686 3121 1799 Prince
3153 1686 3881 1824 maIIicureux

565 1821 840 1975 Que
885 1853 1740 1987 pouvez-vous,
1797 1843 2426 2001 Seigneur,
2477 1853 2992 1970 attendre
3025 1890 3236 2018 que
3281 1857 3472 1981 des
3513 1900 3918 1992 vœu^

1920 2010 2023 2123 T
2072 2009 2127 2122 I
2182 2015 2415 2132 TU
2472 2021 2604 2148 S.

561 2157 703 2316 Je
775 2168 1028 2311 n*ay
1075 2194 1274 2312 pas
1345 2157 1777 2311 oublié,
1875 2178 2285 2291 Prince
2341 2272 2367 2322 ,
2428 2220 2645 2337 que
2707 2221 2901 2300 ma
2969 2184 3447 2316 vi&oire

566 2330 1018 2442 Devoir
1074 2330 1138 2436 à
1220 2362 1414 2442 vos
1482 2335 1964 2482 exploits
2031 2341 2134 2452 la
2193 2345 2588 2463 moitié
2659 2345 2802 2468 de
2847 2346 2944 2468 (k
3015 2356 3451 2516 gloire,

582 2498 855 2641 Que
894 2498 1273 2609 Rome
1324 2496 1485 2610 vit
1530 2493 1881 2652 palier
1948 2544 2087 2621 au
2162 2515 2661 2630 nombre
2708 2519 2893 2630 des
2952 2518 3457 2646 Vaincus

561 2665 823 2777 Plus
875 2654 1133 2776 d’un
1195 2659 1641 2812 Captif,
1687 2665 2112 2833 chargé
2157 2670 2347 2791 des
2393 2674 2619 2798 fers
2675 2680 3425 2812 d’Antiochus
3456 2791 3499 2839 ^

571 2828 854 2977 Que
912 2822 1184 2939 dans
1246 2827 1342 2940 le
1394 2836 1908 2986 Capitole
1958 2847 2154 2956 elle
2245 2880 2488 2960 voit
2551 2844 3122 2970 attachées

560 2999 767 3111 Les
852 2988 1469 3154 dépoîiilles
1514 2995 1709 3112 des
1760 3001 2045 3160 Juifs
2094 3044 2291 3158 par
2344 3052 2547 3127 vos
2632 3016 3003 3133 mains
3058 3016 3688 3168 arrachées»

551 3167 697 3296 Je
765 3209 849 3280 n
889 3193 1248 3278 attens
1299 3193 1500 3312 pas
1545 3161 1681 3278 de
1739 3204 2017 3280 vous
2069 3173 2205 3290 de
2247 3213 2425 3290 ces
2493 3167 3001 3343 fànglans
3031 3188 3571 3341 exploits,

566 3329 714 3443 JEt
785 3345 888 3494 je
958 3362 1238 3447 veux
1288 3329 1886 3448 feulement
1932 3376 2592 3498 emprunter
2643 3345 3028 3469 yoftre
3073 3357 3388 3494 voix.

564 3501 705 3660 Je
770 3503 1007 3660 fçay
1058 3533 1273 3656 que
1334 3502 1865 3614 Bérénice
1912 3498 1981 3615 à
2048 3549 2253 3626 vos
2314 3507 2615 3626 foins
2674 3513 3259 3634 redevable

565 3676 901 3792 Croit
975 3654 1671 3819 poCfeder-en
1737 3706 2011 3783 vous
2077 3718 2227 3796 un
2293 3679 2597 3840 Amy
2633 3681 3201 3812 véritable.

555 3837 792 3960 Elle
859 3875 1012 3955 ne
1068 3833 1306 3944 voit
1356 3822 1634 3948 dans
1690 3842 2064 3955 Rome
2109 3858 2210 3961 &
2271 3838 2786 3965 n’écoute
2843 3890 3050 4012 que
3119 3884 3446 3980 vous.

560 4011 877 4122 Vous
916 4042 1065 4117 ne
1114 3994 1431 4112 faites
1466 4000 1809 4163 qu’un
1838 4021 2327 4133 .cœur,&
2372 4021 2777 4174 qu’une
2806 4057 3065 4134 ame
3094 4057 3367 4133 avec
3424 4058 3760 4153 nous.

561 4177 751 4290 Au
791 4213 1079 4291 nom
1131 4162 1468 4284 d’une
1513 4166 1934 4290 Amitié
1985 4167 2065 4295 fi
2111 4168 2703 4304 confiante
2749 4277 2777 4331 ,
2853 4200 2956 4301 &
3001 4179 3076 4300 fi
3135 4178 3483 4337 belle,

559 4345 1190 4509 Employez
1242 4339 1342 4448 le
1409 4339 1896 4489 pouvoir
1947 4383 2168 4509 que
2229 4386 2510 4473 vous
2561 4391 2834 4473 avez
2889 4356 3054 4473 fur
3083 4350 3399 4484 elle..

564 4518 949 4669 Voyez
1016 4513 1117 4630 la
1172 4496 1311 4625 de
1352 4543 1583 4630 .ma
1654 4540 1948 4661 part.

1571 4676 2881 4808 ANTIOCHUS.

1680 4848 1964 5003 Moy
2021 4875 2048 4969 ?
2131 4837 2676 5003 paroiflre
2744 4843 2802 4959 à
2886 4842 3032 4961 fi*s
3093 4884 3416 5006 yeux,

564 5022 715 5138 La
770 5021 1159 5169 Reyne
1210 5047 1499 5169 pour
1540 5015 1939 5164 jamais
1980 5057 2043 5127 a
2120 5052 2433 5137 reccu
2476 5052 2715 5138 mes
2760 5014 3194 5138 adieux.

1843 5184 2509 5315 TITUS.

575 5351 1028 5493 Prince,
1068 5346 1142 5462 il
1180 5334 1406 5468 faut
1445 5387 1656 5509 que
1691 5387 1970 5499 pour
2010 5391 2284 5503 moy
2340 5378 2614 5462 vous
2650 5346 2828 5500 luy
2875 5346 3274 5505 parliez
3330 5384 3838 5493 encore*,

1544 5513 2844 5646 antiochus,

565 5681 756 5808 Ah
817 5706 840 5808 !
890 5680 1513 5845 parlez-luy
1561 5686 1765 5828 ,Se
1779 5685 1792 5735 :
1811 5721 2167 5838 gneur
2215 5685 2373 5829 ,1a
2419 5690 2808 5834 Reyne
2847 5722 3121 5797 vous
3153 5685 3541 5823 adore.

565 5858 1174 6013 Pourquoy
1241 5884 1520 5966 vous
1556 5842 2032 5965 dérober
2068 5838 2838 5966 vous**meftne
2886 5890 3032 5965 en
3068 5896 3190 5964 ce
3236 5891 3792 5975 moment:

566 6015 1079 6173 Leplaifir
1126 6010 1263 6127 de
1308 6015 1477 6169 luy
1544 6005 1819 6132 faire
1858 6058 2013 6132 un
2068 6057 2343 6139 aveu
2398 6010 2469 6133 fi
2518 6006 3117 6132 charmant
3162 6042 3195 6139 ?

577 6198 640 6310 X
665 6192 813 6305 lie
853 6173 1389 6326 l’attend,
1429 6182 2065 6343 Seigneur,
2105 6225 2373 6304 avec
2403 6183 3121 6336 impatience.

565 6356 708 6534 Je
775 6350 1196 6521 répons
1257 6387 1404 6468 en
1461 6382 1912 6515 partant
1963 6351 2102 6478 de
2157 6346 2358 6477 fon
2419 6344 3086 6484 obdfiance»
