3854 5648
761 329 88 60 12

1855 279 812 134 MEDUSE,

1898 483 740 108 MEDUSE,

777 660 2906 191 Par zele & par reſpect vous pouvez, la deffendre;

969 828 2603 174 Mais vous l'aimez & vous oſez, pretendre,

766 990 2821 185 Que Pallas juſqu'à vous daigne baiſſer les yeux.

1884 1237 710 110 PERSE’E.

977 1436 2339 188 J'aime Pallas ſans eſpoir, ſans foibleſſe,

764 1610 2891 185 Et je croy que le Fils du plus puiſſant des Dieux

1250 1763 1421 182 Peut adorer une Déeſſe.

1217 1926 1647 187 Jupiter nous donna le jour;

1252 2098 1543 175 Pallas le doit à ſa ſageſſe,

1249 2262 1583 169 Et je le dois à ſon amour.

1866 2471 765 110 MEDUSE.

1251 2637 1881 172 Il eſt beau de naître immortelle,

760 2802 2535 179 Avec une beauté qui peut tout enflammer;

1253 2960 1948 149 Mais il est honteux d'estre belle,

1256 3127 2121 174 Avec un cœur qui ne ſçauroit aimer.

1883 3345 712 110 PERSE’E.

1246 3535 1767 178 D'une Déeſſe auguste & ſage

1237 3688 1953 185 J'aime mieux les justes rigueurs,

1234 3861 1534 172 Que d'une mortelle volage

1232 4021 1813 172 Les vaines & fauſſes douceurs.

746 4250 2949 183 Qui veut toujours aller de conqueste en conqueste,

1224 4413 1919 178 Perd ſes ſoins & ne garde rien:

1235 4574 1941 179 Un cœur que nul objet n'arreste,

1240 4742 1693 165 Ne ſçauroit arrester le mien.

753 4901 755 120 Perſée s’en va.
