3854 5360
2940 241 91 94 33

1150 211 931 112 TRAGEDIE.

223 345 2560 186 Neptune qui le hait & qui connoît ma peine,

511 512 1964 162 Laiſſera-t’il ſa fuitte à ſon pouvoir?

817 666 1599 159 Quelle honte, quel deſeſpoir,

224 813 2428 178 De voir un cœur rebelle échaper à ma haine!

422 1400 2336 173 SCENE CIN QUIE’ME.

550 1649 2041 136 NEPTUNE, MEDUSE.

1179 1894 788 106 NEPTUNE.

478 2005 295 281 M

786 2085 1610 175 On amour a fait ſon devoir:

209 2259 2548 172 Perſée & la beaute pour qui ſon cœur ſoûpire,

475 2422 1842 166 Alloient ſortir de voſtre Empire:

777 2573 1877 166 Alais ſçachez quels ſont les appas

206 2727 2546 160 Qu'il aimoit & cachoit ſous le nom de Pallas:

198 2884 2196 167 Perſée aime Iſmenie, & fuyoit avec elle.

1202 3133 701 98 MEDUSE.

201 3348 2262 165 Perſée aime Iſmenie, ah! fortune cruelle!

473 3510 1713 158 Quoy mon orgueil s'étoit flatté

210 3658 2152 167 Que j'avois pour Rivale une Divinité,

776 3812 1404 155 Et c'eſt une foible mortelle

770 3966 1564 161 Qui triomphe de ma beauté;

765 4126 1602 159 Quel affront, fortune cruelle!

1169 4337 750 98 NEPTUNE.

197 4459 2769 174 Vous aimez, donc Perſée, & cet ardent courroux...

2562 4646 74 88 E
