3854 5360
625 426 1875 127 ORPHISE & MELANTE.

472 619 1705 160 Quand il adore une Divinité,

187 767 2357 183 Il brigue ſa faveur & non pas ſa tendreſſe.

1144 982 806 110 ORPHISE.

176 1157 2321 180 Minerve n'eût jamais la foibleſſe d'aimer:

343 1317 2155 182 L'Amour n'a rien a prétendre ſur elle.

1162 1546 726 105 MEDUSE.

166 1717 2499 174 A l'amour tôt ou tard on ſe laiſſe enflammer:

591 1876 1417 172 Elle ſe pique d’eſtre belle,

584 2024 1697 178 Et c'eſt aſſez pour m’allarmer.

587 2184 1781 175 Qui veut eſtre belle veut plaire;

156 2335 2574 177 Et quand une beauté veut donner de l’amour,

579 2492 1463 168 Elle cherche à ſe ſatisfaire

578 2648 1603 169 Au peril d'aimer à ſon tour.

1115 2858 796 103 ORPHISE.

575 3040 1621 157 Mais oſeray-je vous le dire?

148 3189 2419 177 Vous avez pour Perſée une inquiete ardeur.

1137 3398 748 107 MEDUSE.

117 3503 2344 210 Je voudrois ſur Perſée étendre mon empire,

142 3655 2502 215 Pour ôter à Minerve un ſi grand deffenſeur.

415 3831 2041 176 Si des ſoûpirs échapent de mon cœur,

572 3992 1965 186 Ce n'est que d'orgueil qu’il ſoûpire.

129 4129 2613 192 Perſée est le plus grand, le plus fier des mortels:

316 4290 2361 185 Tu vois quel bruit, quelle gloire éclatante

563 4450 1647 173 Suit déja ſa valeur naiſſante.

2404 4643 67 90 B

2906 241 116 156 9

1108 232 957 134 TRAGEDIE.
