3854 5360
2893 331 91 61 21

1107 267 925 127 TRAGEDIE.

1183 484 757 108 ISMENIE.

783 674 1561 168 Prince, par cet emportement

787 822 1497 175 Vous offenſeZ noſtre Deeſſe.

1259 1035 627 108 PERSE’E.

193 1162 2776 190 Quand le plus grand des maux menace ma ten¬

326 1332 331 149 dreſſe,

388 1474 2306 183 L'Amour au deſeſpoir agit-il autrement?

1231 1688 673 103 ISMENIE.

186 1876 2536 184 La raiſon doit regler les tranſports d'un amant.

1250 2109 599 108 PERSE’E.

182 2294 2767 190 La raiſon parle en vain quand l'amour eſt extrême,

308 2451 2352 182 Et ce n'eſt qu'à l'Amour que le cœur obeït.

753 2609 1767 175 Peut on écouter quand on aime

745 2761 1742 174 Tout ce que la raiſon nous dit?

1213 2974 645 103 ISMENIE.

171 3141 2458 188 Ah! ſi pour s'épargner d'importunes allarmes

178 3300 2403 172 On bannit la raiſon en faveur de l'Amour;

744 3459 1753 174 Que de repentirs, que de larmes

746 3609 1708 172 Quand la raiſon eſt de retour!

173 3754 2431 197 Vers le Temple je voy le peuple qui ſe preſſe.

443 3912 1990 173 Fuyons des jeux ennemis ou jaloux,

443 4062 2064 192 Et vous alleZ aux pieds de la Deeſſe

731 4217 1525 178 Attirer ſes bonteZ ſur nous.
