3854 5610
1791 289 788 134 MEDUSE,

1590 448 1212 108 UNE NEREIDE.

1225 585 1794 172 Si du nom de Reyne ou de belle

1067 747 1840 165 Le choix eſtoit en noſtre liberté,

1218 905 1735 169 Je connois plus d'une mortelle,

1064 1067 1970 170 Qui donneroit le prix à la beauté.

1765 1233 869 107 PALEMON.

739 1370 2442 173 Neptune vient troubler la feſte de Pallas,

1386 1536 1321 172 Deffier toute ſa colere,

1380 1688 1584 179 Et braver Jupiter ſon pere,

1377 1856 1661 169 Pour la gloire de vos appas.

1819 2019 760 104 MEDUSE.

736 2148 2933 189 Ah! que c'eſt pour ma gloire une douceur extrême,

1382 2318 2022 180 Quand elle eſt en ſi grand danger,

1373 2478 1779 169 De voir qu'on peut la degager,

1207 2637 2242 171 Par le ſecours d'un Dieu qui m'aime!

1817 2803 754 102 CHOEUR.

1046 2939 2095 172 Que voſtre ſort doit faire de jaloux?

1364 3100 1784 165 Un Dieu ſe declare pour vous.

1685 3259 995 151 Un de la Troupe.

1209 3403 2020 174 Vivez ſur la foy de vos charmes,

1198 3565 1869 164 Sans jalouſie & ſans allarmes,

1206 3723 1552 165 Voſtre gloire eſt en ſeureté.

1197 3885 1813 162 Un Heros ſert une immortelle;

1031 4045 2294 163 Mais vous avez pour vous contre elle,

1185 4197 2044 140 Un Dieu, l'Amour, & la Beauté.

1782 4367 756 108 CHOEUR.

1016 4499 2124 172 Que voſtre ſort doit faire de jaloux?

1343 4664 1759 167 Un Dieu ſe declare pour vous.

1433 4822 1448 94 FIN DU PREMIER ACTE.

710 289 159 197 16
