3854 5360
1117 183 957 160 TRAGEDIE.

2883 218 165 170 23

1303 458 601 104 PERSE’E.

791 629 1816 184 Je vous entens, adorable Deeſſe,

775 795 1596 181 Je ne dois écouter que vous:

778 943 1893 184 J'aime, mais ce penchant ſi doux

794 1099 1850 176 Qui m'entraîne vers la princeſſe,

489 1250 2113 185 Le Ciel veut-il qu’il dépende de nous?

795 1409 1754 177 Vous eſt-il honteux qu'avec elle

788 1563 1793 179 Vous partagieZ tous mes deſirs?

196 1715 2778 185 Vous avez mes reſpects, vous avez, tout mon zele;

191 1867 2555 185 Est-ce trop qu'Iſmenie ait mes tendres ſoûpirs?

189 2019 2412 178 Pouvez-vous condamner une flâme ſi belle?

1176 2235 775 107 MINERVE.

180 2401 2709 186 Né pour chercher la gloire au bout de l'Univers,

770 2565 1659 174 Ne ſçaurois-tu rompre tes fers

763 2719 1537 163 Par une heureuſe violence?

759 2873 1703 178 Et crois-tu qu’il te ſoit permis,

597 3011 2040 192 Pour éviter les rigueurs de l’abſence,

168 3165 2586 199 D'oublier ce grand nom que le Ciel t’a promis?

1200 3471 575 106 PERSE’E.

163 3661 2458 186 Malgré l'attachement de mon ardeur fidelle,

714 3814 1565 192 Je pars ſi la gloire m’appelle.

750 3976 1912 189 Plein du deſir d'un prompt retour;

409 4115 1919 183 Je voleray de victoire en victoire,

431 4283 2124 185 Et mes exploits hâtez, par mon amour,

437 4437 1990 196 M'abregeront le chemin de la gloire.
