3854 5610
834 382 114 86 30

1918 343 808 128 MEDUSE,

1931 583 778 108 ISMENIE.

842 802 2489 171 Seule avec mon amant, errante, fugitive,

840 964 2896 179 Pour ma gloire en danger je ſens quelque frayeur:

825 1124 2591 180 Je ne puis ſans peril quitter mon deffenſeur:

843 1286 2736 172 Mais auſſi tu connois, s’il faut que je le ſuive,

1168 1449 1951 166 Tout l'embarras d’un jeune cœur.

1982 1709 662 106 NERINE.

835 1928 2806 172 Que craignez-vous d’un Prince qui vous aime?

1160 2091 1869 177 Tout vous répond de ſa fidelité.

1956 2349 740 106 ISMENIE.

811 2562 2916 185 Je crains tout, ſon amour & ſon merite extrême;

1168 2729 2265 173 Plus que tout je me crains moy-même:

838 2894 2356 171 Ma gloire en cet eſtat eſt-elle en ſeureté?

1985 3153 660 108 NERINE.

1156 3341 2139 170 Amant toûjours reſpectueux, fidelle,

1164 3497 1858 169 De la vertu deffenſeur declaré;

1159 3665 1993 166 Ou pouveZ-vous trouver pour elle

1477 3818 1302 168 Vn azile plus aſſuré?

1964 3987 677 106 ISMENIE.

826 4112 2662 186 Tu calmes les frayeurs d’une jeune Princeſſe,

823 4276 2585 192 Perſée eſt genereux, tout me répond de luy:

1159 4441 2356 183 Mais plains l’état ou ma fuite me laiſſe,

1146 4603 2271 185 Quand j’ay beſoin de la vertu d’autruy

1466 4774 1462 176 Pour aſſeurer ma foibleſſe.
