3854 5360
1177 262 906 125 TRAGEDIE.

2955 325 136 99 25

2537 4706 104 96 D

485 883 2229 207 SCENE CINQUIE'ME.

229 1130 2806 187 NEPTUNE & ſa Suite, MEDUSE, PERSE’E

1285 1316 650 123 & ſa Suite.

1235 1551 752 117 NEPTUNE.

527 1742 1972 192 Ieux & mortels réparez & l'injuſtice,

536 1914 2392 200 Que l'on fait à Meduſe en faveur de Pallas;

817 2074 1607 193 Qu'on mépriſe les fiers appas

499 2223 2294 204 Qui ne ſont nez que pour noſtre ſupplice.

810 2386 1725 187 Plus d'encens, plus de ſacrifice

802 2538 1590 189 A la beauté qui n'aime pas.

1296 2790 596 112 PERSE’E.

205 2906 2811 211 Que vois-je? eſt-il donc vray que Neptune luy-même

211 3060 2656 203 Vient outrager Minerve & s'arme contre nous?

1195 3241 783 113 NEPTUNE.

208 3348 2292 213 Miſerables mortels adorez ce que j'aime,

791 3532 1566 174 Ou craignez mon courroux.

1578 3684 1250 121 La Suite de Perſée s'enfuit.

1244 3803 674 111 PERSE’E.

212 3904 2785 213 A la voix de ce Dieu tout fuit, tout m'abandonne:

338 4075 2310 190 Moy-même je me ſens ſaiſi d'une terreur,

479 4231 1876 195 Qui me deſarme & qui m'étonne.

274 4407 2704 182 Les Nereïdes prennent les preſens qui ſont ſur l’Autel, & les

197 4534 1333 137 portent aux pieds de Meduſe.

232 1732 294 358 D
