3854 5360
2915 331 72 60 11

1067 268 969 120 TRAGEDIE.

516 761 2091 158 SCENE SECONDE.

190 1022 2779 154 MEDUSE, ORPHISE, MELANTE,

791 1152 1533 188 PERSE’E, & ſa fuite.

1163 1454 726 106 MEDUSE.

420 1648 2477 187 St-ce Persée? ô Ciel! quel orgueil! je le voy,

435 1808 2542 210 Qui paſſe ſans daigner tourner les yeux ſur moy.

184 1980 965 124 Où courez-vous?

1193 2200 697 108 PERSE’E.

1169 2422 1601 177 Au Temple adorer la Déeſſe.

472 2573 1985 173 C’eſt aujourd'huy la feſte de Pallas;

192 2725 2790 179 C'eſt en un pareil jour qu'en ces lieux où nous ſommes

775 2887 1415 173 On vit ſes glorieux appas

184 3030 2793 186 Pour la premiere fois paroiſtre aux yeux des hommes.

1199 3268 734 108 MEDUSE.

187 3460 2487 178 Ne peut-on un moment retenir cette ardeur?

191 3617 2372 180 Et n’eſt-il point icy quelque beauté mortelle

194 3769 2567 174 Qui ſoit digne de vous, & merite comme elle,

781 3931 1813 164 Et voſtre encens & voſtre cœur?

1222 4159 644 105 PERSE'E.

196 4345 2525 191 En eſt-il dont l'audace aveugle & criminelle,

781 4513 1703 167 Veuille luy ravir cet honneur?

2409 4698 203 125 B ij

180 1684 238 308 E
