4042 7603
583 95 235 278 28

1541 38 1688 316 George Dandin,

1115 372 2333 203 Me DE SOTENVILLE.

717 599 3235 380 Iour de Dieu, ie l'étrangle¬

568 947 3383 337 rois de mes propres mains, s’il

563 1239 3399 369 falloit qu’elle forlignaſt de

563 1577 2730 275 l’honneſteté de ſa mere.

1086 1904 2369 199 Mr DE SOTENVILLE.

712 2111 3251 376 Corbleu, ie luy paſſerois mon

563 2443 3396 377 épée au trauers du corps, à elle

574 2763 3396 389 & au galant, ſi elle auoit forfait

574 3131 1742 257 à ſon honneur.

1249 3444 2158 206 GEORGE DANDIN.

723 3668 3236 323 Ie vous ay dit ce qui ſe paſſe

552 4004 3420 355 pour vous faire mes plaintes, &

550 4323 3422 286 ie vous demande raiſon de cet¬

561 4666 1494 258 te affaire là.

1129 4991 2425 200 Mr DE SOTENVILLE.

703 5214 3339 393 Ne vous tourmentez point, ie

550 5567 3427 354 vous la feray de tous deux, &

553 5879 3424 382 ie ſuis homme pour ſerrer le

561 6207 3415 378 bouton à qui que ce puiſſe

564 6543 3415 378 eſtre. Mais eſtes-vous pas bien
