4042 7405
536 141 130 278 2

1417 117 1717 308 George Dandin,

533 418 3338 402 lante à tous les Payſans qui

527 730 3353 326 veulent s’éleuer au deſſus de

529 1050 3345 330 leur condition, & s’allier cõme

530 1369 3333 315 i’ay fait à la maisõ d’vn Gentil¬

524 1684 3357 321 homme. La nobleſſe de foy eſt

535 1986 3351 306 bõne: c’eſt vne choſe conſide¬

536 2326 3351 290 rable aſſurement, mais elle eſt

538 2618 3346 386 acõpagnée de tant de mauuai¬

543 2949 3357 333 ſes circonſtances, qu’il eſt tres-

549 3270 3351 309 bon de ne s'y point froter. Ie

556 3558 3345 390 ſuis deuenu là-deſſus ſçauant à

550 3882 3353 382 mes dépens, & connois le ſty¬

556 4198 3357 386 le des Nobles lors qu’ils nous

558 4522 3343 298 font nous autres entrer dans

563 4830 3350 390 leur famille. L’alliance qu’ils

573 5158 3338 386 font eſt petite auec nos per¬

587 5462 3332 310 ſonnes. C’eſt noſtre bien ſeul

598 5757 3326 389 qu’ils épouſent, & i’aurois

586 6096 3344 377 bien mieux fait, tout riche que
