4089 7536
1249 232 905 333 Comedie.

3178 314 282 301 37

61 525 3425 413 choſe! I'amene icy ma fille

56 847 3431 471 pour éclaircir l’affaire en pre¬

61 1174 2679 343 ſence de tout le monde.

915 1554 1373 226 CLITANDRE.

268 1791 3214 374 Eſt ce donc vous, Madame,

58 2112 3422 430 qui auez dit à voſtre mary que

58 2441 2899 320 ie ſuis amoureux de vous?

821 2825 1667 282 ANGELIQVE.

263 3114 3204 340 Moy, & comment luy au¬

66 3412 3417 427 rois-ie dit? Eſt-ce que cela eſt?

63 3739 3417 426 Ie voudrois bien le voir vray¬

57 4051 3427 416 ment que vous fuſſiez amou¬

49 4370 3436 438 reux de moy. Ioüez vous-y, ie

46 4721 3428 399 vous en prie, vous trouuerez à

46 5020 3441 448 qui parler. C'eſt vne choſe que

47 5332 3425 456 ie vous conſeille de faire. Ayés

48 5683 3416 409 recours pour voir à tous les dé¬

52 5983 3406 459 tours des Amans. Eſſayez vn

41 6318 3405 448 peu par plaiſir à m'enuoyer des

2471 6769 223 211 D
