4042 7369
1369 196 897 325 Comedie.

3188 221 233 282 25

588 543 2296 247 Mr DE SOTENVILLE.

361 776 3070 387 Tout beau. Prenez garde à

76 1100 3354 412 ce que vous dites. Ma fille eſt

71 1424 3366 397 d’vne race trop pleine de vertu

65 1732 3378 413 pour ſe porter iamais à faire

75 2053 3361 316 aucune choſe dont l’honneſte¬

86 2369 3353 352 té ſoit bleſſée, & de la maiſon

79 2671 3360 368 de la Prudoterie, il y a plus de

91 3033 3342 380 trois cens ans qu'on n'a point

86 3322 3347 344 remarqué qu’il y ait eu de fem¬

104 3640 3354 400 me, Dieu mercy, qui ait fait

82 3998 1310 343 parler d’elle.

597 4320 2315 223 Mr DE SOTENVILLE.

398 4561 3057 346 Corbleu, dans la maiſon de

101 4877 3348 336 Sotenuille on n’a iamais veu de

111 5201 3346 380 coquette, & la brauoure n’y

125 5501 3326 399 eſt pas plus hereditaire aux

120 5825 3322 396 maſles, que la chaſteté aux fe¬

134 6178 721 262 melles.

2513 6520 192 204 C
