4042 7200
625 791 2652 258 Extrait du Priuilege du Roy.

582 1212 3069 294 Ar grace & priuilege du Roy, donné

592 1481 3067 229 à Paris le dernier iour de Septembre

264 1242 276 474 P

258 1674 3411 258 1668. ſigné par le Roy en ſon Conſeil GVI¬

259 1939 3389 235 TONNEAV. Il eſt permis au Sieur de MO¬

256 2155 3424 239 LIERE de faire imprimer, vendre & debiter

260 2383 3408 247 vne Comedie par luy composée intitulée Geor¬

198 2604 3459 216 ge Dandin, ou le mary confondu, pendant

249 2823 3408 231 ſept années, & defenſes ſont faites à tous

253 3055 3397 235 autres de l’imprimer, ny d’autre édition

252 3270 3405 234 que celle de l’Expoſant, ou de ceux qui

254 3503 3389 227 auront droit de luy, à peine de trois mille

259 3711 3384 207 liures d’amende, confiſcation des exem¬

255 3951 3381 239 plaires contrefaits, & de tous dépens,

256 4171 3384 255 dommages, & intereſts, comme il eſt plus

252 4400 2961 242 amplement porté par leſdites lettres.

421 4839 3220 190 Ledit Sieur de MOLIERE a cedé ſon droit

266 5047 3372 267 de Priuilege à IEAN RIBOV Marchand

266 5275 3348 219 Libraire à Paris, ſuiuant l’accord fait en¬

258 5528 589 150 tre eux.

443 5955 3009 226 Regiſtré ſur le liure de la Communauté.

544 6171 2768 246 Signé, A. SOVBERON, Syndic.
