4267 5696
1118 233 3325 397 TRAGI-COMEDIE. 5

545 414 2910 611 Tigrane mon cher frere, avec ſa Polixene,

534 575 3330 777 Se ſauue dans ces Murs, dont la priſe eſt certaine;

550 750 2669 933 Et Tiridate alors, fauoriſé de Mars,

539 917 3120 1109 Plante ſes Pauillons au pied de ces ramparts.

560 1088 3301 1281 Mais pourquoy vous compter vn ſi triſte voyage,

547 1233 3362 1447 Puis qu'außi bien que moy vous eſtes dans l’orage?

572 1417 3070 1615 Et que vous aueZ veu les inſignes malheurs

566 1583 3379 1779 Qui perdent ma patrie, & qui cauſent mes pleurs?

569 1745 2850 1943 Si l'eſperance meſme à la fin m'eſt rauie,

566 1924 2949 2123 VoyeZ ſi i'ay raiſon d’abandonner la vie?

1380 2187 2535 2321 CASSANDRE.

570 2420 3267 2611 Mais le Roy ſçait-il bien que vous n'ignorez pas,

565 2591 3088 2783 L'aueugle mouuement qui guide icy ſes pas?

1467 2856 2455 2981 ORMENE.

578 3088 3202 3283 Mon viſage abatu dans le mal qui me touche,

594 3260 3313 3443 Et mes ſoûpirs frequens ont parlé pour ma bouche:

595 3424 3202 3615 Mes yeux ont aſſeZ dit la douleur que ie ſens;

590 3590 3189 3783 Mais touſiours le reſpect a regné ſur mes ſens.

1506 3862 2439 3999 HECVBE.

594 4096 2763 4293 L'exceZ en toute choſe eſtant illegitime,

591 4265 2790 4455 Voſtre facilité, fait peut-eſtre ſon crime.

1495 4540 2482 4675 ORMENE.

604 4752 3300 4971 Quelque injuſte rigueur qu'il exerce enuers moy,

605 4921 3411 5147 Ie me ſouuiens qu’il eſt mon eſpoux, & mon Roy.

2759 5118 3044 5258 A iij
