4267 5704
1127 274 3292 444 TRAGI-COMEDIE. 7

1386 552 2380 681 ORMENE.

484 794 3271 982 Non, non, ſi le Roy change il n'en eſt point blaſmable;

467 962 3064 1154 Pourquoy m'aimeroit-il? ie ne ſuis pas aimable;

1300 1228 2470 1359 CASSANDRE.

488 1470 2985 1658 Et pourquoy vous conduire en ce triſte fejour?

1383 1736 2344 1867 ORMENE.

462 1983 2882 2158 Par maxime d'Eſtat il ſouffre mon amour:

478 2145 2907 2330 Il craint qu'eſtant abſent, vne femme irritée

483 2313 2905 2486 Ne ſouſleue des gens dont elle eſt reſpectée;

463 2472 3268 2656 Mais Ciel, qu'il connoiſt mal à quel point eſt chery,

458 2643 2880 2820 Par la femme d'honneur vn illuſtre mary!

470 2810 3091 2990 Malgré ſon changement, & ſon meſpris encore,

481 2968 3089 3172 (Dieux ne m'eſcoutez point) mes filles, ie l'adore;

475 3144 1962 3316 Et ie ne fay de vœux.....

1426 3404 2334 3531 HECVBE.

1807 3647 2921 3822 Madame, le voicy :

1338 3976 2318 4105 ORMENE.

459 4307 2895 4500 Rentrons, ſon œil me dit que ie m'oſte d’icy.
