4267 5575
873 241 923 318 6

1742 236 2784 368 DISCOVRS

971 348 3750 551 Tyridate ayant reduit Tygrane & Polyxene dans Amaſie, l'emporte

860 445 3747 651 d'aſſaut. Ce n’eſt pas aſſez, il faut qu’il ait cette femme & ce mary, qui

857 549 3743 749 ſont les obiects de ſa haine & de ſon amour, & les cauſes de la guerre.

857 645 3736 829 Au meſme inſtant le mal-heur de ces fidelles Amans les fait tomber entre

857 751 3737 949 ſes mains; ce n’eſt pas encore aſſez pour ſa felicité, s’il ne poſſede Polyxe¬

860 851 3734 1043 ne, & s’il ne fait mourir ſon mary; de ſorte qu’il ſe reſout à ces violences,

857 953 3729 1147 & ces deux Amans à la mort: Tygrane demande du poiſon à ſa femme,

854 1053 3726 1257 elle luy en enuoye, Tyridate le ſurprend, & par vn billet mal expliqué,

853 1155 3727 1345 croyant que c’eſt à ſa vie que l’on en veut, & changeant ſon amour en hai¬

846 1257 3718 1455 ne, il delibere de les faire mourir; Il s’y reſout; Il en prononce l’Arreſt;

841 1359 3725 1555 Voila ce me ſemble le dernier periode de l'action, au deça duquel elle ne

836 1459 3724 1657 deuoit pas s’arreſter; & au delà duquel elle ne pouuoit pas croiſtre ſans

832 1563 3726 1759 eſtre changée, & c’eſt là auſſi que le Poëte la termine, & que le frere de

829 1663 3723 1859 Polyxene qui ſurprend le Tyran, change le mal-heur de ces Amans en vn

824 1767 3714 1963 ſupréme bon-heur, & la felicité de Tyridate en vn mal-heur ineſperé, d’où

833 1869 3713 2067 pourtant il ſort, par la recognoiſſance de ſes fautes, & par la bonté de

814 1966 2263 2113 ceux qu’il auoit iniuſtement offenſez.

903 2069 3711 2265 Ie ne parle point icy d’Oroſmane, ny d’Ormene, quoy que ces deux

796 2166 3712 2365 perſonnes ſeruent beaucoup à rendre la grandeur de ceſte Tragedie plus

803 2266 3711 2457 complette, & qu’ils facent vne partie principale de ſon dénoüement, &

804 2360 3692 2554 de ſa connexion; c’eſt vn plaiſir que ie reſerue aux Lecteurs ſans y tou¬

797 2462 3697 2661 cher, & qui leur fera remarquer combien ſont ingenieux, l'artifice & la

810 2571 2968 2722 conduitte du Poëte.

879 2671 3695 2863 Certes quand ie conſidere la regularité auec laquelle ceſte action eſt

798 2768 3692 2965 portée iuſques à ſon dernier periode, il faut que ie confeſſe que i'en ſuis

795 2872 3686 3066 rauy, & que ie die qu’Ariſtote n’a pas mieux enſeigné, que Monſieur de

787 2972 2486 3132 Scudery a ſuiuy exactement ſes preceptes.

868 3079 3682 3270 La ſeconde regle que le Philoſophe laiſſe, pour la grandeur de la Tra¬

781 3178 3669 3370 gedie, eſt celle que nos Dramatiques appellent des vingt-quatre heures,

784 3278 3678 3472 d’autant que l’action ſe paſſe dans le temps, & que ſelon le temps qu’il luy

775 3378 3679 3570 faut pour s’acheuer, elle peut eſtre appellée, ou grande, ou petite, ou ex¬

772 3478 3666 3668 ceſſiue; ceſte regle à ce que veut Ariſtote, a eſté trouuée, pour ſoulager

775 3574 3661 3768 la memoire des Spectateurs, & comme les actions de pluſieurs années, ou

774 3678 3654 3874 de pluſieurs iours, auroient eu trop d’eſtendue, de ſorte que la memoire

769 3780 3657 3972 ne les euſt pas peû retenir ſans effort, & qu’au contraire celles de quel¬

764 3882 3654 4076 ques heures ne l’auroient pas aſſez occupée; le Philoſophe a iugé à pro¬

767 3980 3649 4180 pos d’enfermer la grandeur de l’action dans l’eſpace d’vne iournée, &

761 4078 3642 4284 voulu que les éuenemens qui pourroient arriuer entre deux Soleils, fuſ¬

760 4186 1899 4332 ſent les limites de la Tragedie.

837 4290 3635 4484 Et certes, outre le trauail & l’attention qu’il euſt fallu apporter, à voir

750 4388 3634 4584 repreſenter les actions de pluſieurs années, qui euſſent troublé la me¬

753 4492 3635 4694 moire des Auditeurs & laſſé leur patience, ce n’auroit plus eſté vn Art

744 4590 3628 4793 que de compoſer des Tragedies. Les Epiſodes qu’Ariſtote conſeille ſi fort, &

743 4692 3623 4895 qu’il faut traitter ſi delicatement, en auroient eſté bannis, il n’auroit plus
