4267 5717
1143 200 2620 361 TRAGI-COMEDIE.

3170 241 3292 348 13

515 1100 3261 1480 SCENE

892 1565 2838 1783 TROISIESME.

495 1950 3300 2142 PHRAARTE, OROSMANE, deux GARDES,

784 2124 3017 2296 TIRIDATE, PHARNABASE,

1426 2436 2531 2580 PHRAARTE.

1133 2710 3314 2894 EIGNEVR, il nous a dit qu'en cette

1299 2897 1876 3036 extremité,

1128 3043 3015 3237 Il deſiroit parler à voſtre Maieſté.

1312 3375 2433 3507 OROSMANE.

509 3702 2628 3893 Impitoyable fils, ta haine eſt aſſouie;

514 3862 3123 4057 Tu tiens en ton pouvoir, mon Eſtat & ma vie;

517 4030 3126 4219 Et le ſort fauorable aux vœux du plus puiſſant,

508 4202 2876 4391 A fouſtenu ton crime, & perdu l'innocent.

518 4366 3119 4561 Il ſemble que les Dieux ont changé de nature,

539 4537 3022 4727 Ou que tout icy bas n'aille qua l'aduenture,

526 4700 3213 4891 Puis qu'on void l'iniuſtice en ce degré qu'elle eſt,

539 4872 2952 5071 Et la vertu ſoumiſe à tout ce qui luy plaiſt.

2726 5036 3009 5170 B iij
