4267 5575
1988 808 2098 921 A

654 980 3392 1395 MESSIEVRS

886 1364 3171 1645 DE L'ACADEMIE

1262 1666 2843 1931 FRANÇOISE.

1271 2025 2350 2168 ESSIEVRS,

783 2631 3414 2871 Puis que vous eſtes les Iuges de nos belles Lettres,

627 2793 3423 3039 Que par voſtre moyen la France n'a plus rien à enuier

623 2956 3425 3202 à la Grece & à l'Italie; Que vous rendeZ Paris außi

600 3120 3426 3363 fameux que Rome & Athènes; & que voſtre Com¬

624 3281 3411 3512 pagnie donne à noſtre Siecle des Poëtes & des Ora¬

624 3440 3424 3685 teurs außi parfaits que ces Anciens, dont la memoire

587 3594 3409 3846 ſera touſiours en veneration: Il y auroit eu de l'iniu¬

590 3757 3420 4011 ſtice de ne vous pas dedier cette Critique, & de la pre¬

584 3918 3419 4175 ſomption de determiner de ſon prix, ſans vous en auoir

614 4082 3409 4337 conſulteZ auparauant. Nous ſommes en vn temps où

612 4244 3421 4497 tout le monde croit auoir droit de iuger de la Poëſie, de

624 4404 3421 4658 laquelle Ariſtote a fait ſon chef-d'œuure; Où les ruel¬

630 4557 3406 4827 les des femmes ſont les Tribunaux des plus beaux ou¬

617 4743 3401 4984 urages; Ou ce qui fut autrefois la vertu de peu de per¬

592 4881 3408 5151 ſonnes, deuient la maladie du peuple, & le vice de la

614 5046 3407 5316 multitude. Mais parmy tant de corruption il y a enco¬

2880 5297 3065 5406 ẽ ij
