4267 5708
908 246 3381 434 12 L'AMOVR TIRANNIQVE,

921 412 3415 620 Et vous n'eſtes ſerui dans ce mauuais deſſein,

919 583 3528 780 Que parce qu'vn ſujet doit tout au Souuerain.

1875 865 2754 996 TIRIDATE.

919 1082 3444 1290 Soit qu'on me ſuiue icy, par amour, ou par force,

920 1261 3557 1456 L'eſpoir d'vn grand butin, eſt vne belle amorce:

925 1431 3495 1626 Et puis, leur volonté ne fait pas mes deſtins,

917 1597 3726 1794 Ie ſuis Maiſtre, & mon bras ſçait punir les mutins.

1693 1880 2900 2007 PHARNABASE.

917 2109 3480 2300 Eſprit du grand Hermon, ſi ton œil me regarde;

910 2276 3423 2464 Si tu vois le depoſt que tu mis en ma garde;

909 2438 3637 2630 Sois teſmoin qu'auiourd'huy ma voix a combatu,

901 2600 3420 2798 Les ſentimens d'vn fils qui n'a pas ta vertu;

908 2772 3703 2970 Et ſi l'ire des Dieux dans quelque temps l’accable,

903 2934 3711 3126 Grand Prince, ſouuiens toy qu'il en fut ſeul coupable.

1865 3213 2768 3332 TIRIDATE.

897 3436 3361 3634 Vous meſme. Pharnabaſe, ayeZ le ſouuenir

903 3607 3320 3804 Qu'vn diſcours inſolent ſe peut faire punir.

908 3766 3661 3966 Chacun vit à ſa mode dans l'heur que i'eſpere,

905 3938 3409 4138 Ie ne me regle point au Regne de mon pere:

917 4108 3702 4308 Ce qui fut bon pour luy, ſeroit mauuais pour moy;

920 4272 3397 4472 En vn mot il regnoit, & ie penſe eſtre Roy.

913 4447 3529 4640 Mais le faſcheux objet que le Deſtin m'enuoye!

925 4602 3717 4810 Dieux par quelle raiſon ſouffrez-vous qu'il me voye?
