4267 5717
1131 256 3280 394 TRAGI-COMEDIE. 11

478 421 3187 618 Tous les Princes voiſins prenant part à l'affront;

495 595 3314 783 Contre tant d'ennemis, que peut vn Roy de Pont?

1424 874 2315 990 TIRIDATE.

511 1107 3318 1289 Mais que ne peut-il point? & que peuuent les autres?

520 1271 3041 1455 Quels efforts ſuffiront à s'oppoſer aux noſtres?

532 1443 2662 1623 El quel de mes voiſins oſera conceuoir

537 1609 3045 1789 Le penſer ſeulement de choquer mon pouuoir?

536 1751 2813 1954 Apres ce coup d'eſſay de ma force infinie,

533 1941 2886 2125 Qu'on arme contre moy toute la Bithinie,

550 2109 2771 2286 Et que le Frigien aide à mes ennemis,

557 2281 3034 2451 Si ie veux tourner teſte, on les verra ſoumis.

555 2443 3353 2627 Non, non, rien deſormais ne peut ternir ma gloire;

548 2583 3029 2785 La victoire me ſuit, & tout ſuit la victoire:

557 2759 3258 2946 Les ſujets d Oroſmane, & vaincus, & charmez,

558 2939 2875 3125 Seruent contre celuy qui les auoit armeZ;

563 3093 2898 3289 Du debris de ſon camp le mien ſe fortifie.

1336 3377 2553 3505 PHARNABASE.

577 3594 3262 3804 Le vaincu peut tromper le vainqueur qui s'y fie.

1524 3888 2403 4014 TIRIDATE.

579 4098 2888 4309 Sur le moindre ſoupcon, vne iuſte rigueur

570 4266 3385 4485 Perdra tous les vaincus pour ſauuer le vainqueur.

1351 4559 2567 4701 PHARNABASE.

597 4776 3292 4991 Vos gens auec douleur ſemblent porter les armes,

582 4938 3392 5167 Quand ils verſent du ſang, ils reſpandẽt des larmes,

2772 5172 2982 5306 B ij
