4267 5671
932 261 3447 427 4 L'AMOVR TIRANNIQVE,

945 433 3681 617 Et qui par ſes regards me fit bien-toſt connaiſtre,

949 603 3651 781 Et ma perte, & l'amour, & l'œil qui le fit naiſtre.

1721 866 2881 994 CASSANDRE.

948 1107 3506 1289 Fut-elle fauorable aux vœux d'vn ſuborneur?

1820 1372 2796 1500 ORMENE.

928 1615 3661 1791 Pour faire cette faute, elle aimoit trop l'honneur:

941 1783 3353 1959 Au contraire, i'apris que ce noble courage,

941 1953 3507 2125 Repouſſa cet affront par vn ſanglant outrage,

951 2121 3446 2291 Et que par vn meſpris & iuſte & genereux

952 2286 3326 2453 Elle impoſa ſilence à ce Prince amoureux.

1836 2536 2744 2664 HECVBE.

930 2783 3601 2955 Ie ne demande plus qui fait prendre les armes,

971 2949 3475 3121 Et ie ne cherche plus la ſource de vos larmes.

1821 3208 2805 3332 ORMENE.

966 3448 3128 3625 Apres auoir tenté mille fois ſes appas,

966 3609 3726 3791 Le Roy quitte mon pere, & rentre en ſes Eſtats:

966 3787 3680 3957 Il arme ſourdement; & puis comme vn tonnerre,

964 3943 3351 4129 Il vient porter icy la frayeur & la guerre:

967 4107 3567 4291 Et pour donner couleur au deſſein qu'il a pris,

965 4269 3491 4459 Il accuſe mon pere, il ſe plaint d'vn meſpris;

971 4443 3501 4625 Et parmy nos voiſins luy ſuppoſe des crimes,

955 4611 3450 4795 Pour faire croire à tous ſes armes legitimes:

976 4776 3046 4957 Oroſmane ſurpris en cette extremité,

980 4929 3414 5125 Donne, & perd la bataille, auec la liberté.
