4267 5517
1840 341 2772 473 EPISTRE.

848 494 3617 697 re des lieux qui ſeruent d’Aſyles aux bonnes Lettres.

851 658 3632 855 Il y a des perſonnes de ſcience & d'integrité; Et des

856 821 3629 1020 Iuges auſquels on peut appeller de la mauuaiſe opi¬

850 981 3622 1179 nion du vulgaire, & de la perſecution des demi-ſça¬

849 1142 3629 1342 uans. Comme ie travaille pour la ſeule gloire des let¬

852 1305 3637 1501 tres, & que te ſouhaitterois que mes fautes deuinſſent

838 1458 3640 1666 publiques, afin qu'elles peuſſent profiter; I'ay deu ſans

855 1624 3647 1822 doute chercher ces excellens hommes qui ont conſerué

859 1782 3651 1988 le bon ſens malgré la contagion, & leur envoyer mes

863 1952 3648 2146 Remarques, afin qu'ils en prononçaſſent ſouueraine¬

859 2107 3657 2301 ment l'Arreſt. Et d'autant qu'il n'y a point d'Aſſem¬

861 2260 3653 2460 blée en l'Europe où le nombre de ces grands Genies ſe

868 2421 3664 2624 rencontre plus aiſément que dans la voſtre, C'eſt auec

872 2577 3655 2784 raiſon que ie vous demande la cenſure, ou l'approba¬

873 2745 3665 2946 tion de cette Critique que ie vous dedie. Ce n'eſt pas

881 2902 3666 3103 que ie mette en doute la perfection de l'ouurage de

882 3060 3669 3270 Mr de Scudery, ny que ie craigne que voſtre ſenti¬

890 3198 3675 3425 ment ne ſoit celuy de toute la Cour: mais ie pourrois

893 3380 3686 3580 auoir mal travaillé ſur vn beau ſujet; & c'eſt dequoy

896 3543 3675 3746 ie veux m'eſclaircir en vous la preſentant. Receuez-

898 3698 3682 3914 la, s'il vous plaiſt, auec autant de candeur, que ie

907 3856 3693 4073 vous l'offre; & laquelle ie ne profeſſe pas ſeulement

908 4024 3692 4233 dans mes ouurages, mais encor dans mes amitieZ, &

914 4186 3260 4395 dans toute l'inſitution de ma vie. le ſuis,

926 4545 2233 4686 MESSIEVRS,

2413 4775 3692 4897 Voſtre tres-humble, & tres-

2526 4901 3415 5011 obeïſſant ſeruiteur,

2428 5002 3703 5132 SILLAC D’ARBOIS.
