4267 5579
1233 239 3382 391 DE LA TRAGEDIE. 5

491 380 3383 553 pluſieurs Regions, ils croyoient auoir fait vn excellent Poëme Dramati¬

496 560 669 644 que

1504 603 2160 709 – – Poſt hoc

1268 697 2599 819 ſerui cadat an recto ſtet fabula talo.

576 896 3383 1036 Nous auons cette obligation à Monſieur Mairet, qu’il a eſté premier

507 998 3378 1138 qui a pris ſoin de diſpoſer l'action; qui a ouuert le chemin aux ouurages

508 1098 3389 1244 reguliers par ſa Siluanire, & qui a ramené la maieſté de la Tragedie, dans

513 1200 3394 1340 ſa Sophoniſbe, eſtant vray de dire de luy, qu’il eſt nay pour la gloire de

512 1302 3397 1430 noſtre Siecle, & de la Poëſie de noſtre Nation. Vn peu apres l’on repre¬

515 1400 3392 1544 ſenta auec applaudiſſement la mort de Cæſar, de Monſieur de Scudery;

518 1502 3401 1642 Poëme certainement incomparable en ſon eſpece, & qui ſans doute le ſe¬

521 1604 3400 1742 ra toujours, tant la force des penſées, & la magnificence des vers, le ren¬

524 1702 3403 1848 dent digne de la maieſté de la vieille Rome, & tant il eſt regulier en toute

523 1806 3408 1950 ſon œconomie. Depuis eux, quelques vns de nos Autheurs, ayans appris

522 1904 3409 2050 dans vne eſtude plus exacte de l'Art Dramatique, combien la Fable eſtoit im¬

522 2004 3413 2146 portante, & abſolument neceſſaire à la perfection de la Tragedie, en fin

527 2104 3406 2250 nous ont donné pluſieurs beaux Poëmes, & reparé heureuſement leurs

534 2240 1207 2342 premiers deffauts.

617 2306 3420 2439 Ie me ſuis vn peu eſtendu ſur les loüanges de la Fable, auparauant que

532 2402 3423 2538 d’en faire la recherche dans l’ouurage de mon amy, afin de monſtrer com¬

533 2502 3422 2636 bien elle eſtoit neceſſaire, & combien il merite de gloire, puis qu’il l’a ſi

532 2626 1023 2734 bien traittée.

611 2712 3424 2849 C’eſt ce que ie pretends remarquer ſur ſon ouurage, & à quoy vne par¬

542 2829 1789 2950 tie de ce Diſcours ſera employée.

621 2914 3422 3049 Il eſt impoſſible qu’on puiſſe appeller vne choſe belle, ſi elle n’a l’or¬

542 3014 3437 3150 dre & la grandeur qui ſont conuenables & proportionnées à ſa nature. En

545 3116 3436 3252 tant plus elle approche de ce periode de grandeur, tant plus elle eſt parfaite;

552 3218 3430 3350 comme au contraire elle eſt plus defectueuſe, plus elle s’en eſloigne, ou par

556 3302 3435 3450 l'excés, ou par le deffaut. Les grands hommes ſont beaux, mais les Nains &

559 3431 1496 3518 les Geans ſont difformes.

640 3514 3439 3647 Il en eſt de meſme de la Fable, qui contient la grandeur de la Tragedie, &

557 3616 3436 3750 comme les corps ne peuuent eſtre beaux, ſans la grandeur, de meſme la

560 3718 3435 3852 Tragedie ne peut eſtre belle, ſi elle n’eſt grande, & ſi elle n’arriue à ce ſu¬

563 3818 3434 3954 préme periode qui luy eſt propre, & au delà duquel ſa nature ne luy ſouf¬

564 3934 2127 4052 friroit pas de paſſer ſans eſtre defectueuſe.

643 4024 3440 4155 Quoy qu’Ariſtote laiſſe la meſure de ceſte grandeur au iugement des Poë¬

570 4120 3433 4256 tes, c'eſt toutefois auec de certaines regles où il les reſtraint. Il penſe donc

567 4222 3446 4354 que l’action puiſſe croiſtre, & eſtre continuée, iuſques à ce qu’il ſoit ab¬

570 4324 3445 4458 ſolument neceſſaire, ſelon l’ordre des choſes que l’on repreſente, d’y ap¬

585 4426 3446 4558 porter le changement qui en eſt le dernier terme: comme lors que la bon¬

596 4524 3442 4660 ne fortune ſe change en mal-heur, ou que le mal-heur ſe change en felicité.

694 4624 3439 4763 Il ne faut point d’autre exemple que l’Amour Tyrannique, pour eſclaircir

595 4726 2970 4866 ceſte doctrine, & pour faire voir par là combien il eſt regulier.

2988 4832 3185 4944 A iij
