4267 5575
1528 1286 2621 1402 DISCOVRS

543 1505 3409 1782 DE LA TRAGEDIE,

1851 1873 2012 1955 OV

525 2068 3406 2237 REMARQUES SVR L’AMOVR TY¬

1076 2214 2847 2379 rannique de Monſieur de Scudery.

818 2431 2971 2604 Par Monſieur de SILLAC D'ARBOIS.

1197 2703 3392 2821 ’AMOVR Tyrannique de Monſieur de Scudery, eſt vn

1197 2800 3395 2917 Poëme ſi parfait, & ſi acheué, que ſi le temps n’euſt

1188 2904 3396 3010 point enuié au ſiecle du CARDINAL DE RICHELIEU,

1174 3008 3396 3125 la naiſſance d’Ariſtote, ou que Monſieur de Scudery euſt

1172 3099 3393 3213 eſcrit ſous l’Empire d’Alexandre; ie penſe auec raiſon

1181 3209 3384 3319 que ce Philoſophe auroit reglé vne partie de ſa Poëti¬

1167 3307 3389 3417 que ſur ceſte excellente Tragédie, & qu’il en auroit tiré

498 3396 3388 3525 d’auſſi beaux exemples, que de celle d’Oedipe, qu’il eſtimoit ſinguliere¬

501 3520 718 3571 ment.

574 3596 3387 3721 Depuis que ce diuin homme, ayant remarqué tous les deffauts des Poe¬

490 3698 3384 3829 tes Grecs, & reduit en Art ce qu’il trouuoit d’excellent dans leurs ouurages,

485 3798 3388 3923 nous a enſeigné quelle opinion nous deuions auoir des Poëmes d'au¬

486 3898 3385 4027 truy, & ce qu’il falloit ſuiure dans les noſtres; il ne ſe trouuera peut-eſtre

479 4000 3376 4128 pas vn des Dramatiques, qui ait ſi bien profité de ſes Remarques, ny ſi

477 4096 2699 4220 fidellement ſuiuy ſes preceptes que Monſieur de Scudery.

562 4202 3379 4328 Si ie donnois ce Diſcours à vne ambition Crytique, pluſtoſt qu’au meri¬

475 4300 3376 4426 te de mon amy, & à la iuſtification de ſon Poëme, i’aurois icy lieu de fai¬

489 4402 3363 4532 re vn grand examen des Tragiques, & d’amener beaucoup de difficultez,

492 4488 3359 4636 de citations, & d’exemples: Mais comme i’eſcris ſeulement pour ſa gloire,

487 4598 3332 4736 ie me contenteray de faire voir les beautez de ſon ouurage, ſans obſer¬

482 4690 3351 4836 uer les vices des autres, & ſans eſtablir ſa reputation ſur leurs ruines;

484 4792 3358 4938 & i'auray aſſez fait, ſi ie confirme les Doctes dans l’eſtime qu’ils font de ce

2990 4937 3057 5010 A
