4267 5717
1047 273 3268 434 TRAGI-COMEDIE. 15

1372 559 2388 698 TIRIDATE.

485 799 2790 982 Tiridate veut viure, ainſi qu'il a veſcu;

486 972 3210 1164 Ne vaincre qu'à demy, c'eſt n'auoir pas vaincu:

482 1140 3143 1308 Tour arreſter mon bras, cette feinte eſt großiere:

499 1304 3043 1504 Que l'ennemy ſe rende, ou morde la poußiere:

505 1473 2834 1662 Et s'il veut obtenir quelque pitié de nous,

512 1642 3190 1840 Qu'il quitte ſes ramparts, & paroiſſe à genoux.

1334 1908 2465 2043 OROSMANE.

3342 2140 3724 2234 Il feint d'y

3346 2230 3576 2306 reſuer.

515 2153 2946 2344 Soit; pour faire ceder ſa fortune à la tienne,

523 2320 3074 2508 Souffre que ie le voye, & que ie l'entretienne:

1422 2580 2439 2705 TIRIDATE.

529 2828 3039 3000 Allez faire ranger mes gens de toutes parts,

531 2996 3164 3171 Et qu'on le meine apres au pied de ces ramparts;

536 3159 2902 3339 Faites ſommer ce fils de parler à ſon pere:

534 3326 3059 3497 Mais ſi leur entretien n'eſt tel que ie l'eſpere,

545 3472 3037 3667 Et que cet orgueilleux perfide en ſon deſſein,

537 3654 3352 3831 Qu'on luy mette à l'inſtant vn poignard dans le ſein.

526 3815 3046 4000 Phraarte, il ſuffira d'en faire bien la feinte;

549 3987 3255 4169 Car ie veux ſeulement l'eſmouuoir par la crainte;

543 4158 3197 4339 Si ſon fils ne ſe rend, ſans luy faire aucun mal,

3379 3882 3701 3962 Il le rap¬

3380 3964 3756 4055 pelle, & luy

3381 4049 3715 4145 parle bas.

549 4328 3274 4503 Qu'on donne à l'heure meſme vn aſſaut general:

560 4497 2812 4677 Il paroiſt ſur la Tour, alleZ en diligence

558 4662 3085 4837 Preparer les moyens d'vne illuſtre vangeance:

569 4817 2909 5013 Le voila, depeſchez, contenteZ mon eſprit,

573 4998 3086 5195 Et ne manqueZ à rien de ce que i'ay preſcrit.
