4267 5692
1055 272 3677 474 18 L’AMOVR TIRANNIQVE,

1040 452 3774 648 Il ſemble que mon cœur, comme vous le traittez,

1049 617 3456 810 Ne veüille prendre part qu'à vos felicitez!

1044 784 3655 980 Qu'il ne veut point courir vos diuerſes fortunes,

1051 951 3682 1145 Et ſe donner la couche, & la tombe communes?

1046 1125 3560 1311 Non, non, croyeZ Seigneur, en cette extremité,

1050 1284 3564 1484 Ou le bon-heur, le Sceptre, & l'eſpoir m'eſt oſté,

1049 1454 3701 1648 Que nous ne cedons pointa la vertu d'vn autre;

1061 1623 3554 1817 Et que voſtre Deſtin ſera touſiours le noſtre.

1982 1954 2894 2092 TIGRANE.

1060 2286 3733 2494 O cœur vraiment Royal, ſeul bien d'vn affligé!

1924 2622 2961 2754 POLIXENE.

1050 2949 3459 3146 Vnique objet du mien, vous l'auez outragé:

1043 3124 2648 3303 Mais que veulent ces gens?
