4267 5692
953 244 3547 418 20 L’AMOVR TIRANNIQVE,

948 422 3617 592 Helas! qui de vous trois ſera pancher mon ame,

948 584 3742 766 Sans me combler de peine, außi bien que de blaſme?

964 756 3258 923 O Ciel trop rigoureux contre moy conjuré,

954 917 3321 1092 Voulez-vous que i'agiſſe en fils deſnaturé?

950 1088 3684 1260 Mais außi vouleZ-vous que ie me rende infame,

955 1246 3602 1422 Et que mes laſchetez abandonnent ma femme?

957 1426 3735 1590 Et toy puiſſant Amour qui regnes dans mon cœur,

933 1584 3742 1764 Pourras-tu bien te rendre, & ſouffrir vn vainqueur?

945 1756 3443 1928 O Deſtins ennemis dont la rigueur m'opreſſe!

928 1914 3742 2098 Quoy? faut-il perdre vn pere, ou bien vne Maiſtreſſe?

934 2072 3445 2258 Et dans le triſte eſtat qui me met aux abois,

934 2246 3512 2418 Croyez-vous qu'vn eſprit puiſſe faire ce choix?

938 2412 3512 2584 Ouy, malgré mon amour, malgré ma jalouſie,

924 2578 2986 2745 Inuiſible bourreau de noſtre fantaiſie,

925 2744 3368 2908 La Nature l'emporte, & ce premier deuoir

925 2906 3623 3076 Comme eſtant le plus iuſte, a le plus de pouuoir:

921 3070 3591 3240 Arreſte mal-heureux, garde bien d'entreprendre

933 3240 3555 3408 Ce deteſtable coup, puis que ie me veux rendre.

1790 3498 2909 3619 OROSMANE.

930 3740 3514 3910 Tigrane, oſes-tu bien par crainte, ou par pitié,

928 3906 3198 4079 Meſpriſer la vertu, pluſtoſt que l'amitié?

934 4070 3394 4242 T'aurois-ie fait vn cœur capable de foibleſſe?

941 4238 3348 4416 Oſes-tu prononcer ce diſcours qui me bleſſe?

929 4406 3499 4580 Sçache que mon eſprit ne peut ſouffrir ta vois,

933 4568 3721 4742 Qui veut faire vne injure au ſang de tant de Rois.

925 4738 3551 4916 Parle, as-tu remarqué que i'aime aſſez la vie,

923 4906 3557 5082 Pour craindre laſchement qu'elle me ſoit rauie?
