4267 5575
887 213 2829 373 2 DICOVRS

885 348 3601 514 Poëme, & ſi ie rends tous mes Lecteurs perſuadez de ſon excellence.

970 452 3768 628 Que ſi ie ſuis obligé dans la ſuitte de mon diſcours de comparer à cét

886 550 3768 746 ouurage quelques endroits des Anciens, ce ſera ſeulement pour en appuyer

890 648 3768 824 la deffence: ou s'il arrive qu’il faille les conteſter, ie le feray ſans envie &

890 754 3381 915 ſans affectation, & lors ſeulement qu’il me ſemblera neceſſaire.

965 862 3763 1036 En effet ie n’ay pas deſſein de charger ce Traitté d’vne ſcience inutile,

899 960 2623 1112 ny d’en eſtudier exactement la compoſition.

995 1067 3768 1236 Les Panegyriques ont beſoin des graces de l’Eloquence, & des forces

898 1170 3766 1340 de la Rhetorique, mais non pas les Commentaires; & puiſque i’eſcris de

900 1269 3774 1442 ſmples Remarques ſur l’amour Tyrannique, pluſtoſt que ie n’en fais l’E¬

896 1370 3771 1544 loge, ie laiſſeray le ſoin de l’elocution pour vn autre ſujet, & il me ſuffi¬

895 1475 3775 1646 ra de traitter ceſte matiere auec la ſimplicité, & l’ordre qui ſont neceſſaires

895 1577 1683 1700 au ſtile dogmatique.

972 1680 3782 1854 Toutefois, d’autant que ce ſtile eſt d’ordinaire eſpineux, & que l’ordre tout

896 1783 3784 1956 ſimple eſt ſec & ſterile, ce ne ſera pas ſans temperer en quelques lieux ceſte

894 1883 3782 2066 dureté & ceſte ſechereſſe, & ſans donner quelque choſe à la volupté de

890 1985 1180 2093 l'eſprit.

971 2088 3779 2264 Auparauant que de commencer à iuger de ceſte Tragedie, (c’eſt ainſi que

895 2181 3791 2365 nous l’appellerons & non pas Tragi-Comedie, pour les raiſons que nous en

895 2277 3791 2463 apporterons en leur lieu) il faut voir quelle eſt la fin & l’vſage que ſe pro¬

894 2377 3782 2556 poſent ces Poëmes, & ce que le Philoſophe que nous ſuiuons en a enſei¬

898 2477 3780 2664 gné. D’autant que tous les ouurages eſtant plus parfaits, plus ils appro¬

904 2579 3784 2753 chent de leur fin; il nous ſera en ſuitte plus aiſé d’examiner s’il en eſt de

899 2681 3783 2865 meſme de celuy de Monſieur de Scudery, & s’il a ce degré de perfection

903 2789 1747 2918 que nous ſouhaittons.

981 2893 3791 3063 La Muſe tragique s’occupant principalement à eſmouuoir les paſſions

899 2991 3786 3167 des Spectateurs, par les funeſtes Aduantures qu'elle repreſente, Ariſtote

900 3093 3784 3269 a penſé que ſa fin eſtoit de les appaiſer, & de redonner aux Ames la tran¬

908 3187 3784 3369 quilité, & le calme qu’elle leur auoit oſtée. Il a creû que la pitié, & la

908 3299 3789 3469 terreur, eſtant celles qui luy eſtoient propres, elle deuoit les reprimer, &

904 3397 3791 3559 les reduire à vne mediocrité raiſonnable, apres les auoir eſmeuës & ſou¬

895 3489 3787 3663 leuées, & il a appellé ceſte façon d’appaiſer nos Ames, l'expiation, ou ſi

901 3591 3369 3753 nous l’aimons mieux , la purgation des paſſions & des troubles.

989 3695 2609 3838 C’eſtoit de ces paſſions qu’il iugeoit ainſi.

1000 3795 3774 3967 Il ne les mettoit pas au nombre des vices, mais il ne les ſouffroit pas auſ¬

912 3895 3782 4073 ſi parmy les vertus; ſi bien que ſans les deffendre, & ſans les bannir d’en¬

906 3995 3779 4167 tre les hommes, il ſouhaittoit que les Sages en fiſſent vne habitude, & ſe con¬

911 4100 3779 4271 ſeillaſſent auec leur raiſon, iuſques à quel point, & en quel temps ils les

908 4205 2175 4316 deuoient admettre & les receuoir.

1021 4308 3776 4473 Ceſte excellente habitude deuoit naiſtre ſon aduis, de la repreſenta¬

906 4407 3776 4579 tion des Tragedies; & comme à force d’exercer vn Art, l’on s’y rend par¬

904 4503 3778 4677 fait à la fin, de meſme l’on acquiert vne mediocrité des paſſions, lorsqu’on

910 4612 3627 4775 s’accouſtume à voir ſouuent les obiets qui les excitent dans nos eſprits.

985 4705 3769 4891 Les bons Chirurgiens penſent les plus dangereuſes playes, ſans fremir
