4267 5663
823 276 3372 492 2 L’AMOVR TIRANNIQVE,

1250 449 3547 660 Aſſez trop long-temps, ma pauure ame abatuë,

837 621 3344 838 A ſouffert les rigueurs de l'ennuy qui la tuë:

838 783 3455 1006 Aſſez, & trop long-temps, vn infidelle eſpoux

841 953 3342 1170 A meſpriſé ces pleurs qui s’adreſſent à vous.

846 1112 3635 1332 Il eſt temps, ô grands Dieux, de finir mon martire;

847 1287 3346 1502 AccordeZ-moy la mort, puis que ie la deſire:

860 1459 3121 1666 Et ne refuſez pas à ce cœur langoureux,

853 1624 3384 1836 Le remede aſſeüré qui reſte aux mal-heureux.

854 1786 3275 2008 Ie ne demande pas que ma fin ſoit vangée,

857 1950 3636 2170 Car ie ne change point, quoy que l'on m'ait changée:

860 2119 3351 2330 I'aime encor Tiridate inconſtant comme il eſt;

863 2281 3244 2496 Ie croy deuoir haïr tout ce qui luy déplaiſt;

854 2443 3575 2660 Puis qu'il veut mon treſpas, ie le tiens legitime,

869 2609 3470 2822 Et ie veux que ma mort amoindriße ſon crime:

870 2783 3039 2988 Faße le iuſte Ciel en m'oſtant la clarté,

861 2939 3130 3162 Qu'il puiße aimer ailleurs ſans infidelité.

1640 3225 2822 3368 CASSANDRE.

869 3470 3305 3696 Exemple merueilleux de l'amour conjugale,

868 3630 3518 3858 Que vous faites bien voir que rien ne vous egale,

863 3794 3667 4030 Puis que dans les rigueurs, & dans le changement,

890 3968 3306 4192 Ce cœur touſiours conſtant aime ſi cherement.

890 4130 3313 4354 Que voſtre Majeſté s'il luy plaiſt ſe conſole,

898 4302 3210 4523 Et pour ſe conſoler, s'aſſeure en ma parole,

888 4452 3641 4692 Qui luy promet qu'vn iour les Dieux auront pitié

901 4622 3404 4855 Des maux que le Roy fait à ſa chaſte amitié:

905 4813 3069 5025 Et qu'il luy donnera la palme meritée,

906 4978 2900 5189 Adorant la vertu qu'il a perſecutée.
