4267 5654
1121 251 2732 397 TRAGI-COMEDIE.

3304 311 3352 396 3

1516 531 2318 655 HECVBE.

566 776 3349 958 Mais, Madame, ſouffrez que ma compagne & moy

567 936 3282 1128 Sçachions quel eſt l'objet qui charme ainſi le Roy,

582 1104 3171 1281 Nulle Dame à la Cour rien paroiſſant aimee,

560 1270 3306 1452 Peut-il auoir vn feu ſans flame, & ſans fumee?

1454 1537 2441 1664 ORMENE.

577 1770 3248 1960 Las! il n'eſt que trop vray que ſon cœur allumé,

566 1944 2909 2130 Bruſle d’vn feu ſecret dont il eſt conſumé!

571 2112 2914 2290 La flame qui deſtruit la Capadoce entiere,

578 2274 3165 2449 Vient de celle d'amour qui luy ſert de matiere.

568 2436 3030 2615 Ne vous ſouuient-il pas que le Roy vint icy

543 2604 3074 2781 Pour viſiter mon pere, & que i'y vins außi?

562 2766 3339 2944 Il vid pour mon mal-heur, le ſort m'eſtant contraire,

561 2930 2800 3111 La belle Polixene eſpouſe de mon frere,

568 3092 2943 3280 Et ſe laißa charmer a des attraits ſi dous:

1363 3360 2510 3484 CASSANDRE.

558 3588 3325 3786 Elle eſt belle (il eſt vray) mais non pas plus que vous.

1481 3863 2367 3993 HECVBE.

549 4096 3318 4292 Et puis, quelques appas que l'on remarque en elle,

554 4258 2993 4450 Eſtant ſa belle ſœur, ſa flame eſt criminelle.

1447 4537 2422 4672 ORMENE.

544 4756 2869 4960 Il brûla cependant, depuis ce premier iour,

545 4932 3134 5135 D'vn feu qui ſurmonta celuy de noſtre amour,

2738 5139 2975 5272 A ij
