4267 5708
948 173 3550 379 14 L’AMOVR TIRANNIQVE,

973 349 3604 572 Cette main, dont le bruit en ſa gloire naiſſante,

975 519 3721 733 Voila des bords du Tybre, aux nuages du Xanthe;

972 689 3409 903 Qui par tout ſurmonta les obſtacles offerts,

972 851 3768 1076 A laiſſé choir vn Sceptre, & s'eſt ſoumiſe aux fers:

971 1023 3606 1234 Ta fraude, ie l'aduouë, a vaincu ma prudence;

977 1194 3563 1401 I'ay commis vne faute, & i'en fais penitence;

977 1354 3433 1569 Ie me conſume en vain en regrets ſuperflus;

976 1528 3628 1744 N'es-tu pas ſatisſait? & que cherches-tu plus?

978 1694 3796 1918 Veux tu bannir du monde vn innocent beau-frere?

979 1866 3495 2068 Et parce que tu vois que le ſort m'eſt contraire,

975 2018 3237 2234 Ton iniuſte fureur qui m'a tant outragé,

975 2190 3073 2392 Veut-elle doublement affliger l'affligé?

976 2356 3132 2551 Ne te ſuffit-il pas, inexorable Prince,

982 2524 3550 2721 De m'auoir mis aux fers? deſolé la Prouince?

985 2686 3792 2897 Et verſé tant de ſang, qui monte iuſqu'aux Cieux,

977 2852 3767 3060 Pour demander vangeance à l'equité des Dieux?

993 3014 3791 3229 Veux-tu donc qu'vn abiſme, apelle vn autre abiſ¬

1181 3213 1436 3316 me?

1002 3343 3708 3561 Et qu'vn crime en ton ame, apelle vn autre crime?

993 3512 3446 3724 Ha! pardonne à Tigrane, il a trop enduré;

1003 3684 3397 3893 Laiſſe à ce pauure Prince vn aZile aſſuré;

1014 3848 3515 4059 Et ſans pourſuiure encor vn deſſein ſi funeſte,

1008 4014 3642 4233 Souffre que d'vn Royaume, vne vide luy reſte:

1020 4179 3670 4389 C'eſt bien la moindre part qu'vn fils y doit auoir:

1013 4346 3447 4552 Ainſi iamais le ſort n'esbranle ton pouuoir;

1013 4514 3375 4721 Ainſi le Ciel benin puiſſe oublier ta faute,

1014 4678 3573 4894 Et ta main conſeruer le Sceptre qu'elle m'oſte.
