4267 5671
991 332 3481 492 10 L’AMOVR TIRANNIQVE,

1750 604 2961 728 PHARNABASE.

963 833 3618 1020 Seigneur, qui vous inſtruit en de telles maximes?

976 998 3777 1192 CroyeZ vous donc qu'un Roy doiue faire des crimes?

985 1169 3220 1356 Et qu'il luy ſoit permis de violer ſa foy,

980 1333 3681 1520 Comme n'eſtant plus homme, à cauſe qu'il eſt Roy ?

1937 1613 2834 1729 TIRIDATE.

998 1837 3613 2026 Ceux qui tiennent vn rang de puiſſance infinie,

991 2016 3496 2186 Sont inſtruits ſeulement par vn diuin Genie,

1000 2175 3683 2352 Qui fait touſiours ceder au cœur d'un Potentat,

1005 2334 3403 2522 Cette raiſon commune, à la raiſon d'Eſtat.

1826 2606 3014 2730 PHARNABASE.

1015 2828 3432 3028 Croyez, vous donc auoir la fortune proſpere,

1016 2988 3815 3182 Quand vous aureZ deſtruit vn innocent beau-pere?

1027 3159 3718 3360 Croyez vous bien franchir vn pas ſi dangereux?

1023 3316 3818 3524 Et qu'vne iniuſte guerre, ait vn ſuccez heureux?

1975 3599 2869 3723 TIRIDATE.

1038 3817 3659 4030 Ne iugez point des Rois, ame vulgaire & baſſe;

1043 4022 3392 4196 Ne les meſureZ pas auec vne autre race;

1038 4162 3470 4360 Pour les y comparer, ils ſont trop differens,

1056 4318 3831 4520 Les Rois ont des ſuiets, & n'ont point de parens.

1846 4600 3058 4738 PHARNABASE.

1071 4821 3612 5032 Mais ſupoſons enfin que l'on prenne Amaſie,

1076 4976 3857 5196 Vous verreZ ſur vos bras, & l'vne & l'autre Aſie;
