4267 5708
1028 276 3613 459 16 L'AMOVR TIRANNIQVE,

1198 1191 3663 1513 SCENE

1404 1640 3413 1864 QVATRIESME.

1368 1981 3447 2147 POLIXENE, TIGRANE,

1887 2313 2935 2449 POLIXENE.

577 2625 957 2707 Ils ſont ſur

581 2720 950 2795 vn Baſtion.

1581 2632 3794 2817 NFIN Seigneur, enfin, l'eſpoir nous

1738 2797 2394 2942 abandonne,

1578 2972 3786 3145 Et pour me conſeruer, vous perdez la

1739 3133 2338 3260 Couronne:

966 3299 3669 3474 Ha! deſtourneZ ces yeux que ie voy tous en pleurs,

968 3459 3286 3637 Du viſage fatal qui cauſe vos malheurs.

949 3625 3336 3815 PriueZ-le, priueZ-le de cette grace inſigne;

966 3795 3513 3974 Ne le regardeZ plus, puis qu'il en eſt indigne;

964 3961 3398 4141 Ie trouue que chacun a droit de me blaſmer;

961 4131 3644 4308 Mes yeux ont fait vn crime, en me faiſant aimer.

958 4297 3747 4479 Mais Seigneur, dans l'eſtat ou le Deſtin nous

1131 4513 1471 4630 range.

961 4639 3750 4817 Faites que voſtre main me puniſſe & vous vange.

956 4797 3481 4990 Vous pouuez reſtablir voſtre premier bon-heur,

947 4971 3606 5162 Et ſauuer voſtre Eſtat, en ſauuant mon honneur.

3304 5136 3764 5268 Accordez
