4267 5704
1118 204 3268 369 TRAGI-COMEDIE. 21

460 386 2949 591 Et crois tu dans l'eſtat ou te ſuis deuant toy,

439 549 3114 774 Parce que i'ay des fers, que ie ne ſois plus Roy?

456 718 2958 930 Non, des biens ſeulement la fortune ſe joüe;

450 886 2661 1102 Si tu n'es genereux, va, ie te deſauoüe.

1365 1158 2310 1297 TIGRANE.

461 1387 3103 1606 Mais vous pouuoir ſauuer, & ne le faire pas!

1297 1664 2440 1800 OROSMANE.

469 1892 3079 2109 Empeſche noſtre honte, & non pas mon treſpas.

1367 2170 2309 2303 TIGRANE.

479 2390 3215 2599 Et quoy, i'aurois le cœur de vous voir rauir l'ame?

1306 2734 2442 2876 OROSMANE.

473 3050 2936 3262 Regarde ſi ie tremble en voyant cette lame:

1355 3324 2423 3463 PHRAARTE.

3300 3530 3635 3611 Il feint de

3305 3616 3622 3709 le fraper

477 3581 1258 3758 Ha! c'eſt trop!

1403 3834 2327 3965 TIGRANE.

1511 4061 3160 4255 Aſſaßin, arreſte ie me rends:

1294 4397 2412 4545 OROSMANE.

502 4705 2901 4965 L'honneur te le deffend, & ie te le deffends:

496 4877 3277 5107 Va mourir ſur la breſche où l'honneur te demande.

2655 5081 2931 5209 C iij
