4267 5717
1204 341 3327 511 TRAGI-COMEDIE. 9

525 505 2952 697 Vn beau-pere inſolent eſt dans la ſeruitude,

504 677 3209 866 Son fils attend de nom vn traitement plus rude;

507 843 2920 1028 Deja nous le tenons enclos de toutes parts,

505 1011 3238 1202 Et ſes derniers efforts, dans ſes derniers ramparts,

502 1177 3159 1368 Teſmoignent ſa foibleſſe, & ſon humeur altiere:

499 1345 2840 1524 La ville d'Amaſie eſt vn beau Cimetiere;

504 1517 2813 1702 C'eſt icy que mon bras atterre ſon orgueil;

497 1683 2976 1869 Il en fait ſon aZile, & i'en fais ſon cercueil;

492 1849 2813 2040 Il ſuccombe deſia ſous l'effort qui l'accable,

489 2017 3088 2201 Les Beliers ont agi, la breſche eſt raiſonnable,

500 2189 3057 2375 Et le premier aſſaut que ie m'en vay donner,

497 2349 2854 2524 Acheue cette guerre, & me va couronner,

1276 2624 2486 2750 PHARNABASE.

482 2845 3025 3039 La conqueſte ſi prompte eſt bien mal aſſeurée,

477 3007 2964 3201 La fureur des torrens n'eſt iamais de durée:

466 3181 3261 3377 Surprendre vn ennemy c'eſt (pour ne peint flatter)

475 3339 2762 3529 Dérober la victoire, & non pas l’acheter.

468 3495 3167 3712 Quand ſur la foy publique vn Prince ſe repoſe,

457 3661 3176 3874 Qu'il n'a point de ſuiet de craindre aucune choſe,

464 3837 2529 4028 Certes il eſt aiſé d’oprimer ſa valeur,

459 4005 3018 4197 Et toute ſa prudence eſt courte en ce malheur.

1403 4295 2298 4417 TIRIDATE.

465 4515 3237 4722 Vous offenſeZ vn Prince en diſant qu'il ſommeille:

456 4669 3228 4884 Le rang de Souuerain veut que touſiours il veille;

455 4841 2931 5056 Et qui s'aſſeure trop en ce qu'on luy promet,

436 5009 2581 5220 Merite le malheur ou ſa faute le met.

2706 5237 2776 5334 B
