4267 5704
946 266 2554 398 TRAGI-COMEDIE.

3066 322 3210 418 19

468 1184 3231 1492 SCENE

900 1612 2772 1820 CINQVIESME.

463 1983 3261 2137 PHRAARTE, OROSMANE, DEVX

621 2153 3091 2307 GARDES, TIGRANE, POLIXENE,

1285 2469 2359 2593 PHRAARTE.

1998 2932 3247 3099 Duancés vers la porte,

467 3101 3011 3267 Pendant que ie feray ce que mon ordre porte.

493 3249 2685 3427 O contrainte faſcheuſe ou ie ſuis obligé!

487 3423 3107 3597 Ie te plains dans le cœur, pauure Prince affligé;

495 3587 3099 3763 Mais ſi i'acheue en fin le deſſein que ie trame,

479 3755 3069 3927 Phraarte en te ſauuant, ſe ſauuera de blaſme.

501 3921 3292 4097 C'eſt le Roy mon Seigneur, qui me fait t'aduertir

495 4085 3003 4265 De luy rendre la place, & d'en vouloir ſortir;

499 4255 2637 4423 Car ſi tu ne le fais, conſulte, delibere;

501 4421 3085 4565 I'ay le commandement de poignarder ton pere.

1405 4587 2331 4715 TIGRANE.

521 4751 3145 4931 O Dieux! en quel eſtat me trouuay-ie en ce iour?

495 4905 3177 5077 Que dois-ie deuenir? Nature, honneur, Amour,

2709 5105 2951 5239 C ij

3347 2951 3683 3039 Il parle à

3315 3037 3681 3105 ſes Soldats.

3329 3473 3689 3619 Il dit ces 4

3329 3554 3615 3622 vers bas.

3329 4247 3699 4323 Il hauſſe le

3331 4335 3653 4427 poignard.
