4267 5671
942 234 3466 406 6 L’AMOVR TIRANNIQVE,

1798 446 2958 634 CASSANDRE.

951 745 3433 917 Il ſe doit ſouuenir de voſtre amour extreme,

955 911 3635 1091 Et qu’il vous doit aimer à l'eſgal de luy-meſme.

1791 1176 2775 1304 ORMENE.

955 1415 3437 1587 Ie me dois ſouuenir au milieu de mes maux,

957 1593 3735 1765 Et du pouuoir d'vn Prince, & du peu que ie vaux.

1911 1853 2809 1983 HECVBE.

945 2093 3609 2263 Mais ſi voſtre intereſt n'excite point voſtre ame,

953 2251 3575 2439 Combatez pour le ſien, & le ſauueZ blaſme.

1861 2521 2847 2647 ORMENE.

941 2757 3657 2925 Il n'apartient qu'aux Dieux de conſeiller les Rois,

1761 3021 2911 3143 CASSANDRE.

939 3259 3493 3429 Et les Dieux pour cela demandent voſtre vois.

1841 3591 2803 3715 ORMENE.

929 3929 3161 4101 Ie ne puis me reſoudre à faſcher Tiridate.

1851 4265 2783 4389 HECVBE.

935 4595 3599 4773 Ce n'eſt pas la raiſon, c'eſt l'amour qui vous flate.

931 4767 3359 4941 L'amour eſt vn tyran dans les ieunes eſprits,

943 4933 3443 5109 Dont les profonds reſpects excitent le meſpris.
