4267 5575
1214 303 3382 437 DE LA TRAGEDIE. 3

518 441 3399 566 comme ceux qui n'ont point encor fait de cures: La pratique apporte aux

516 545 3392 656 Medecins vne inſenſibilité pour les malades, & les vieux Regimens qui

514 649 3394 756 ſont tous les iours aux mains auec l’ennemy, l'attaquent ſans le craindre,

520 751 2426 853 & ſans s'eſbranler, comme les nouuelles trouppes.

602 849 3398 958 Il en eſt de meſme d’vn homme qui voit tous les jours des miſeres; il en

514 951 3398 1066 eſt touché, mais iuſques au point où les Sages le doiuent eſtre, & l’habi¬

516 1039 3402 1174 tude qu'il a d'aſſiſter aux ſpectacles qui luy donnent de la terreur, & de la

516 1155 2644 1279 pitié, luy en procure le temperament & la mediocrité.

598 1259 3404 1380 Puiſque c’eſt ſur le Theatre que ces choſes ſe repreſentent, que la Scene

517 1359 3404 1478 y retentit des plaintes d’Hecube, d’Electre, d’Antigone; que l'on y in¬

523 1461 3397 1576 troduit Oedipe , Atrée, Ægyſte, & qu’elle peut eſtre à bon droit nom¬

517 1561 3401 1676 mée la lice des paſſions; c’eſt auſſi à la repreſentation des Poëmes tragiques

519 1663 3399 1778 où agiſſent ces perſonnes, qu’il faut aller preparer ſes paſſions, & les con¬

519 1767 3389 1880 duire à ceſte parfaite mediocrité du Philoſophe, où elles n’arriuent iamais,

517 1869 3403 1982 qu’apres elles ne contribuent beaucoup à l'acquiſition de la Vertu, & à la

513 1979 1497 2056 connoiſſance des Sciences.

591 2069 3407 2184 Voila quelle eſt l’opinion d'Ariſtote, touchant l’vſage de la Tragedie,

529 2169 3407 2282 laquelle il nomme pour ceſte cauſe, la reigle des paſſions, qui fait bien

524 2269 3403 2382 voir qu’il n’eſtoit pas du ſentiment de ceux, qui rapportent la fin de ce

524 2365 3402 2468 Poëme ſublime, au plaiſir du peuple; ce que nous auons bien voulu

512 2463 3402 2572 mettre icy afin de les deſabuſer, & de iuger ſi l’ouurage de Monſieur de

516 2563 3404 2674 Scudery, peut exciter ces eſmotions violentes, qui preparent les eſprits à la

512 2667 3408 2776 vertu & aux diſciplines, & s'il a ce degré de perfection que nous ſouhait¬

518 2771 1718 2874 tons aux excellentes Tragedies.

588 2869 3392 2982 Pour cét effet, il le faut examiner ſur les reigles du Philoſophe, & iuger

516 2969 3396 3082 par la regularité de ſes parties ſeparées, de celles du tout qu'elles compo¬

510 3071 3394 3182 ſent. Ainſi nous ſuiurons la facilité methodique que ce Sage a touſiours

519 3175 3400 3286 dans ce qu’il enſeigne; & l'enuie meſme n’aura pas ſujet de dire que nous

517 3271 3399 3382 flattions Monſieur de Scudery, puiſque nous examinerons ſon Poëme

529 3371 2939 3481 ſelon la ſeuerité des preceptes que ce Philoſophe en a laissez.

599 3471 2877 3571 Cét exellent homme a definy la Tragedie en ceſte maniere.

617 3569 3397 3678 La Tragedie eſt l’imitation d’vne action ſerieuſe, complette, & iuſte dans

521 3669 3399 3782 ſa grandeur, qui par l'action, & non pas ſimplement par le diſcours, exci¬

525 3775 3395 3884 tant la pitié, & la terreur, en laiſſe apres vne mediocrité raiſonnable dans

525 3871 1407 3978 l’eſprit des Spectateurs.

615 3975 3393 4092 (De laquelle definition nous auons banny le Rythme & la Muſique, qui

527 4075 1985 4186 ne ſont plus de l'vſage de nostre ſiecle.)

604 4169 3401 4296 Ce Philoſophe, dis-ie, l’ayant ainſi definie, la diuiſe en ſix parties eſſen¬

530 4279 3394 4400 tielles, dont les deux dernieres ſe rapportent aux autres, & en dependent.

616 4381 2990 4481 Celles-là ſont, la Fable, les Mœurs, les Sentimens, la Diction.

622 4483 2670 4599 Celles-cy ſont, l'appareil du Theatre, & la Muſique.

618 4577 3400 4704 Mais d’autant que de celles-cy ,la premiere regarde ſimplement le deco¬

546 4691 3390 4800 rateur, & que l’autre, qui eſtoit le charme de l’ancienne Scene, n’a plus

550 4777 3398 4914 d'vſage ſur la noſtre, il faudra ſeulement parler des quatre qui nous reſtent,

2831 4908 3024 5003 A ij
