4267 5671
986 262 3510 437 8 L’AMOVR TIRANNIQVE,

1520 1643 3184 1821 DEVXIESME.

1188 1974 3580 2125 TIRIDATE, PHARNABASE.

1867 2303 3028 2436 TIRIDATE.

1597 2619 3821 2809 NFIN ie ſuis vainqueur, la gloire m'en¬

1730 2794 2220 2916 uironne;

1594 2942 3840 3138 Ie brille de l'eſclat d'vne couron¬

1770 3160 1949 3251 ne;

1033 3285 3388 3452 Toute la Capadoce eſt ſoumiſe à mes lois;

1041 3453 3665 3622 Et te m'en vay monter au Troſne de ſes Rois.

1043 3617 3433 3786 Cette derniere place eſtant preſque occupée,

1037 3781 3643 3954 Il faut prendre le ſceptre acquis par mon eſpée;

1053 3937 3555 4118 Et gouſter les douceurs, & le ſouuerain bien,

1050 4111 3719 4258 Que la victoire donne aux coeurs comme le mien.

1054 4283 3546 4454 Noſtre rare valeur a paßé comme vn foudre;

1048 4445 3836 4622 Les plus ſuperbes tours, ne ſont qu'vn peu de poudre;

1054 4617 3676 4786 Tout flefchit, tout ſe rend, & mes heureux projets

1054 4781 3836 4956 N’ont point eu d'ennemis, qui ne ſoient mes ſujets.

3648 4954 3819 5056 Vn

620 2643 1001 2716 Il fort de ſa

620 2739 850 2803 Tente
