1032 1758
223 75 931 124 DE NAVARRE. 19

120 126 927 166 Et dans l’eſprit des Grands, qu’on tâche de ſurprendre,

121 166 825 206 Un rayon de lumiere, à la fin peut deſcendre,

122 206 824 248 Qui ſur tous ces flateurs vange équitablement,

122 245 855 289 Ce qu’a fait à leur gloire, un long aveuglement.

123 285 796 326 Cependant je dirai, que vôtre ame s’explique

120 324 780 364 Un peu bien librement ſur vôtre Politique;

122 364 763 403 Et ſes nobles motifs, au Prince rapportez,

122 403 648 433 Serviroient aſſez mal vos aſſiduitez.

425 444 630 472 D. LOPE.

121 480 798 521 Outre que je pourrois deſavoüer ſans blame,

120 521 821 561 Ces libres veritez, ſur quoi s’ouvre mon ame;

117 559 820 600 Je ſçai fort bien qu'Eliſe a l’eſprit trop diſcret,

119 598 713 640 Pour aller divulguer cet entretien ſecret.

120 638 919 679 Qu'ai-je dit, aprés tout, que ſans moi l'on ne ſçache?

117 677 818 721 Et dans mon procedé que faut-il que je cache?

117 716 864 755 On peut craindre une cheute avec quelque raiſon,

117 754 826 798 Quand on met en uſage, ou ruſe, ou trahiſon.

117 796 904 835 Mais qu'ai-je à redouter, moi qui par tout n'avance

116 832 885 875 Que les ſoins approuvez d’un peu de complaiſance;

116 874 696 914 Et qui ſui ſeulement par d’utiles leçons

115 912 805 958 La pente qu’a le Prince à de jaloux ſoupçons?

112 958 848 995 Son ame ſemble en vivre, & je mets mon étude

113 997 697 1036 A trouver des raiſons à ſon inquietude;

111 1034 762 1076 A voir de tous côtez, s'il ne ſe paſſe rien,

111 1073 687 1112 A fournir le ſujet d'un ſecret entretien.

111 1113 771 1154 Et quand je puis venir enflé d'une nouvelle,

110 1153 739 1193 Donner à ſon repos une atteinte mortelle,

109 1191 852 1233 C’eſt lors que plus il m’aime, & je voi ſa raiſon

108 1232 688 1272 D’une audience avide avaler ce poiſon,

106 1270 760 1306 Et m'en remercier, comme d'une victoire,

106 1310 864 1353 Qui combleroit ſes jours de bonheur & de gloire.

106 1350 824 1391 Mais mon rival paroît, je vous laiſſe tous deux,

105 1388 810 1432 Et bien que je renonce à l'eſpoir de vos vœux,

104 1428 875 1471 J'aurois un peu de peine à voir qu’en ma preſence,

104 1466 724 1510 Il reçeût des effets de quelque preference;

102 1505 753 1552 Et je veux, ſi je puis, m'épargner ce ſouci.

425 1550 588 1580 ELISE.

102 1584 743 1622 Tout amant de bon ſens en doit uſer ainſi.

806 1628 898 1660 SCE¬
