1014 1760
124 62 814 102 16 DOM GARCIE

115 112 807 154 Je voi vôtre penſee, & dequoi l'on m’accuſe;

117 153 669 184 Si.... D. ELUIRE.

218 191 825 229 Liſez-le, vous dis-je, & ſatisfaites-vous.

373 234 662 260 D. GARCIE.

119 270 773 311 Pour me traiter après, de foible, de jaloux?

118 310 849 350 Non, non, je dois ici vous rendre un temoignage,

120 349 909 389 Qu’à mon cœur cet écrit n’a point donné d’ombrage;

121 388 847 429 Et bien que vos bontez m’en laiſſent le pouvoir,

120 427 736 467 Pour me juſtifier je ne veux point le voir.

391 469 669 496 D. ELUIRE.

121 505 711 538 Si vous vous obſtinez à cette reſiſtance,

121 544 774 583 J’aurois tort de vouloir vous faire violence;

124 584 740 624 Et c’eſt aſſez enfin, que vous avoir preſſé

122 624 792 664 De voir de quelle main ce billet m’eſt tracé.

382 665 672 693 D. GARCIE.

123 701 788 739 Ma volonté toûjours vous doit être ſoûmiſe,

121 741 813 781 Si c’eſt vôtre plaiſir, que pour vous je le liſe,

121 780 750 820 Je conſens volontier à prendre cet employ.

387 822 667 849 D. ELUIRE.

122 859 874 898 Oüi, oüi, Prince, tenez, vous le lirez pour moi.

378 901 666 928 D. GARCIE.

122 936 874 978 C’eſt pour vous obeïr au moins, & je puis dire....

385 979 666 1006 D. ELUIRE.

123 1015 837 1057 C’eſt ce que vous voudrez, dépêchez-vous de lire.

386 1058 673 1086 D. GARCIE.

120 1095 751 1137 Il eſt de Done Ignes, à ce que je connoi.

388 1137 672 1164 D. ELUIRE.

121 1174 875 1214 Oüi, je m'en réjoüis, & pour vous, & pour moi.

355 1215 700 1243 D. GARCIE. lit.

121 1251 632 1294 Malgré l’effort d’un long mépris,

120 1291 913 1332 Le Tyran toûjours m’aime, & depuis vôtre abſence,

122 1328 861 1371 Vers moi pour me porter au deſtin qu’il a pris,

122 1370 731 1404 Il ſemble avoir tourné toute ſa violence,

123 1408 507 1447 Dont il pourſuit l’alliance

124 1448 473 1478 De vous & de ſon Fils.

124 1486 718 1530 Ceux qui ſur moi peuvent avoir empire

125 1525 862 1569 Par de lâches motifs qu’un faux honneur inſpire,

127 1566 623 1607 Approuvent tous cet indigne lien;

125 1604 768 1650 J'ignore encor par où finira mon martyre:
