1034 1758
114 76 798 121 12 DOM GARCIE

112 126 863 171 Et qu’il ſoit ſoupçonné, que dans vôtre perſonne

112 166 866 211 Il cherche à me gagner les droits d'une Couronne.

113 205 918 249 Oüy, tout mon cœur voudroit montrer aux yeux de tous,

115 243 818 290 Qu’il ne regarde en vous autre choſe que vous;

114 283 761 327 Et cent fois, ſi je puis le dire ſans offenſe,

113 321 819 361 Ses vœux ſe ſont armez contre vôtre naiſſance,

114 361 788 405 Leur chaleur indiſcrete a d’un deſtin plus bas

113 401 691 446 Souhaité le partage à vos divins appas,

118 440 696 485 Afin que de ce cœur, le noble ſacrifice

116 480 757 522 Pût du Ciel envers vous reparer l'injuſtice;

117 519 794 555 Et vôtre ſort tenir des mains de mon amour,

117 558 898 603 Tout ce qu’il doit au ſang, dont vous tenez le jour.

117 596 921 641 Mais puisqu'enfin les Cieux, de tout ce juſte hommage,

118 637 737 682 A mes feux prévenus dérobent l’avantage.

115 673 893 720 Trouvez bon que ces feux prennent un peu d’eſpoir

119 714 849 759 Sur la mort que mon bras s’apprête à faire voir;

121 753 799 800 Et qu’ils oſent briguer par d’illuſtres ſervices,

121 792 805 837 D’un Frere & d'un Etat les ſuffrages propices.

385 836 659 865 D. ELUIRE.

119 871 927 917 Je ſçay que vous pouvez, Prince, en vangeant nos droits

122 911 857 955 Faire par vôtre amour parler cent beaux exploits.

124 950 827 995 Mais ce n'eſt pas aſſez pour le prix qu’il eſpere

123 988 811 1031 Que l’aveu d’un Etat, & la faveur d’un Frere.

124 1029 738 1082 D. Eluire n'eſt pas au bout de cet effort,

124 1067 828 1113 Et je vous vois à vaincre un obſtacle plus fort.

389 1111 672 1141 D. GARCIE.

123 1147 872 1191 Oüi, Madame, j'entens ce que vous voulez dire,

122 1186 928 1232 Je ſçai bien que pour vous mon cœur en vain ſoûpire;

125 1224 843 1270 Et l'obſtacle puiſſant, qui s'oppoſe à mes feux,

123 1264 928 1310 Sans que vous le nommiez, n'eſt pas ſecret pour eux.

387 1308 666 1337 D. ELUIRE.

122 1343 929 1388 Souvent on entend mal, ce qu’on croit bien entendre,

125 1381 930 1428 Et par trop de chaleur, Prince, on ſe peut méprendre.

127 1421 852 1468 Mais puis qu’il faut parler, deſirez vous ſçavoir,

125 1460 931 1507 Quand vous pourrez me plaire, & prendre quelque eſpoir?

384 1505 666 1534 D. GARCIE.

128 1539 796 1577 Ce me ſera, Madame, une faveur extrême.

389 1583 670 1614 D. ELUIRE.

128 1615 934 1662 Quand vous ſçaurez m’aimer, cõme il faut que l’on aime.
