1028 1756
872 92 913 132 13

214 79 797 118 DE NAVARRE.

376 132 658 159 D. GARCIE.

117 167 817 210 Et que peut on, helas! obſerver ſous les Cieux

118 207 876 247 Qui ne cede à l'ardeur, que m’inſpirent vos yeux?

378 250 649 277 D. ELUIRE.

118 286 740 327 Quand vôtre paſſion ne fera rien paroître,

118 326 809 367 Dont ſe puiſſe indigner celle qui l'a fait naître.

372 368 654 395 D. GARCIE.

118 404 540 446 C'eſt là ſon plus grand ſoin.

378 446 653 474 D. ELUIRE.

474 480 879 521 Quand tous ſes movemens

119 523 866 564 Ne prendront point de moy de trop bas ſentimens.

375 565 658 593 D. GARCIE.

117 602 438 641 Ils vous reverent trop.

373 643 645 671 D. ELUIRE.

467 681 877 723 Quand d’un injuſte ombrage

118 719 724 761 Vôtre raiſon ſçaura me reparer l'outrage;

117 759 842 798 Et que vous bannirez, enfin ce monſtre affreux,

117 797 773 838 Qui de ſon noir venin empoiſonne vos feux.

116 838 820 878 Cette jalouſe humeur, dont l’importun caprice,

117 877 910 916 Aux vœux, que vous m’offrez, rend un mauvais office,

114 915 893 957 S'oppoſe à leur attente, & contre eux à tous coups,

116 955 792 993 Arme les mouvemens de mon juſte courroux.

370 997 652 1024 D. GARCIE.

115 1031 911 1074 Ah! Madame, il eſt vray, quelque effort que je faſſe,

115 1073 858 1111 Qu’un peu de jalouſie en mon cœur trouve place,

114 1111 726 1151 Et qu'un Rival abſens de vos divins appas

115 1152 794 1189 Au repos de ce coeur vient livrer des combats.

113 1190 830 1236 Soit caprice, ou raiſon, j’ay toûjours la croyance

113 1229 875 1265 Que vôtre ame en ces lieux ſouffre de ſon abſence:

114 1269 832 1308 Et que malgré mes ſoins, vos ſoûpirs amoureux

111 1307 842 1347 Vont trouver à tous coups ce Rival trop heureux.

112 1345 857 1386 Mais ſi de tels ſoupçons ont dequoi vous déplaire,

112 1384 822 1425 Il vous eſt bien facile, helas! de m’y ſoûtraire;

112 1424 761 1464 Et leur banniſſement, dont j’accepte la Loy

112 1464 896 1505 Dépend bien plus de vous, qu’il ne dépend de moy.

112 1503 912 1543 Oüi, c’eſt vous qui pouvez par deux mots pleins de flâme;

111 1542 725 1578 Contre la jalouſie armer toute mon ame;

111 1581 737 1624 Et des pleines clartez d’un glorieux espoir

111 1614 848 1661 Diſſiper les horreurs que ce monſtre y fait cheoir.
