1002 1756
95 78 797 129 14 DOM GARCIE

89 129 784 169 Daignez donc étouffer le doute qui m’accable,

91 168 737 208 Et faites qu’un aveu d’une bouche adorable

89 206 786 240 Me donne l’aſſurance au fort de tant d'aſſauts,

91 248 804 287 Que je ne puis trouver dans le peu que je vaux.

350 289 628 316 D. ELUIRE.

89 325 766 367 Prince de vos ſoupçons la tyrannie eſt grande

89 364 890 406 Au moindre mot qu’il dit, un cœur veut qu’on l’entende,

88 405 738 445 Et n’aime pas ces feux, dont l’importunité

88 444 739 484 Demande qu’on explique avec tant de clarté

88 483 825 524 Le premier mouvement qui découvre nôtre ame,

90 522 742 555 Doit d’un Amant diſcret ſatisfaire la flâme,

89 561 732 594 Et c’eſt à s’en dédire authoriſer nos vœux,

89 599 751 640 Que vouloir plus avant pouſſer de tels aveux.

87 640 839 680 Je ne dis point quel choix, s'il m’étoit volontaire,

87 679 838 719 Entre Dom Sylve & vous, mon ame pourroit faire;

86 719 854 757 Mais vouloir vous contraindre à n'être point jaloux,

87 758 791 798 Auroit dit quelque choſe à tout autre que vous;

87 797 760 838 Et je croyois cet ordre un aſſez doux langage

87 836 721 876 Peur n’avoir pas beſoin d’en dire davantage.

87 875 779 914 Cependant vôtre amour n’eſt pas encor content;

85 915 698 954 Il demande un aveu qui ſoit plus éclatant.

85 953 847 993 Pour l’ôter de ſcrupule, il me faut à vous méme,

85 993 770 1032 En des termes exprés, dire que je vous aime?

84 1033 720 1072 Et peut-être qu’encor pour vous en aſſurer

84 1071 700 1109 Vous vous obſtineriez à m’en faire jurer.

342 1114 626 1141 D. GARCIE.

82 1149 874 1188 Hé bien, Madame, hé bien, je ſuis trop temeraire,

82 1189 815 1230 De tout ce qui vous plaît, je dois me ſatisfaire;

79 1229 738 1270 Je ne demande point de plus grande clarté,

77 1269 802 1308 Je croi que vous avez pour moi quelque bonté,

80 1306 774 1347 Que d’un peu de pitié mon feu vous ſollicite,

79 1345 743 1386 Et je me vois heureux plus que je ne merite.

79 1385 814 1426 C'en eſt fait, je renonce à mes ſoupçons jaloux,

78 1424 849 1463 L’arrêt qui me condamne, eſt un arrêt bien doux;

80 1464 740 1503 Et je reçois la Loi qu’il daigne me précrire,

80 1501 820 1544 Pour affranchir mon cœur de leur injuſte empire.

340 1543 617 1570 D. ELUIRE.

82 1579 854 1622 Vous promettez beaucoup, Prince, & je doute fort,

82 1615 768 1662 Si vous pourrez ſur vous faire ce grand effort.
