1000 1750
99 41 785 80 22 DOM GARCIE

98 91 794 131 Les foudres que par tout il entend murmurer;

100 130 694 172 Et j’oſe me flater que le même courage

98 171 761 211 Qui pût bien me ſoûtraire à ſa brutale rage:

96 210 886 252 Et dans les murs d'Aſtorgue, arrachez de ſes mains,

96 249 745 280 Me faire un ſeur azile à braver les deſſeins:

93 289 742 328 Pourra de tout Leon, achevant la conquête,

92 327 756 359 Sous ſes nobles efforts faire cheoir cette tête.

352 371 635 401 D. GARCIE.

91 406 792 449 Le ſuccez en pourra parler dans quelques jours,

88 447 797 489 Mais de grâce paſſons à quelque autre diſcours.

88 487 753 527 Puis-je ſans trop oſer vous prier de me dire,

86 526 799 571 A qui vous avez pris, Madame, ſoin d’écrire,

87 558 701 606 Depuis que le deſtin nous a conduits ici?

351 608 626 635 D. ELUIRE.

86 644 819 685 Pourquoi cette demande? & d’où vient ce ſouci?

349 687 637 716 D. GARCIE.

83 723 622 765 D'un deſir curieux de pure fantaiſie.

344 766 622 794 D. ELUIRE.

82 803 531 843 La curioſité naît de la jalouſie.

343 846 626 874 D. GARCIE.

83 882 793 921 Non, ce n'eſt rien du tout de ce que vous penſez,

82 916 710 954 Vos ordres de ce mal me défendent aſſez.

343 965 623 992 D. ELUIRE.

80 1000 812 1042 Sans chercher plus avant quel intérêt vous preſſe,

78 1040 702 1079 J’ai deux fois à Leon écrit à la Comteſſe;

79 1082 768 1122 Et deux fois au Marquis D. Loüis, à Burgos?

78 1122 647 1161 Avec cette réponſe êtes-vous en repos?

336 1163 621 1190 D. GARCIE.

77 1199 830 1241 Vous n'avez point écrit à quelque autre perſonne,

76 1240 636 1271 Madame? D. ELUIRE.

246 1279 883 1314 Non, ſans doute, & ce diſcours m’étonne.

332 1322 619 1349 D. GARCIE.

73 1357 696 1400 De grace ſongez bien avant que d’aſſurer,

70 1399 768 1438 En manquant de memoire on peut ſe parjurer.

330 1440 612 1468 D. ELUIRE.

72 1476 747 1517 Ma bouche ſur ce point ne peut être parjure.

329 1519 607 1546 D. GARCIE.

69 1550 670 1597 Elle a dit toutefois une haute impoſture.

754 1598 878 1628 D. EL¬
