1040 1766
123 73 806 111 6 DOM GARCIE

440 125 600 152 ELISE.

116 161 850 202 Cet amour que pour lui vôtre aſtre vous inſpire,

113 201 841 242 N’a ſur vos actions pris que bien peu d’empire;

115 240 923 282 Puiſque nos yeux. Madame, ont pû long-tems douter

115 281 887 317 Qui de ces deux Amans vous vouliez mieux traiter.

381 322 662 350 D. ELUIRE.

114 358 782 399 De ces nobles Rivaux l’amoureuſe pourſuite,

118 398 773 432 A de fâcheux combats, Eliſe, m’a reduite.

117 438 832 480 Quand je regardois l’un, rien ne me reprochoit

116 478 819 516 Le tendre mouvement où mon ame panchoit;

119 517 805 558 Mais je me l’imputois à beaucoup d’injuſtice,

117 556 851 596 Quand de l’autre à mes yeux s’offroit le ſacrifice.

117 596 901 636 Et Dom Silve, aprés tout, dans les ſoins amoureux

118 634 794 676 Me ſembloit meriter un deſtin plus heureux.

116 674 836 716 Je m'oppoſois encor, ce qu’au ſang de Caſtille,

117 714 801 749 Du feu Roi de Leon, ſemble devoir la Fille;

118 755 721 795 Et la longue amité, qui d’un étroit lien

115 793 781 833 Joignit les interéts, de ſon Pere & du mien.

118 832 842 872 Ainſi plus dans mon ame un autre prenoit place.

117 872 834 913 Plus de tous ſes reſpects je plaignois la diſgrace:

118 910 777 950 Ma pitié complaiſante à ſes brulans ſoupirs,

119 950 737 987 D’un dehors favorable amuſoit ſes deſirs;

118 992 744 1036 Et vouloit reparer par ce foible avantage,

115 1031 904 1076 Ce qu’au fond de mon cœur je lui faiſois d’outrage.

440 1073 601 1102 ELISE.

120 1109 814 1151 Mais ſon premier amour que vous avez appris,

120 1149 794 1191 Doit de cette contrainte affranchir vos eſprits.

120 1189 927 1233 Et puis qu’avant ſes ſoins, où pour vous il s’engage,

120 1228 855 1272 Done Ignés de ſon cœur avoir receu l’hommage;

119 1267 754 1309 Et que par des liens auſſi fermes que doux

117 1307 750 1340 L’amitié vous unit cette Comteſſe & vous.

116 1348 685 1378 Son ſecret revelé vous eſt une matiere

119 1387 764 1423 A donner à vos vœux liberté toute entiere;

117 1426 838 1465 Et vous pouvez ſans crainte à cet Amant confus

117 1466 776 1500 D’un devoir d'amitié couvrir tous vos refus.

380 1508 659 1540 D. ELUIRE.

119 1541 785 1584 Il eſt vrai que j'ai lieu de cherir la nouvelle,

120 1581 788 1625 Qui m’apprit que D. Silve étoit un infidelle;

847 1628 953 1663 Puiſ¬
