1006 1752
125 66 828 105 18 DOM GARCIE.

123 116 903 158 Que vôtre ame les forme, & qu'il n’eſt en ces lieux;

121 155 901 197 Fâcheux que par vos ſoins, jaloux que par vos yeux.

122 195 869 236 Encor un coup, Dom Lope, une ame bien épriſe

121 227 922 276 Des ſoupçons qu'elle prend, ne me rend point ſurpriſe;

122 275 873 314 Mais qu'on ait ſans amour tous les ſoins d'un jaloux,

120 312 831 355 C’eſt une nouveauté qui n’appartient qu’à vous.

420 356 628 388 D. LOPE.

120 392 772 434 Que ſur cette conduite à ſon aiſe l’on gloſe,

120 431 826 474 Chacun regle la ſienne au but qu'il ſe propoſe;

118 472 786 512 Et rebuté par vous des ſoins de mon amour,

118 511 844 554 Je ſonge auprés du Prince à bien faite ma Cour.

441 553 602 582 ELISE.

118 588 857 632 Mais ſçavez vous, qu'enfin il fera mal la ſienne,

115 628 914 671 S'il faut qu'en cette humeur vôtre eſprit l'entretienne?

416 672 627 700 D. LOPE.

114 708 912 749 Et quand, charmante Eliſe, a-t'on veu s’il vous plaît,

114 748 914 793 Qu’on cherche auprés des Grands, que ſon propre interêt?

114 787 860 829 Qu'un parfait Courtiſan veüille charger leur ſuite,

112 827 912 868 D'un cenſeur des défauts, qu’on trouve en leur conduite;

112 866 782 908 Et s’aille inquieter, ſi ſon diſcours leur nuit,

111 905 792 952 Pourveu que ſa fortune en tire quelque fruit?

107 946 914 991 Tout ce qu’on fait ne va, qu'à ſe mettre en leur grace

110 986 842 1030 Par la plus courte voye, on y cherche une place;

110 1025 879 1073 Et les plus prompts moyens de gagner leur faveur,

109 1058 814 1107 C’eſt de flater toûjours le foible de leur cœur:

110 1104 826 1150 D’applaudir en aveugle à ce qu'ils veulent faire,

110 1146 806 1187 Et n'appuyer jamais ce qui peut leur déplaire;

110 1185 817 1234 C’eſt là le vrai ſecret d’être bien auprés d’eux,

111 1224 765 1266 Les utiles conſeils font paſſer pour fâcheux,

111 1263 814 1304 Et vous laiſſent toujours hors de la confidence,

109 1303 785 1343 Où vous jette d’abord l'adroite complaiſance.

111 1341 841 1384 Enfin on voit par tout, que l'art des Courtiſans,

108 1381 826 1423 Ne tend qu’à profiter des foibleſſes des Grands;

109 1422 826 1460 A nourrir les erreurs, & jamais dans leur ame,

110 1461 784 1501 Ne porter les avis des choſes qu'on y blâme.

436 1503 595 1530 ELISE.

111 1538 800 1579 Ces maximes un temps leur peuvent ſucceder;

104 1577 809 1619 Mais il eſt des revers, qu’on doit apprehender.
