1024 1758
205 78 904 126 DE NAVARRE. 7

101 128 740 170 Puiſque par ſes ardents mon cœur tiranniſé

102 167 685 207 Contre elles à preſent ſe voit authoriſé.

102 207 859 248 Qu’il en peut juſtement combattre les hommages,

104 246 839 287 Et ſans ſcrupule ailleurs donner tous ſes ſuffrages.

105 287 833 326 Mais enfin qu’elle joye en peut prendre ce cœur,

102 326 780 364 Si d’une autre contrainte il ſouffre la rigueur?

101 365 711 402 Si d’un Prince jaloux l’éternelle foibleſſe,

102 403 776 445 Reçoit indignement les ſoins de ma tendreſſe:

103 442 760 483 Et ſemble preparer dans mon juſte courroux

103 483 770 512 Un éclat à briſer tout commerce entre nous?

425 523 582 550 ELISE.

103 560 860 602 Mais ſi de vôtre bouche il n’a point ſçeu ſa gloire,

102 600 777 640 Eſt-ce crime pour lui que de n'oſer la croire?

104 640 724 680 Et ce que d’un rival a pû flatter les feux,

102 678 720 719 L’authoriſe-t’il pas à douter de vos vœux!

367 719 642 747 D. ELUIRE.

103 754 789 793 Non, non, de cette sombre, & lâche jalouſie

103 795 686 836 Rien ne peut excuſer l'étrange freneſie;

103 834 700 875 Et par mes actions je l’ai trop informé,

106 874 842 914 Qu’il peut bien se flatter du bonheur d’être aimé.

103 912 794 955 Sans employer la langue, il eſt des interpretes

104 952 760 990 Qui parlent clairement des atteintes ſecretes.

105 992 760 1033 Un soupir, un regard, une simple rougeur,

104 1031 764 1070 Un ſilence eſt aſſez pour expliquer un cœur.

104 1071 791 1110 Tour parle dans l’amour, & ſur cette matiere

104 1110 802 1149 Le moindre jour doit être une grande lumiere;

104 1146 877 1188 Puiſque chez nôtre Sexe, où l’honneur eſt puiſſant,

106 1187 792 1227 On ne montre jamais tout ce que l’on reſſent.

104 1226 768 1264 J’ai voulu, je l’avoüe, ajuſter ma conduite,

106 1266 788 1306 Et voir d’un œil égal, l’un & l’autre merite:

104 1304 849 1343 Mais que contre ſes vœux on combat vainement,

107 1342 723 1382 Et que la difference eſt connüe aiſement,

107 1382 751 1423 De toutes ces faveurs qu’on fait avec étude

107 1421 775 1462 A celles où du cœur fait pancher l’habitude.

107 1461 766 1500 Dans les unes toûjours, on paroît ſe forcer;

112 1500 792 1539 Mais les autres, helas! ſe font ſans y penser,

105 1539 761 1578 Semblables à ces eaux, ſi pures & ſi belles,

107 1576 785 1616 Qui coulent ſans effort des ſources naturelles.

548 1618 916 1654 A. 4 Ma
