1028 1760
93 66 785 111 20 DOM GARCIE

306 134 699 172 SCENE II.

250 182 753 219 D. ALVAR, ELISE.

372 224 636 253 D. ALVAR.

98 259 831 334 ENfin, nous apprenons que le Roi de Navarre

162 297 912 340 Pour les deſirs du Prince, aujourd'hui ſe déclare;

100 337 837 381 Et qu’un nouveau renfort de troupes nous attend

99 377 817 421 Pour le fameux ſervice, où ſon amour pretend.

101 414 838 460 Je ſuis ſurpris pour moi, qu'avec tant de viteſſe,

102 457 519 490 On ait fait avancer. Mais...

288 511 740 550 SCENE III.

142 560 878 596 D. GARCIE, ELISE, D. ALVAR.

540 599 767 634 D. GARCIE.

425 602 816 688 QUe fait là la Princeſſe.

427 681 591 709 ELISE.

107 715 826 761 Quelques lettres, Seigneur, je le preſume ainſi;

108 758 675 800 Mais elle va ſçavoir que vous étes ici.

243 810 788 851 SCENE IV.

319 860 721 900 D. GARCIE ſeul.

110 903 914 978 J’Attendrai qu'elle ait fait. Prés de ſouffrir ſa veüe,

152 940 924 981 D'un trouble tout nouveau je me ſens l'ame émeüe

114 985 727 1029 Et la crainte mélée à mon reſſentiment,

114 1022 874 1070 Jette par tout mon corps un ſoudain tremblement.

116 1062 928 1109 Prince, prends garde au moins, qu’on aveugle caprice

116 1105 747 1147 Ne te conduiſe ici dans quelque precipice,

119 1141 759 1187 Et que de ton eſprit les deſordres puiſſans,

120 1178 824 1226 Ne donnent un peu plus au rapport de tes ſens.

122 1219 852 1268 Conſulte ta raiſon, prends ſa clarté pour guide,

122 1257 814 1303 Voi ſi de tes ſoupçons, l’apparence eſt ſolide;

124 1298 877 1344 Ne dements pas leurs voix, mais auſſi garde bien

125 1337 843 1384 Que pour les croire trop ils ne t'impoſent rien;

127 1376 931 1423 Qu’à tes premiers tranſports ils n’oſent trop permettre,

127 1416 715 1461 Et relis peſement cette moitié de lettre.

128 1454 905 1501 Ha! qu’eſt-ce que mon cœur, trop digne de pitié,

129 1493 917 1539 Ne voudroit pas donner pour ſon ame autre moitié!

132 1532 894 1578 Mais aprés tout que dis-je? Il ſuffit bien de l’une,

133 1571 856 1618 Et n’en voilà que trop pour voir mon infortune.

864 1605 943 1654 Quoi
