1028 1760
194 51 890 95 DE NAVARRE. 21

94 107 455 147 Quoi que vôtre Rival....

95 145 522 177 Vous devez toutefois vous....

96 185 479 217 Et vous avez en vous à....

96 224 489 264 L'obſtacle le plus grand....

95 264 490 304 Je cheris tendrement ce....

96 302 549 335 Pour me tirer des mains de....

97 342 488 375 Son amour, ſes devoirs....

101 381 518 413 Mais il m’eſt odieux avec....

99 421 507 452 Otez donc à vos feux ce....

102 460 557 501 Meritez les regards que l'on....

103 499 520 540 Et lors qu’on vous oblige....

101 539 520 578 Ne vous obſtinez point à...

103 577 792 617 Oüi, mon ſort par ces mots eſt aſſez éclairci,

102 616 815 648 Son cœur comme ſa main ſe fait connoître ici:

104 655 727 696 Et les ſens imparfaits de cet écrit funeſte,

103 694 853 736 Pour s’expliquer à moi, n'ont pas beſoin du reſte.

102 735 750 776 Toutefois dans l’abord agiſſons doucement,

103 773 733 807 Couvrons à l’infidelle un vif reſſentiment;

104 814 841 854 Et de ce que je tiens, ne donnant point d’indice,

104 851 783 893 Confondons ſon eſprit par ſon propre artifice.

104 891 817 932 La voici, ma raiſon, renferme mes tranſports,

105 931 809 971 Et rends-toi-pour un tems maîtreſſe du dehors.

312 972 704 1010 SCENE V.

180 1022 835 1054 D. ELUIRE, D. GARCIE.

370 1057 650 1098 D. ELUIRE.

104 1061 888 1141 VOus avez bien voulu que je vous fiſſe attendre?

366 1141 655 1170 D. GARCIE.

108 1178 461 1219 Ha! qu’elle cache bien.

375 1220 653 1251 D. ELUIRE.

498 1259 914 1298 On vient de nous apprendre

108 1295 781 1338 Que le Roi vôtre Pere approuve vos projets,

109 1336 838 1376 Et veut bien que ſon Fils nous rende nos Sujets,

108 1376 804 1417 Et mon ame en a pris une allegreſſe extréme.

379 1417 663 1445 D. GARCIE.

108 1454 916 1494 Oüi, Madame, & mon coeur s'en réjoüit de méme.

110 1495 229 1524 Mais....

380 1536 657 1564 D. ELUIRE.

244 1572 819 1616 Le tiran ſans doute aura peine à parer

870 1609 922 1647 Les
