<?xml version="1.0" encoding="UTF-8"?>
<PcGts xmlns="http://schema.primaresearch.org/PAGE/gts/pagecontent/2013-07-15" xmlns:xsi="http://www.w3.org/2001/XMLSchema-instance" xmlns:xs="http://www.w3.org/2001/XMLSchema" xmlns:pr="http://schema.primaresearch.org/PAGE/gts/pagecontent/2013-07-15" xsi:schemaLocation="http://schema.primaresearch.org/PAGE/gts/pagecontent/2013-07-15 http://schema.primaresearch.org/PAGE/gts/pagecontent/2013-07-15/pagecontent.xsd">
  <Metadata>
        <Creator/>
        <Created>2019-03-01T15:12:44.448+01:00</Created>
        <LastChange>2019-04-01T21:42:05.734+02:00</LastChange>
        <Comments>
                Measurement unit: pixel
                PrimaryLanguage: English
                Language: FrenchStandard
                Producer: ABBYY FineReader Engine 11</Comments>
        <TranskribusMetadata docId="146122" pageId="5420146" pageNr="3" tsid="9064694" status="DONE" userId="10612" imgUrl="https://files.transkribus.eu/Get?id=JPBGEWNKHERKGTSFUYNQUSLU&amp;fileType=view" xmlUrl="https://files.transkribus.eu/Get?id=SQGIUMUGYGKRAROEMJSEHMVS" imageId="2828193"/>
    </Metadata>
  <Page imageFilename="Moliere1694_DomGarcie_corrected_0003.png" imageWidth="1006" imageHeight="1768">
    <PrintSpace>
            <Coords points="102,91 1002,91 1002,1743 102,1743"/>
        </PrintSpace>
    <ReadingOrder>
            <OrderedGroup id="ro_1604177612786" caption="Regions reading order">
                <RegionRefIndexed index="0" regionRef="r_1_1"/>
                <RegionRefIndexed index="1" regionRef="r_2_1"/>
                <RegionRefIndexed index="2" regionRef="r_2_2"/>
                <RegionRefIndexed index="3" regionRef="r_2_3"/>
                <RegionRefIndexed index="4" regionRef="r_2_4"/>
                <RegionRefIndexed index="5" regionRef="r_2_5"/>
                <RegionRefIndexed index="6" regionRef="r_2_6"/>
                <RegionRefIndexed index="7" regionRef="r_2_7"/>
                <RegionRefIndexed index="8" regionRef="r_2_8"/>
                <RegionRefIndexed index="9" regionRef="r_2_9"/>
            </OrderedGroup>
        </ReadingOrder>
    <TextRegion type="paragraph" id="r_1_1" custom="readingOrder {index:0;}">
      <Coords points="184,288 861,288 861,329 184,329"/>
      <TextLine id="tl_1" primaryLanguage="English" custom="structure {type:default;} readingOrder {index:0;}">
        <Coords points="185,289 860,289 860,328 185,328"/>
        <Baseline points="185,328 306,328 860,328"/>
        <Word id="w_w2aab1b1b2b1b1ab1">
          <Coords points="185,289 860,289 860,328 185,328"/>
          <TextEquiv>
            <Unicode>LES PERSONNAGES.</Unicode>
          </TextEquiv>
          <TextStyle fontFamily="Times New Roman" fontSize="11.0" bold="true"/>
        </Word>
      </TextLine>
    </TextRegion>
    <TextRegion type="paragraph" id="r_2_1" custom="readingOrder {index:1;}">
      <Coords points="109,390 919,390 919,462 109,462"/>
      <TextLine id="tl_2" primaryLanguage="English" custom="structure {type:default;} readingOrder {index:0;}">
        <Coords points="110,391 918,391 918,424 110,424"/>
        <Baseline points="110,422 217,422 267,421 545,420 584,420 710,419 727,424 845,418 918,412"/>
        <Word id="w_w2aab1b3b2b1b1ab1">
          <Coords points="110,391 918,391 918,424 110,424"/>
          <TextEquiv>
            <Unicode>DOM GARCIE, Prince de Navarre, Amant d'E¬</Unicode>
          </TextEquiv>
        </Word>
      </TextLine>
      <TextLine id="tl_3" primaryLanguage="English" custom="structure {type:default;} readingOrder {index:1;}">
        <Coords points="210,431 288,431 288,461 210,461"/>
        <Baseline points="210,461 288,460"/>
        <Word id="w_w2aab1b3b2b1b3ab1">
          <Coords points="210,431 288,431 288,461 210,461"/>
          <TextEquiv>
            <Unicode>luire.</Unicode>
          </TextEquiv>
          <TextStyle fontFamily="Times New Roman" fontSize="8.5"/>
        </Word>
      </TextLine>
    </TextRegion>
    <TextRegion type="paragraph" id="r_2_2" custom="readingOrder {index:2;}">
      <Coords points="109,483 653,483 653,519 109,519"/>
      <TextLine id="tl_4" primaryLanguage="English" custom="structure {type:default;} readingOrder {index:0;}">
        <Coords points="110,484 652,484 652,518 110,518"/>
        <Baseline points="110,516 148,515 199,515 227,515 317,514 347,514 365,518 511,513 557,513 652,515"/>
        <Word id="w_w2aab1b3b2b3b1ab1">
          <Coords points="110,484 652,484 652,518 110,518"/>
          <TextEquiv>
            <Unicode>D. ELUIRE, Princeſſe de Leon.</Unicode>
          </TextEquiv>
          <TextStyle fontFamily="Times New Roman" fontSize="8.5"/>
        </Word>
      </TextLine>
    </TextRegion>
    <TextRegion type="paragraph" id="r_2_3" custom="readingOrder {index:3;}">
      <Coords points="108,537 568,537 568,573 108,573"/>
      <TextLine id="tl_5" primaryLanguage="English" custom="structure {type:default;} readingOrder {index:0;}">
        <Coords points="109,538 567,538 567,572 109,572"/>
        <Baseline points="109,571 132,571 429,567 567,567"/>
        <Word id="w_w2aab1b3b2b5b1ab1">
          <Coords points="109,538 567,538 567,572 109,572"/>
          <TextEquiv>
            <Unicode>ELISE, Confidente d'Eluire.</Unicode>
          </TextEquiv>
        </Word>
      </TextLine>
    </TextRegion>
    <TextRegion type="paragraph" id="r_2_4" custom="readingOrder {index:4;}">
      <Coords points="108,593 918,593 918,673 108,673"/>
      <TextLine id="tl_6" primaryLanguage="English" custom="structure {type:default;} readingOrder {index:0;}">
        <Coords points="109,594 917,594 917,627 109,627"/>
        <Baseline points="109,623 137,623 277,622 631,622 671,622 768,626 821,622 917,621"/>
        <Word id="w_w2aab1b3b2b7b1ab1">
          <Coords points="109,594 917,594 917,627 109,627"/>
          <TextEquiv>
            <Unicode>DOM ALPHONSE, Prince de Leon, crû Prince</Unicode>
          </TextEquiv>
        </Word>
      </TextLine>
      <TextLine id="tl_7" primaryLanguage="English" custom="structure {type:default;} readingOrder {index:1;}">
        <Coords points="209,631 818,631 818,672 209,672"/>
        <Baseline points="209,661 245,661 384,665 460,662 496,662 581,662 631,663 721,662 818,660"/>
        <Word id="w_w2aab1b3b2b7b3ab1">
          <Coords points="209,631 818,631 818,672 209,672"/>
          <TextEquiv>
            <Unicode>de Caſtille, ſous le nom de Dom Sylve.</Unicode>
          </TextEquiv>
          <TextStyle fontFamily="Times New Roman" fontSize="8.5"/>
        </Word>
      </TextLine>
    </TextRegion>
    <TextRegion type="paragraph" id="r_2_5" custom="readingOrder {index:5;}">
      <Coords points="107,683 917,683 917,767 107,767"/>
      <TextLine id="tl_8" primaryLanguage="English" custom="structure {type:default;} readingOrder {index:0;}">
        <Coords points="108,684 916,684 916,725 108,725"/>
        <Baseline points="108,715 121,715 416,713 439,719 571,715 618,714 708,714 816,718 916,712"/>
        <Word id="w_w2aab1b3b2b9b1ab1">
          <Coords points="108,684 916,684 916,725 108,725"/>
          <TextEquiv>
            <Unicode>IGNES, Comteſſe, Amante de Dom Sylve, aimée</Unicode>
          </TextEquiv>
        </Word>
      </TextLine>
      <TextLine id="tl_9" primaryLanguage="English" custom="structure {type:default;} readingOrder {index:1;}">
        <Coords points="210,725 891,725 891,766 210,766"/>
        <Baseline points="210,764 256,753 428,758 608,754 654,754 748,755 795,754 891,752"/>
        <Word id="w_w2aab1b3b2b9b3ab1">
          <Coords points="210,725 891,725 891,766 210,766"/>
          <TextEquiv>
            <Unicode>par Mauregat, Uſurpateur de l'Etat de Leon.</Unicode>
          </TextEquiv>
          <TextStyle fontFamily="Times New Roman" fontSize="8.5"/>
        </Word>
      </TextLine>
    </TextRegion>
    <TextRegion type="paragraph" id="r_2_6" custom="readingOrder {index:6;}">
      <Coords points="109,775 919,775 919,814 109,814"/>
      <TextLine id="tl_10" primaryLanguage="English" custom="structure {type:default;} readingOrder {index:0;}">
        <Coords points="110,776 918,776 918,813 110,813"/>
        <Baseline points="110,810 137,810 190,809 499,808 537,809 582,809 696,813 805,809 918,806"/>
        <Word id="w_w2aab1b3b2c11b1ab1">
          <Coords points="110,776 918,776 918,813 110,813"/>
          <TextEquiv>
            <Unicode>D. ALVAR, Confident de D. Garcie, Amant d'Eliſe.</Unicode>
          </TextEquiv>
        </Word>
      </TextLine>
    </TextRegion>
    <TextRegion type="paragraph" id="r_2_7" custom="readingOrder {index:7;}">
      <Coords points="107,831 918,831 918,902 107,902"/>
      <TextLine id="tl_11" primaryLanguage="English" custom="structure {type:default;} readingOrder {index:0;}">
        <Coords points="108,832 917,832 917,867 108,867"/>
        <Baseline points="108,861 136,861 184,861 386,860 752,867 917,856"/>
        <Word id="w_w2aab1b3b2c13b1ab1">
          <Coords points="108,832 917,832 917,867 108,867"/>
          <TextEquiv>
            <Unicode>D. LOPE, autre Confident de D. Garcie, Amant re¬</Unicode>
          </TextEquiv>
        </Word>
      </TextLine>
      <TextLine id="tl_12" primaryLanguage="English" custom="structure {type:default;} readingOrder {index:1;}">
        <Coords points="210,870 397,870 397,901 210,901"/>
        <Baseline points="210,900 275,900 397,901"/>
        <Word id="w_w2aab1b3b2c13b3ab1">
          <Coords points="210,870 397,870 397,901 210,901"/>
          <TextEquiv>
            <Unicode>buté d'Eliſe.</Unicode>
          </TextEquiv>
          <TextStyle fontFamily="Times New Roman" fontSize="8.5"/>
        </Word>
      </TextLine>
    </TextRegion>
    <TextRegion type="paragraph" id="r_2_8" custom="readingOrder {index:8;}">
      <Coords points="109,924 580,924 580,970 109,970"/>
      <TextLine id="tl_13" primaryLanguage="English" custom="structure {type:default;} readingOrder {index:0;}">
        <Coords points="110,925 579,925 579,969 110,969"/>
        <Baseline points="110,954 148,953 184,954 252,953 450,956 579,957"/>
        <Word id="w_w2aab1b3b2c15b1ab1">
          <Coords points="110,925 579,925 579,969 110,969"/>
          <TextEquiv>
            <Unicode>D. PEDRE, Ecuyer d’Ignes.</Unicode>
          </TextEquiv>
        </Word>
      </TextLine>
    </TextRegion>
    <TextRegion type="paragraph" id="r_2_9" custom="readingOrder {index:9;}">
      <Coords points="209,1014 917,1014 917,1096 209,1096"/>
      <TextLine id="tl_14" primaryLanguage="English" custom="structure {type:default;} readingOrder {index:0;}">
        <Coords points="210,1015 916,1015 916,1060 210,1060"/>
        <Baseline points="210,1044 252,1042 350,1044 400,1044 482,1045 547,1046 580,1046 647,1052 733,1049 842,1047 916,1053"/>
        <Word id="w_w2aab1b3b2c17b1ab1">
          <Coords points="210,1015 916,1015 916,1060 210,1060"/>
          <TextEquiv>
            <Unicode>La Scene eſt dans Aſtorgue, Ville d'Eſpagne,</Unicode>
          </TextEquiv>
        </Word>
      </TextLine>
      <TextLine id="tl_15" primaryLanguage="English" custom="structure {type:default;} readingOrder {index:1;}">
        <Coords points="253,1057 647,1057 647,1095 253,1095"/>
        <Baseline points="253,1078 324,1084 362,1085 506,1087 552,1088 647,1088"/>
        <Word id="w_w2aab1b3b2c17b3ab1">
          <Coords points="253,1057 647,1057 647,1095 253,1095"/>
          <TextEquiv>
            <Unicode>dans le Royaume de Leon.</Unicode>
          </TextEquiv>
          <TextStyle fontFamily="Times New Roman" fontSize="8.0" bold="true" italic="true"/>
        </Word>
      </TextLine>
    </TextRegion>
    <SeparatorRegion id="r_3" custom="readingOrder {index:10;}">
            <Coords points="990,91 1000,91 1000,309 990,309"/>
        </SeparatorRegion>
    <SeparatorRegion id="r_4" custom="readingOrder {index:11;}">
            <Coords points="994,1543 1002,1543 1002,1743 994,1743"/>
        </SeparatorRegion>
  </Page>
</PcGts>
