1032 1756
219 84 921 125 DE NAVARRE, 11

378 136 662 164 D. ELUIRE.

115 170 799 213 Un ſecours ſi puiſſant doit flater nôtre eſpoir;

116 212 867 253 Mais je crains que mon Frere y puiſſe trop devoir.

388 253 646 280 D. ALVAR.

119 289 851 332 Mais, Madame, admirez que malgré la tempéte

118 326 783 369 Que vôtre uſurpateur oit gronder ſur la téte,

117 367 837 408 Tous les bruits des Leon annoncent pour certain,

118 406 800 447 Qu’à la Comteſſe Ignes il va donner la main.

382 448 659 475 D. ELUIRE.

119 483 785 516 Il cherche dans l’himen de cette illuſtre Fille

120 522 829 564 L’appui du grand credit, où ſe voit ſa famille;

121 563 795 601 Je ne reçois rien d’elle, & j’en ſuis en ſouci,

122 601 782 638 Mais ſon cœur au tiran fut toujours endurci.

444 643 600 669 ELISE.

122 679 898 719 De trop puiſſant motifs, d’honneur & de tendreſſe,

123 717 847 761 Oppoſent ſes refus aux nœuds dont on la preſſe,

122 758 231 787 Pour....

388 799 646 828 D. ALVAR.

200 837 481 866 Le Prince entre ici.

320 902 731 946 SCENE III.

144 967 896 1001 D. GARCIE, D. ELUIRE, D. ALVAR , ELISE.

555 1031 791 1068 D. GARCIE.

466 1032 811 1104 JE viens m'intereſſer,

121 1111 924 1152 Madame, au doux eſpoir, qu’il vous vient d’annoncer.

122 1151 822 1190 Ce Frere qui menace un titan plein de crimes,

121 1190 799 1229 Flatte de mon amour les tranſports legitimes.

121 1228 802 1269 Son ſort offre à mon bras des perils glorieux,

122 1268 882 1307 Dont je puis faire hommage à l’éclat de vos yeux.

121 1305 847 1347 Et par eux m’acquerir, ſi le Ciel m’eſt propice,

119 1343 821 1386 La gloire d’un revers, que vous doit ſa juſtice;

122 1382 760 1422 Qui va faire à vos pieds cheoir l'infidélité,

120 1422 716 1464 Et rendre à vôtre ſang toute ſa dignité.

123 1460 877 1502 Mais ce qui plus me plaît, d’une atteinte ſi chere,

123 1499 920 1540 C’eſt que pour étre Roi, le Ciel nous rend ce Frere;

123 1539 809 1579 Et qu’ainſi mon amour peut éclater au moins

123 1577 817 1616 Sans qu’à d’autres motifs on impute ſes ſoins;

627 1615 928 1646 A 6 Et
