1000 1820
105 131 784 176 10 DOM GARCIE

97 183 794 227 Soit veu par d’autres yeux ſous un autre viſage.

97 221 850 264 Pour moi je trouverois mon ſort tout-à-fait doux,

98 263 700 305 Si j’avois un Amant qui pût étre jaloux;

96 300 732 345 Je ſçaurois m’applaudir de ſon inquiétude;

97 340 853 384 Et ce qui pour mon ame eſt ſouvent un peu rude,

97 379 798 423 C’eſt de voir D. Alvar ne prendre aucun ſouci.

360 423 638 450 D. ELUIRE.

98 458 752 503 Nous ne le croyons pas ſi proches, le voici.

295 511 699 552 SCENE II.

136 561 861 598 D. ELUIRE, D. ALVAR, ELISE.

352 619 642 646 D. ELUIRE.

98 651 896 731 VOtre retour ſurprend, qu’avez vous à m'apprendre?

179 690 897 736 Dom Alphonſe vient-il, a t'on lieu de l'attendre?

371 736 627 764 D. ALVAR.

98 770 776 809 Oüi, Madame, & ce Frere en Caſtille élevé

100 811 774 846 De rentrer dans ſes droits voit le tems arrivé.

98 849 699 895 Jusqu'ici D. Loüis qui vit à ſa prudence

97 887 847 926 Par le feu Roi mourant, commettre ſon enfance,

100 928 747 972 A caché ſes deſtins aux yeux de tout l’état,

97 967 758 1011 Pour l’ôter aux fureurs du traître Mauregat.

100 1006 773 1051 Et bien que le tiran, depuis ſa lâche audace,

98 1045 805 1090 L’ait ſouvent demandé pour lui rendre ſa place,

99 1084 735 1129 Jamais ſon zele ardent n’a pris de ſeureté,

98 1125 701 1170 A l'appas dangereux de ſa fauſſe équité,

98 1164 715 1209 Mais les peuples émeus par cette violence

97 1201 773 1245 Que vous a voulu faire une injuſte puiſſance,

97 1243 758 1287 Ce genereux Vieillard a cru qu’il étoit tems

96 1281 776 1326 D'éprouver le ſuccés d’un eſpoir de vingt ans.

95 1322 674 1359 Il a tenté Leon, & ſes fidelles trames,

96 1358 891 1405 Des grands, comme du peuple, ont pratiqué les ames:

96 1399 760 1445 Tandis que la Caſtille armoit dix mille bras,

96 1438 818 1476 Pour redonner ce Prince aux vœux de ſes Etats;

93 1478 676 1523 Il fait auparavant ſemer ſa renommée,

94 1516 789 1560 Et ne veux le montrer qu’en tête d’une armée.

99 1555 737 1600 Que tout prét à lancer le foudre puniſſeur,

95 1595 739 1638 Sous qui doit ſuccomber un lâche raviſſeur.

96 1634 764 1677 On inveſtit Leon, & Dom Silve en perſonne

99 1672 810 1717 Commande le ſecours que ſon Pere vous donne.
