1022 1744
220 64 919 118 DE NAVARRE. 15

374 118 658 146 D. GARCIE.

120 155 859 194 Ah! Madame, il ſuffit pour me rendre croyable,

121 195 814 234 Que ce qu’on vous promet doit être inviolable;

120 232 639 274 Et que l'heur d'obeïr à ſa divinité,

121 273 769 314 Ouvre aux plus grands efforts de la facilité;

118 313 787 349 Que le Ciel me declare une éternelle Guerre,

119 353 823 392 Que je tombe à-vos pieds d’un éclat de tonnerre,

118 392 805 431 Ou pour perir encor par des plus rudes coups,

118 429 811 469 Puiſſay-je voir ſur moi fondre vôtre courroux;

118 468 769 506 Si jamais mon amour deſcend à la foibleſſe

118 507 802 548 De manquer aux devoirs d'une telle promeſſe;

116 548 816 588 Si jamais dans mon ame aucun jaloux tranſport

115 588 728 626 Fait.... D. Pedre apporte un billet.

373 628 651 656 D. ELUIRE.

214 664 824 706 J’en êtois en peine, & tu m’oblige fort,

117 704 859 746 Que le Courrier attende. A ces regards qu'il jette,

114 744 703 783 Vois-je pas que déja cet écrit l'inquiete?

114 782 677 823 Prodigieux effet de ſon temperament,

115 821 838 858 Qui vous arrête, Prince, au milieu du ſerment?

367 863 650 890 D. GARCIE.

113 900 837 940 J'ai creu que tous aviez quelque ſecret enſemble,

112 940 610 978 Et je ne voulois pas l'interrompre.

335 978 843 1008 D. ELUIRE. Il me ſemble

112 1017 770 1056 Que vous me répondez d'un ton fort alteré,

110 1056 710 1098 Je vous vois tout-à-coup le viſage égaré;

111 1094 826 1134 Ce changement ſoudain a lieu de me ſurprendre,

110 1134 834 1174 D’où peut-il provenir, le pourroit-on apprendre?

361 1175 652 1203 D. GARCIE.

110 1212 893 1253 D’un mal qui tout à coup vient d'attaquer mon cœur.

364 1253 643 1280 D. ELUIRE.

110 1290 853 1329 Souvent plus qu'on ne croit ces maux ont de rigueur;

107 1326 813 1368 Et quelque prompt ſecours tous feroit neceſſaire,

106 1368 815 1408 Mais encor dites-moi vous prend il d'ordinaire?

374 1410 658 1438 D. GARCIE.

106 1446 644 1476 Par fois. D. ELUIRE.

257 1486 869 1524 Ah! Prince foible; hé bien par cet écrit,

105 1524 790 1564 Guerriſſez-le ce mal, il n'eſt que dans l’eſprit.

361 1567 645 1593 D. GARCIE.

103 1601 814 1637 Par cet écrit, Madame? ah ! ma main le refuſe,
