1014 1748
109 60 799 104 8 DOM GARCIE

106 111 826 156 Ma pitié pour D. Sylve, avoit beau l'émouvoir,

105 151 809 195 J’en trahiſſois les ſoins, ſans m’en apperçevoir.

107 191 830 235 Et mes regards au Prince, en un pareil martyre

108 228 851 274 En diſoient toujours plus, que je n'en voulois dire.

433 272 595 301 ELISE.

108 308 786 353 Enfin, ſi les ſoupçons de cet illuſtre Amant,

109 346 850 392 Puiſque vous le voulez n’ont point de fondement?

109 387 884 430 Pour le moins font-ils foy d'une ame bien atteinte,

112 426 818 470 Et d’autres cheriroient ce qui fait vôtre plainte.

110 466 766 508 De jaloux mouvemens doivent être odieux,

111 504 846 549 S’ils partent d’un amour qui deplaiſe à nos yeux.

112 537 919 589 Mais tout ce qu’un Amant nous peut montrer d'allarmes,

114 581 921 627 Doit lorsque nous l’aimons, avoir pour nous des charmes;

113 617 851 667 C’eſt par là que ſon feu ſe peut mieux exprimer,

113 662 830 707 Et plus il eſt jaloux, plus nous devons l’aimer;

115 700 903 748 Ainſi puiſqu’en vôtre ame une Prince magnanime....

386 745 664 774 D. ELUIRE.

117 780 824 825 Ah! ne m’avancez point cette étrange maxime.

114 816 753 863 Par tout la jalouſie est un monſtre odieux,

116 859 765 904 Rien n’en peut adoucir les traits injurieux;

116 896 860 942 Et plus l’amour eſt cher, qui lui donne naiſſance

119 936 824 981 Plus on doit reſſentir les coups de cette offence.

119 977 860 1021 Voir un Prince emporté, qui perd à tous momens

117 1017 858 1061 Le reſpect que l’amour inspire aux vrais Amans:

121 1054 840 1099 Qui dans les ſoins jaloux, où ſon ame ſe noye,

119 1095 818 1141 Querelle également mon chagrin, & ma joye;

120 1136 873 1179 Et dans tous mes regards ne peut rien remarquer,

121 1173 827 1216 Qu’en faveur d’un Rival il ne veüille expliquer.

122 1211 859 1260 Non, non, par ces ſoupçons je ſuis trop offencée,

123 1253 731 1298 Et ſans déguiſement je te dis ma penſée.

121 1292 743 1329 Le Prince D. Garcie eſt cher à mes deſirs,

123 1331 821 1376 Il peut d’un cœur illuſtre échaufer les ſoupirs:

124 1371 760 1415 Au milieu de Leon, on a veu ſon courage

126 1411 821 1455 Me donner de ſa flame un noble témoignage,

124 1449 827 1493 Braver en ma faveur des perils les plus grands,

125 1488 791 1531 M’enlever aux deſſeins de nos lâches tyrans;

127 1527 798 1566 Et dans ces murs forcez mettre ma destinée,

129 1566 831 1611 A couvert des horreurs d’un indigne hymenée;

899 1604 934 1639 Et
