<?xml version="1.0" encoding="UTF-8"?>
<PcGts xmlns="http://schema.primaresearch.org/PAGE/gts/pagecontent/2013-07-15" xmlns:xsi="http://www.w3.org/2001/XMLSchema-instance" xmlns:xs="http://www.w3.org/2001/XMLSchema" xmlns:pr="http://schema.primaresearch.org/PAGE/gts/pagecontent/2013-07-15" xsi:schemaLocation="http://schema.primaresearch.org/PAGE/gts/pagecontent/2013-07-15 http://schema.primaresearch.org/PAGE/gts/pagecontent/2013-07-15/pagecontent.xsd">
  <Metadata>
        <Creator/>
        <Created>2019-03-01T11:20:40.143+01:00</Created>
        <LastChange>2019-04-09T17:38:33.642+02:00</LastChange>
        <Comments>
                Measurement unit: pixel
                PrimaryLanguage: English
                Language: FrenchStandard
                Producer: ABBYY FineReader Engine 11</Comments>
        <TranskribusMetadata docId="146122" pageId="5420151" pageNr="8" tsid="9064702" status="DONE" userId="10612" imgUrl="https://files.transkribus.eu/Get?id=MZOOJWCESNBJQGWXLXUQLJVE&amp;fileType=view" xmlUrl="https://files.transkribus.eu/Get?id=MHFMJPORGZUGTQOTNXUHSLLL" imageId="2828198"/>
    </Metadata>
  <Page imageFilename="Moliere1694_DomGarcie_corrected_0008.png" imageWidth="1026" imageHeight="1754">
    <PrintSpace>
            <Coords points="109,64 930,64 930,1645 109,1645"/>
        </PrintSpace>
    <ReadingOrder>
            <OrderedGroup id="ro_1604177615734" caption="Regions reading order">
                <RegionRefIndexed index="0" regionRef="r_1_1"/>
                <RegionRefIndexed index="1" regionRef="r_1_2"/>
                <RegionRefIndexed index="2" regionRef="r_1_3"/>
                <RegionRefIndexed index="3" regionRef="r_1_4"/>
                <RegionRefIndexed index="4" regionRef="r_1_5"/>
                <RegionRefIndexed index="5" regionRef="r_1_6"/>
                <RegionRefIndexed index="6" regionRef="r_1_7"/>
                <RegionRefIndexed index="7" regionRef="r_1_8"/>
                <RegionRefIndexed index="8" regionRef="r_1_9"/>
                <RegionRefIndexed index="9" regionRef="r_1_10"/>
                <RegionRefIndexed index="10" regionRef="r_1_11"/>
                <RegionRefIndexed index="11" regionRef="r_1_12"/>
                <RegionRefIndexed index="12" regionRef="r_1_13"/>
                <RegionRefIndexed index="13" regionRef="r_1_14"/>
                <RegionRefIndexed index="14" regionRef="r_1_15"/>
                <RegionRefIndexed index="15" regionRef="r_1_16"/>
                <RegionRefIndexed index="16" regionRef="r_1_17"/>
                <RegionRefIndexed index="17" regionRef="r_1_18"/>
                <RegionRefIndexed index="18" regionRef="r_1_19"/>
                <RegionRefIndexed index="19" regionRef="r_1_20"/>
                <RegionRefIndexed index="20" regionRef="r_1_21"/>
                <RegionRefIndexed index="21" regionRef="r_1_22"/>
                <RegionRefIndexed index="22" regionRef="r_1_23"/>
                <RegionRefIndexed index="23" regionRef="r_1_24"/>
                <RegionRefIndexed index="24" regionRef="r_1_25"/>
                <RegionRefIndexed index="25" regionRef="r_1_26"/>
            </OrderedGroup>
        </ReadingOrder>
    <TextRegion type="paragraph" id="r_1_1" custom="readingOrder {index:0;}">
      <Coords points="209,67 914,67 914,117 209,117"/>
      <TextLine id="tl_1" primaryLanguage="English" custom="structure {type:default;} readingOrder {index:0;}">
        <Coords points="210,68 913,68 913,116 210,116"/>
        <Baseline points="210,108 309,107 794,105 913,116"/>
        <Word id="w_w2aab1b1b2b1b1ab1">
          <Coords points="210,68 913,68 913,116 210,116"/>
          <TextEquiv>
            <Unicode>DE NAVARRE. 9</Unicode>
          </TextEquiv>
          <TextStyle fontFamily="Times New Roman" fontSize="17.0" bold="true"/>
        </Word>
      </TextLine>
    </TextRegion>
    <TextRegion type="paragraph" id="r_1_2" custom="readingOrder {index:1;}">
      <Coords points="117,118 724,118 724,160 117,160"/>
      <TextLine id="tl_2" primaryLanguage="English" custom="structure {type:default;} readingOrder {index:0;}">
        <Coords points="118,119 723,119 723,159 118,159"/>
        <Baseline points="118,149 152,149 192,148 230,149 297,148 387,148 451,148 552,146 598,146 723,150"/>
        <Word id="w_w2aab1b1b2b3b1ab1">
          <Coords points="118,119 723,119 723,159 118,159"/>
          <TextEquiv>
            <Unicode>Et je ne cele point que jaurois de l’ennui,</Unicode>
          </TextEquiv>
          <TextStyle fontFamily="Times New Roman" fontSize="11.0"/>
        </Word>
      </TextLine>
    </TextRegion>
    <TextRegion type="paragraph" id="r_1_3" custom="readingOrder {index:2;}">
      <Coords points="120,154 860,154 860,201 120,201"/>
      <TextLine id="tl_3" primaryLanguage="English" custom="structure {type:default;} readingOrder {index:0;}">
        <Coords points="121,155 859,155 859,200 121,200"/>
        <Baseline points="121,194 182,187 221,188 318,188 364,188 419,187 498,186 529,186 722,184 792,184 842,185 859,187"/>
        <Word id="w_w2aab1b1b2b5b1ab1">
          <Coords points="121,155 859,155 859,200 121,200"/>
          <TextEquiv>
            <Unicode>Que la gloire en fût deüe à quelqu'autre qu’à lui;</Unicode>
          </TextEquiv>
          <TextStyle fontFamily="Times New Roman" fontSize="11.0"/>
        </Word>
      </TextLine>
    </TextRegion>
    <TextRegion type="paragraph" id="r_1_4" custom="readingOrder {index:3;}">
      <Coords points="118,194 863,194 863,236 118,236"/>
      <TextLine id="tl_4" primaryLanguage="English" custom="structure {type:default;} readingOrder {index:0;}">
        <Coords points="119,195 862,195 862,235 119,235"/>
        <Baseline points="119,227 173,226 223,227 310,228 469,226 562,225 611,225 710,224 862,228"/>
        <Word id="w_w2aab1b1b2b7b1ab1">
          <Coords points="119,195 862,195 862,235 119,235"/>
          <TextEquiv>
            <Unicode>Car un cœur amoureux prend un plaiſir extréme,</Unicode>
          </TextEquiv>
          <TextStyle fontFamily="Times New Roman" fontSize="11.0"/>
        </Word>
      </TextLine>
    </TextRegion>
    <TextRegion type="paragraph" id="r_1_5" custom="readingOrder {index:4;}">
      <Coords points="117,235 780,235 780,275 117,275"/>
      <TextLine id="tl_5" primaryLanguage="English" custom="structure {type:default;} readingOrder {index:0;}">
        <Coords points="118,236 779,236 779,274 118,274"/>
        <Baseline points="118,266 141,266 184,265 255,266 421,269 520,269 555,264 599,264 679,263 779,268"/>
        <Word id="w_w2aab1b1b2b9b1ab1">
          <Coords points="118,236 779,236 779,274 118,274"/>
          <TextEquiv>
            <Unicode>A ſe voir redevable, Eliſe, à ce qu’il aime;</Unicode>
          </TextEquiv>
          <TextStyle fontFamily="Times New Roman" fontSize="11.0"/>
        </Word>
      </TextLine>
    </TextRegion>
    <TextRegion type="paragraph" id="r_1_6" custom="readingOrder {index:5;}">
      <Coords points="118,274 680,274 680,308 118,308"/>
      <TextLine id="tl_6" primaryLanguage="English" custom="structure {type:default;} readingOrder {index:0;}">
        <Coords points="119,275 679,275 679,307 119,307"/>
        <Baseline points="119,304 151,304 191,305 287,303 393,304 448,303 553,303 679,307"/>
        <Word id="w_w2aab1b1b2c11b1ab1">
          <Coords points="119,275 679,275 679,307 119,307"/>
          <TextEquiv>
            <Unicode>Et ſa flâme timide oſe mieux éclater,</Unicode>
          </TextEquiv>
          <TextStyle fontFamily="Times New Roman" fontSize="11.0"/>
        </Word>
      </TextLine>
    </TextRegion>
    <TextRegion type="paragraph" id="r_1_7" custom="readingOrder {index:6;}">
      <Coords points="116,312 756,312 756,356 116,356"/>
      <TextLine id="tl_7" primaryLanguage="English" custom="structure {type:default;} readingOrder {index:0;}">
        <Coords points="117,313 755,313 755,355 117,355"/>
        <Baseline points="117,344 182,343 274,344 442,347 507,342 590,341 755,340"/>
        <Word id="w_w2aab1b1b2c13b1ab1">
          <Coords points="117,313 755,313 755,355 117,355"/>
          <TextEquiv>
            <Unicode>Lors qu'en favoriſant, elle croît s’acquiter.</Unicode>
          </TextEquiv>
          <TextStyle fontFamily="Times New Roman" fontSize="11.0"/>
        </Word>
      </TextLine>
    </TextRegion>
    <TextRegion type="paragraph" id="r_1_8" custom="readingOrder {index:7;}">
      <Coords points="116,350 828,350 828,472 116,472"/>
      <TextLine id="tl_8" primaryLanguage="English" custom="structure {type:default;} readingOrder {index:0;}">
        <Coords points="119,351 799,351 799,393 119,393"/>
        <Baseline points="119,382 190,386 298,382 395,382 507,381 566,380 690,380 732,382 799,380"/>
        <Word id="w_w2aab1b1b2c15b1ab1">
          <Coords points="119,351 799,351 799,393 119,393"/>
          <TextEquiv>
            <Unicode>Oüi, j’aime qu’un ſecours qui hazarde ſa tête</Unicode>
          </TextEquiv>
          <TextStyle fontFamily="Times New Roman" fontSize="11.0"/>
        </Word>
      </TextLine>
      <TextLine id="tl_9" primaryLanguage="English" custom="structure {type:default;} readingOrder {index:1;}">
        <Coords points="117,391 825,391 825,432 117,432"/>
        <Baseline points="117,422 221,421 253,422 294,422 404,420 518,420 616,420 661,419 825,418"/>
        <Word id="w_w2aab1b1b2c15b3ab1">
          <Coords points="117,391 825,391 825,432 117,432"/>
          <TextEquiv>
            <Unicode>Semble à ſa paſſion donner droict de conquête.</Unicode>
          </TextEquiv>
          <TextStyle fontFamily="Times New Roman" fontSize="11.0"/>
        </Word>
      </TextLine>
      <TextLine id="tl_10" primaryLanguage="English" custom="structure {type:default;} readingOrder {index:2;}">
        <Coords points="119,430 827,430 827,471 119,471"/>
        <Baseline points="119,469 214,460 279,460 360,460 437,458 522,459 610,458 658,458 712,459 827,462"/>
        <Word id="w_w2aab1b1b2c15b5ab1">
          <Coords points="119,430 827,430 827,471 119,471"/>
          <TextEquiv>
            <Unicode>J'aime que mon peril m’ait jettée en ſes mains,</Unicode>
          </TextEquiv>
          <TextStyle fontFamily="Times New Roman" fontSize="11.0"/>
        </Word>
      </TextLine>
    </TextRegion>
    <TextRegion type="paragraph" id="r_1_9" custom="readingOrder {index:8;}">
      <Coords points="116,468 886,468 886,540 116,540"/>
      <TextLine id="tl_11" primaryLanguage="English" custom="structure {type:default;} readingOrder {index:0;}">
        <Coords points="121,469 885,469 885,508 121,508"/>
        <Baseline points="121,499 153,499 186,499 239,500 334,498 489,498 533,497 605,497 656,498 712,497 807,498 885,498"/>
        <Word id="w_w2aab1b1b2c17b1ab1">
          <Coords points="121,469 885,469 885,508 121,508"/>
          <TextEquiv>
            <Unicode>Et ſi les bruits communs ne ſont pas des bruits vains</Unicode>
          </TextEquiv>
          <TextStyle fontFamily="Times New Roman" fontSize="11.0"/>
        </Word>
      </TextLine>
      <TextLine id="tl_12" primaryLanguage="English" custom="structure {type:default;} readingOrder {index:1;}">
        <Coords points="117,509 795,509 795,539 117,539"/>
        <Baseline points="117,538 142,537 182,538 278,538 329,538 399,538 483,537 610,538 689,536 795,539"/>
        <Word id="w_w2aab1b1b2c17b3ab1">
          <Coords points="117,509 795,509 795,539 117,539"/>
          <TextEquiv>
            <Unicode>Si la bonté du Ciel nous rameine mon Frere,</Unicode>
          </TextEquiv>
          <TextStyle fontFamily="Times New Roman" fontSize="11.0"/>
        </Word>
      </TextLine>
    </TextRegion>
    <TextRegion type="paragraph" id="r_1_10" custom="readingOrder {index:9;}">
      <Coords points="111,545 882,545 882,667 111,667"/>
      <TextLine id="tl_13" primaryLanguage="English" custom="structure {type:default;} readingOrder {index:0;}">
        <Coords points="119,546 881,546 881,588 119,588"/>
        <Baseline points="119,576 167,576 251,578 294,576 323,576 357,576 469,580 542,574 625,575 705,574 801,575 881,575"/>
        <Word id="w_w2aab1b1b2c19b1ab1">
          <Coords points="119,546 881,546 881,588 119,588"/>
          <TextEquiv>
            <Unicode>Les vœux les plus ardens, que mon cœur puiſſe faire</Unicode>
          </TextEquiv>
          <TextStyle fontFamily="Times New Roman" fontSize="11.0"/>
        </Word>
      </TextLine>
      <TextLine id="tl_14" primaryLanguage="English" custom="structure {type:default;} readingOrder {index:1;}">
        <Coords points="115,586 798,586 798,627 115,627"/>
        <Baseline points="115,615 190,615 255,616 316,616 389,616 499,620 558,614 609,615 722,614 798,627"/>
        <Word id="w_w2aab1b1b2c19b3ab1">
          <Coords points="115,586 798,586 798,627 115,627"/>
          <TextEquiv>
            <Unicode>C’eſt que ſon bras encor, ſur un perfide ſang</Unicode>
          </TextEquiv>
          <TextStyle fontFamily="Times New Roman" fontSize="11.0"/>
        </Word>
      </TextLine>
      <TextLine id="tl_15" primaryLanguage="English" custom="structure {type:default;} readingOrder {index:2;}">
        <Coords points="112,625 816,625 816,666 112,666"/>
        <Baseline points="112,661 202,653 286,654 316,655 358,654 464,657 499,654 648,653 710,653 816,659"/>
        <Word id="w_w2aab1b1b2c19b5ab1">
          <Coords points="112,625 816,625 816,666 112,666"/>
          <TextEquiv>
            <Unicode>Puiſſe aider à ce Frere, à reprendre ſon rang,</Unicode>
          </TextEquiv>
          <TextStyle fontFamily="Times New Roman" fontSize="11.0"/>
        </Word>
      </TextLine>
    </TextRegion>
    <TextRegion type="paragraph" id="r_1_11" custom="readingOrder {index:10;}">
      <Coords points="118,663 789,663 789,734 118,734"/>
      <TextLine id="tl_16" primaryLanguage="English" custom="structure {type:default;} readingOrder {index:0;}">
        <Coords points="119,664 788,664 788,704 119,704"/>
        <Baseline points="119,693 152,694 212,693 367,694 471,692 560,692 651,691 788,692"/>
        <Word id="w_w2aab1b1b2c21b1ab1">
          <Coords points="119,664 788,664 788,704 119,704"/>
          <TextEquiv>
            <Unicode>Et par d’heureux ſuccez d’une haute vaillance</Unicode>
          </TextEquiv>
          <TextStyle fontFamily="Times New Roman" fontSize="11.0"/>
        </Word>
      </TextLine>
      <TextLine id="tl_17" primaryLanguage="English" custom="structure {type:default;} readingOrder {index:1;}">
        <Coords points="119,701 764,701 764,733 119,733"/>
        <Baseline points="119,733 226,732 301,733 354,733 434,732 482,732 521,733 764,733"/>
        <Word id="w_w2aab1b1b2c21b3ab1">
          <Coords points="119,701 764,701 764,733 119,733"/>
          <TextEquiv>
            <Unicode>Meriter tous les ſoins de ſa reconnoiſſance.</Unicode>
          </TextEquiv>
          <TextStyle fontFamily="Times New Roman" fontSize="11.0"/>
        </Word>
      </TextLine>
    </TextRegion>
    <TextRegion type="paragraph" id="r_1_12" custom="readingOrder {index:11;}">
      <Coords points="120,740 839,740 839,782 120,782"/>
      <TextLine id="tl_18" primaryLanguage="English" custom="structure {type:default;} readingOrder {index:0;}">
        <Coords points="121,741 838,741 838,781 121,781"/>
        <Baseline points="121,771 191,772 264,771 337,771 403,771 428,776 486,771 551,771 588,770 669,770 812,771 838,772"/>
        <Word id="w_w2aab1b1b2c23b1ab1">
          <Coords points="121,741 838,741 838,781 121,781"/>
          <TextEquiv>
            <Unicode>Mais avec tour cela, s’il pouſſe mon courroux,</Unicode>
          </TextEquiv>
          <TextStyle fontFamily="Times New Roman" fontSize="11.0"/>
        </Word>
      </TextLine>
    </TextRegion>
    <TextRegion type="paragraph" id="r_1_13" custom="readingOrder {index:12;}">
      <Coords points="116,780 836,780 836,824 116,824"/>
      <TextLine id="tl_19" primaryLanguage="English" custom="structure {type:default;} readingOrder {index:0;}">
        <Coords points="117,781 835,781 835,823 117,823"/>
        <Baseline points="117,810 162,810 212,810 308,810 358,811 436,810 481,809 564,810 717,810 817,810 835,813"/>
        <Word id="w_w2aab1b1b2c25b1ab1">
          <Coords points="117,781 835,781 835,823 117,823"/>
          <TextEquiv>
            <Unicode>S’il ne purge ſes feux de leurs tranſports jaloux,</Unicode>
          </TextEquiv>
          <TextStyle fontFamily="Times New Roman" fontSize="11.0"/>
        </Word>
      </TextLine>
    </TextRegion>
    <TextRegion type="paragraph" id="r_1_14" custom="readingOrder {index:13;}">
      <Coords points="117,820 864,820 864,899 117,899"/>
      <TextLine id="tl_20" primaryLanguage="English" custom="structure {type:default;} readingOrder {index:0;}">
        <Coords points="119,821 863,821 863,861 119,861"/>
        <Baseline points="119,849 151,848 198,850 249,850 339,849 406,850 491,852 562,848 593,848 645,848 717,849 863,854"/>
        <Word id="w_w2aab1b1b2c27b1ab1">
          <Coords points="119,821 863,821 863,861 119,861"/>
          <TextEquiv>
            <Unicode>Et ne les range aux loix, que je lui veux précrire,</Unicode>
          </TextEquiv>
          <TextStyle fontFamily="Times New Roman" fontSize="11.0"/>
        </Word>
      </TextLine>
      <TextLine id="tl_21" primaryLanguage="English" custom="structure {type:default;} readingOrder {index:1;}">
        <Coords points="118,858 775,858 775,898 118,898"/>
        <Baseline points="118,887 189,888 368,888 447,888 569,889 655,886 775,890"/>
        <Word id="w_w2aab1b1b2c27b3ab1">
          <Coords points="118,858 775,858 775,898 118,898"/>
          <TextEquiv>
            <Unicode>C’eſt inutilement qu’il pretend Done Eluire.</Unicode>
          </TextEquiv>
          <TextStyle fontFamily="Times New Roman" fontSize="11.0"/>
        </Word>
      </TextLine>
    </TextRegion>
    <TextRegion type="paragraph" id="r_1_15" custom="readingOrder {index:14;}">
      <Coords points="116,897 918,897 918,1009 116,1009"/>
      <TextLine id="tl_22" primaryLanguage="English" custom="structure {type:default;} readingOrder {index:0;}">
        <Coords points="117,898 915,898 915,938 117,938"/>
        <Baseline points="117,927 248,927 287,927 354,927 427,928 552,932 593,928 737,927 794,919 915,934"/>
        <Word id="w_w2aab1b1b2c29b1ab1">
          <Coords points="117,898 915,898 915,938 117,938"/>
          <TextEquiv>
            <Unicode>L’hymen ne peut nous joindre, &amp; j’abhorre des nœuds,</Unicode>
          </TextEquiv>
          <TextStyle fontFamily="Times New Roman" fontSize="11.0"/>
        </Word>
      </TextLine>
      <TextLine id="tl_23" primaryLanguage="English" custom="structure {type:default;} readingOrder {index:1;}">
        <Coords points="119,937 917,937 917,977 119,977"/>
        <Baseline points="119,975 173,966 381,966 450,966 542,965 584,966 678,967 759,968 833,969 917,970"/>
        <Word id="w_w2aab1b1b2c29b3ab1">
          <Coords points="119,937 917,937 917,977 119,977"/>
          <TextEquiv>
            <Unicode>Qui deviendroient ſans doute un Enfer pour tous deux.</Unicode>
          </TextEquiv>
          <TextStyle fontFamily="Times New Roman" fontSize="11.0"/>
        </Word>
      </TextLine>
      <TextLine id="tl_24" primaryLanguage="English" custom="structure {type:default;} readingOrder {index:2;}">
        <Coords points="438,979 605,979 605,1008 438,1008"/>
        <Baseline points="438,1005 605,1008"/>
        <Word id="w_w2aab1b1b2c29b5ab1">
          <Coords points="438,979 605,979 605,1008 438,1008"/>
          <TextEquiv>
            <Unicode>ELISE.</Unicode>
          </TextEquiv>
          <TextStyle fontFamily="Times New Roman" fontSize="11.0"/>
        </Word>
      </TextLine>
    </TextRegion>
    <TextRegion type="paragraph" id="r_1_16" custom="readingOrder {index:15;}">
      <Coords points="117,1013 843,1013 843,1056 117,1056"/>
      <TextLine id="tl_25" primaryLanguage="English" custom="structure {type:default;} readingOrder {index:0;}">
        <Coords points="118,1014 842,1014 842,1055 118,1055"/>
        <Baseline points="118,1044 180,1044 249,1044 310,1044 364,1044 449,1044 507,1044 661,1045 732,1044 824,1046 842,1049"/>
        <Word id="w_w2aab1b1b2c31b1ab1">
          <Coords points="118,1014 842,1014 842,1055 118,1055"/>
          <TextEquiv>
            <Unicode>Bien que l'on pût avoir des ſentimens tout autres,</Unicode>
          </TextEquiv>
          <TextStyle fontFamily="Times New Roman" fontSize="11.0"/>
        </Word>
      </TextLine>
    </TextRegion>
    <TextRegion type="paragraph" id="r_1_17" custom="readingOrder {index:16;}">
      <Coords points="117,1053 864,1053 864,1096 117,1096"/>
      <TextLine id="tl_26" primaryLanguage="English" custom="structure {type:default;} readingOrder {index:0;}">
        <Coords points="118,1054 863,1054 863,1095 118,1095"/>
        <Baseline points="118,1082 187,1082 235,1084 358,1087 521,1087 554,1083 746,1083 863,1089"/>
        <Word id="w_w2aab1b1b2c33b1ab1">
          <Coords points="118,1054 863,1054 863,1095 118,1095"/>
          <TextEquiv>
            <Unicode>C’eſt au Prince, Madame, à ſe regler, aux vôtres,</Unicode>
          </TextEquiv>
          <TextStyle fontFamily="Times New Roman" fontSize="11.0"/>
        </Word>
      </TextLine>
    </TextRegion>
    <TextRegion type="paragraph" id="r_1_18" custom="readingOrder {index:17;}">
      <Coords points="117,1092 812,1092 812,1135 117,1135"/>
      <TextLine id="tl_27" primaryLanguage="English" custom="structure {type:default;} readingOrder {index:0;}">
        <Coords points="118,1093 811,1093 811,1134 118,1134"/>
        <Baseline points="118,1122 150,1122 228,1123 316,1122 403,1122 448,1122 521,1122 552,1122 630,1122 811,1123"/>
        <Word id="w_w2aab1b1b2c35b1ab1">
          <Coords points="118,1093 811,1093 811,1134 118,1134"/>
          <TextEquiv>
            <Unicode>Et dans vôtre billet ils ſont ſi bien marquez....</Unicode>
          </TextEquiv>
          <TextStyle fontFamily="Times New Roman" fontSize="11.0"/>
        </Word>
      </TextLine>
    </TextRegion>
    <TextRegion type="paragraph" id="r_1_19" custom="readingOrder {index:18;}">
      <Coords points="376,1133 653,1133 653,1163 376,1163"/>
      <TextLine id="tl_28" primaryLanguage="English" custom="structure {type:default;} readingOrder {index:0;}">
        <Coords points="377,1134 652,1134 652,1162 377,1162"/>
        <Baseline points="377,1160 413,1160 472,1162 505,1161 540,1160 567,1160 608,1161 652,1162"/>
        <Word id="w_w2aab1b1b2c37b1ab1">
          <Coords points="377,1134 652,1134 652,1162 377,1162"/>
          <TextEquiv>
            <Unicode>D. ELUIRE.</Unicode>
          </TextEquiv>
        </Word>
      </TextLine>
    </TextRegion>
    <TextRegion type="paragraph" id="r_1_20" custom="readingOrder {index:19;}">
      <Coords points="114,1171 825,1171 825,1211 114,1211"/>
      <TextLine id="tl_29" primaryLanguage="English" custom="structure {type:default;} readingOrder {index:0;}">
        <Coords points="115,1172 824,1172 824,1210 115,1210"/>
        <Baseline points="115,1208 144,1199 206,1210 287,1200 391,1204 490,1203 643,1200 720,1201 824,1209"/>
        <Word id="w_w2aab1b1b2c39b1ab1">
          <Coords points="115,1172 824,1172 824,1210 115,1210"/>
          <TextEquiv>
            <Unicode>Je n'y veux point, Eliſe, employer cette lettre,</Unicode>
          </TextEquiv>
          <TextStyle fontFamily="Times New Roman" fontSize="11.0"/>
        </Word>
      </TextLine>
    </TextRegion>
    <TextRegion type="paragraph" id="r_1_21" custom="readingOrder {index:20;}">
      <Coords points="116,1209 920,1209 920,1278 116,1278"/>
      <TextLine id="tl_30" primaryLanguage="English" custom="structure {type:default;} readingOrder {index:0;}">
        <Coords points="117,1210 919,1210 919,1250 117,1250"/>
        <Baseline points="117,1239 187,1238 238,1241 311,1239 394,1239 451,1239 578,1244 615,1240 668,1240 735,1241 834,1245 919,1239"/>
        <Word id="w_w2aab1b1b2c41b1ab1">
          <Coords points="117,1210 919,1210 919,1250 117,1250"/>
          <TextEquiv>
            <Unicode>C’eſt un ſoin qu’à ma bouche, il me vaut mieux com¬</Unicode>
          </TextEquiv>
          <TextStyle fontFamily="Times New Roman" fontSize="11.0"/>
        </Word>
      </TextLine>
      <TextLine id="tl_31" primaryLanguage="English" custom="structure {type:default;} readingOrder {index:1;}">
        <Coords points="154,1258 259,1258 259,1277 154,1277"/>
        <Baseline points="154,1277 259,1277"/>
        <Word id="w_w2aab1b1b2c41b3ab1">
          <Coords points="154,1258 259,1258 259,1277 154,1277"/>
          <TextEquiv>
            <Unicode>mettre.</Unicode>
          </TextEquiv>
          <TextStyle fontFamily="Times New Roman" fontSize="11.0"/>
        </Word>
      </TextLine>
    </TextRegion>
    <TextRegion type="paragraph" id="r_1_22" custom="readingOrder {index:21;}">
      <Coords points="113,1286 851,1286 851,1364 113,1364"/>
      <TextLine id="tl_32" primaryLanguage="English" custom="structure {type:default;} readingOrder {index:0;}">
        <Coords points="114,1287 826,1287 826,1324 114,1324"/>
        <Baseline points="114,1317 152,1317 248,1315 319,1316 397,1315 473,1316 539,1319 631,1318 709,1319 826,1321"/>
        <Word id="w_w2aab1b1b2c43b1b1b1">
          <Coords points="114,1287 826,1287 826,1324 114,1324"/>
          <TextEquiv>
            <Unicode>La faveur d'un écrit laiſſe aux mains d’un Amant</Unicode>
          </TextEquiv>
        </Word>
      </TextLine>
      <TextLine id="tl_33" primaryLanguage="English" custom="structure {type:default;} readingOrder {index:1;}">
        <Coords points="113,1325 850,1327 850,1363 113,1361"/>
        <Baseline points="114,1356 172,1355 300,1354 371,1363 508,1356 551,1356 646,1356 850,1361"/>
        <Word id="w_w2aab1b1b2c43b3ab1">
          <Coords points="113,1325 850,1327 850,1363 113,1361"/>
          <TextEquiv>
            <Unicode>Des témoins trop conſtans de nôtre attachement:</Unicode>
          </TextEquiv>
          <TextStyle fontFamily="Times New Roman" fontSize="11.0"/>
        </Word>
      </TextLine>
    </TextRegion>
    <TextRegion type="paragraph" id="r_1_23" custom="readingOrder {index:22;}">
      <Coords points="115,1362 874,1362 874,1435 115,1435"/>
      <TextLine id="tl_34" primaryLanguage="English" custom="structure {type:default;} readingOrder {index:0;}">
        <Coords points="116,1363 873,1363 873,1405 116,1405"/>
        <Baseline points="116,1396 189,1395 273,1395 448,1398 543,1395 649,1395 698,1396 746,1396 786,1399 873,1401"/>
        <Word id="w_w2aab1b1b2c45b1ab1">
          <Coords points="116,1363 873,1363 873,1405 116,1405"/>
          <TextEquiv>
            <Unicode>Ainſi donc empêchez, qu’au Prince on ne la livre.</Unicode>
          </TextEquiv>
          <TextStyle fontFamily="Times New Roman" fontSize="11.0"/>
        </Word>
      </TextLine>
      <TextLine id="tl_35" primaryLanguage="English" custom="structure {type:default;} readingOrder {index:1;}">
        <Coords points="433,1408 599,1408 599,1434 433,1434"/>
        <Baseline points="433,1434 599,1434"/>
        <Word id="w_w2aab1b1b2c45b3ab1">
          <Coords points="433,1408 599,1408 599,1434 433,1434"/>
          <TextEquiv>
            <Unicode>ELISE.</Unicode>
          </TextEquiv>
          <TextStyle fontFamily="Times New Roman" fontSize="9.0"/>
        </Word>
      </TextLine>
    </TextRegion>
    <TextRegion type="paragraph" id="r_1_24" custom="readingOrder {index:23;}">
      <Coords points="114,1442 884,1442 884,1563 114,1563"/>
      <TextLine id="tl_36" primaryLanguage="English" custom="structure {type:default;} readingOrder {index:0;}">
        <Coords points="118,1443 883,1443 883,1485 118,1485"/>
        <Baseline points="118,1471 218,1473 278,1473 414,1474 485,1474 543,1473 612,1475 712,1475 775,1479 883,1479"/>
        <Word id="w_w2aab1b1b2c47b1ab1">
          <Coords points="118,1443 883,1443 883,1485 118,1485"/>
          <TextEquiv>
            <Unicode>Toutes vos volontez ſont des loix qu’on doit ſuivre.</Unicode>
          </TextEquiv>
          <TextStyle fontFamily="Times New Roman" fontSize="11.0"/>
        </Word>
      </TextLine>
      <TextLine id="tl_37" primaryLanguage="English" custom="structure {type:default;} readingOrder {index:1;}">
        <Coords points="115,1484 708,1484 708,1522 115,1522"/>
        <Baseline points="115,1520 242,1510 402,1511 470,1512 493,1514 548,1513 634,1515 708,1516"/>
        <Word id="w_w2aab1b1b2c47b3ab1">
          <Coords points="115,1484 708,1484 708,1522 115,1522"/>
          <TextEquiv>
            <Unicode>J’admire cependant que le Ciel ait jetté</Unicode>
          </TextEquiv>
        </Word>
      </TextLine>
      <TextLine id="tl_38" primaryLanguage="English" custom="structure {type:default;} readingOrder {index:2;}">
        <Coords points="117,1522 737,1522 737,1562 117,1562"/>
        <Baseline points="117,1550 192,1550 231,1550 264,1562 348,1554 476,1553 541,1553 588,1553 692,1555 737,1560"/>
        <Word id="w_w2aab1b1b2c47b5ab1">
          <Coords points="117,1522 737,1522 737,1562 117,1562"/>
          <TextEquiv>
            <Unicode>Dans le goût des eſprits tant de diverſité,</Unicode>
          </TextEquiv>
        </Word>
      </TextLine>
    </TextRegion>
    <TextRegion type="paragraph" id="r_1_25" custom="readingOrder {index:24;}">
      <Coords points="116,1561 858,1561 858,1605 116,1605"/>
      <TextLine id="tl_39" primaryLanguage="English" custom="structure {type:default;} readingOrder {index:0;}">
        <Coords points="117,1562 857,1562 857,1604 117,1604"/>
        <Baseline points="117,1590 150,1590 215,1589 259,1589 328,1590 382,1592 446,1593 595,1592 718,1595 857,1602"/>
        <Word id="w_w2aab1b1b2c49b1ab1">
          <Coords points="117,1562 857,1562 857,1604 117,1604"/>
          <TextEquiv>
            <Unicode>Et que ce que les uns regardent comme outrage,</Unicode>
          </TextEquiv>
          <TextStyle fontFamily="Times New Roman" fontSize="11.0"/>
        </Word>
      </TextLine>
    </TextRegion>
    <TextRegion type="paragraph" id="r_1_26" custom="readingOrder {index:25;}">
      <Coords points="564,1597 927,1597 927,1641 564,1641"/>
      <TextLine id="tl_40" primaryLanguage="English" custom="structure {type:default;} readingOrder {index:0;}">
        <Coords points="565,1598 926,1598 926,1640 565,1640"/>
        <Baseline points="565,1632 588,1632 621,1640 926,1631"/>
        <Word id="w_w2aab1b1b2c51b1ab1">
          <Coords points="565,1598 926,1598 926,1640 565,1640"/>
          <TextEquiv>
            <Unicode>À 5 Soit</Unicode>
          </TextEquiv>
          <TextStyle fontFamily="Times New Roman" fontSize="11.0"/>
        </Word>
      </TextLine>
    </TextRegion>
  </Page>
</PcGts>
