1018 1744
97 291 899 363 DOM GARCIE

131 399 863 457 DE NAVARRE,

409 494 579 522 OU LE

121 556 874 606 PRINCE JALOUX,

301 641 689 679 COMEDIE.

251 776 733 813 ACTE I.

302 850 684 887 SCENE I.

231 926 755 960 D. ELUIRE, ELISE.

358 981 632 1008 D. ELUIRE.

219 1015 908 1062 On, ce n’eſt point un choix, qui pour ces deux

272 1058 396 1092 Amans,

236 1095 898 1137 Sceut regler de mon cœur les ſecrets ſentimens;

238 1136 901 1177 Et le Prince n’a point dans tout ce qu’il peut étre:

91 1175 770 1215 Ce qui fit preferer l’amour qu'il fait paroître.

91 1213 719 1256 D. Sylve comme lui fit briller à mes yeux

91 1255 703 1294 Toutes les qualitez d’un Heros glorieux;

92 1290 815 1329 Même éclat de vertus, joint à même naiſſance,

93 1331 789 1370 Me parloit en tous deux pour cette preference;

93 1370 733 1409 Et je ſerois encor à nommer le vainqueur,

90 1410 735 1448 Si le merite ſeul prenoit droit ſur un cœur.

94 1448 891 1488 Mais ces chaînes du Ciel, qui tombent ſur nos ames,

93 1487 758 1517 Deciderent en moi le deſtin de leurs flâmes;

94 1526 711 1566 Et toute mon eſtime égale entre les deux,

89 1564 787 1596 Laiſſa vers D. Garcie entraîner tous mes vœux.

524 1607 581 1642 A 3

828 1603 884 1629 ELI
