1044 1756
246 66 943 121 DE NAVARRE. 17

141 113 754 158 Mais je mourrai plutôt que d’y conſentir.

140 152 630 194 Puiſſiez-vous joüir, belle Eluire,

140 191 882 237 D’un deſtin plus doux que le mien. D. IGNES.

238 233 410 262 Il continüe.

137 270 752 305 Dans la haute vertu ſon ame eſt affermie.

399 314 678 343 D. ELUIRE.

135 347 745 391 Je vais faire réponſe à cette illuſtre amie.

134 385 890 433 Cependant apprenez, Prince, à vous mieux armer

135 427 836 471 Contre ce qui prend droit de vous trop allarmer.

133 466 803 505 J’ai calmé vôtre trouble, avec cette lumiere,

134 504 739 548 Et la choſe a paſſé d’une douce maniere:

135 544 844 589 Mais à n’en point mentir il ſeroit des momens,

134 583 815 627 Où je pourrois entrer dans d’autres ſentimens.

384 627 670 656 D. GARCIE.

133 661 584 705 Hé, quoi vous croyez donc....

394 705 669 733 D. ELUIRE.

541 743 928 785 Je croi ce qu’il faut croire....

131 779 759 816 Adieu, de mes avis conſervez la memoire,

130 818 890 864 Et s’il eſt vrai pour moi, que vôtre amour ſoit grand

129 859 867 903 Donnez en à mon cœur les preuves qu’il pretend.

388 901 668 929 D. GARCIE.

127 935 836 982 Croyez que deſormais, c’eſt là tout mon envie,

127 977 852 1024 Et qu’avant qu’y manquer, je veux perdre la vie.

355 1095 693 1134 ACTE II.

250 1156 794 1198 SCENE I.

297 1221 747 1256 ELISE, D. LOPE.

441 1264 596 1292 ELISE.

247 1298 918 1342 Out ce que fait le Prince, à parler franchement,

254 1337 918 1383 N’eſt pas ce qui me donne un grand étonnement

252 1376 913 1419 Car que d’un noble amour une ame bien ſaiſie,

249 1416 838 1461 En pouſſe les tranſport juſqu'à la jalouſie;

116 1454 866 1499 Que de toutes frequents ſes vœux ſoyent traverſés,

113 1494 726 1537 Il eſt fort naturel, & je l’approuve aſſez;

113 1533 911 1578 Mais ce qui me ſurprend, Dom Lope, c’eſt d’entendre

114 1572 870 1619 Que vous lui preparez les ſoupçons qu’il doit prendre,

849 1616 911 1650 Que
