4267 7701
2394 543 2547 688 6.

1028 706 3916 932 pour elle, qu'elles ne ſont pas tous¬

1015 910 3919 1139 jours des coups du Ciel ou de la for¬

1026 1170 1427 1285 tune.

1237 1315 3914 1528 Candole avait les yeux bleus &

1024 1518 3937 1743 bien faits, les traits irreguliers, la bou¬

1022 1706 3928 1948 che grande & deſagreable, mais de

1017 1922 3934 2120 fort belle dens, les cheveux d’un

1028 2122 3937 2352 blond doré en la plus grande quantité

1035 2322 3936 2536 du monde, ſa taille eſtoit admirable,

1025 2526 3935 2760 il s’habilloit bien & les plus propres

1024 2726 3945 2952 taſchoyent de l’imiter, il avoit l’air

1027 2934 3944 3160 d’un homme de qualité, & tenoit l’un

1026 3138 3935 3360 des premieres rangs de France, com¬

1028 3338 3946 3564 me on diroit a preſent de Duc & Pair,

1023 3538 3955 3771 il eſtoit Gouverneur des Gergoniens

1022 3727 3965 3974 en Chef, & des Bourguignons con¬

1017 3942 3962 4172 jointement avec ſon pere Bernard

1015 4134 3961 4354 d’Angleterre, & General de l’Infan¬

1026 4337 3962 4565 terie gauloiſe, le genie en eſtoit me¬

1033 4534 3958 4758 diocre, mais dans les premieres a¬

1036 4742 3949 4924 mours il eſtoit tombé entre les mains

1027 4942 3952 5168 d’une Dame qui avoit infiniment de

1029 5146 3954 5373 l’Eſprit, & comme ils s’eſtoyent tous

1036 5346 3949 5580 deux fort aimées elle avoit pris tant

1032 5542 3958 5787 de ſoin a le dresser, & luy de plaire a

1034 5758 3939 5984 cette belle, que l’Art avoit paſſé la

1036 5958 3933 6192 nature, & qu’il eſtoit beaucoup plus

1039 6158 3936 6400 honeſte homme que mille gens qui

3358 6381 3935 6548 avoient
