4267 7638
1764 545 2009 660 11.

466 674 3353 939 qu'ils avoyent au paravant, cependant

465 877 3367 1099 Oroondate eſtant demeuré maiſtre

464 1078 3359 1335 du champ de bataille, Candole re¬

467 1285 3366 1539 commance ſes plaintes contre luy, il

470 1482 3361 1739 fait de nouveaux efforts pour le chaſ¬

469 1685 3367 1943 ſer, mais inutilement; Ardeſile luy dit

476 1890 3366 2147 qu'il ne conſidere que ſes intereſts, &

482 2089 3377 2347 qu’il ne ſe ſoucie pas de la perdre,

481 2285 3384 2551 puis que ſi elle deffendoit a Oroonda¬

488 2489 3387 2731 te de la voir, ſon mary & tout le mon¬

491 2690 3370 2943 de ne doutteroyent pas du Sacrifice.

494 2901 3397 3139 Ardeſile qui n’aimoit pas tant Oroon¬

489 3097 3396 3355 date que Candole, ne le veut pourtant

496 3301 3395 3555 pas perdre, tant par ce qu’un & un

495 3505 3390 3759 ſont deux, que parce que les coquettes

498 3713 3396 3947 croyent mieux retenir leurs amans

497 3909 3403 4155 par une petite jalouſie que par une

512 4125 2034 4359 grande tranquillité.

730 4297 3401 4544 Dans cette entrefaitte Criſpin,

525 4493 3404 4751 homme aſſés aagé, de baſſe naiſſance,

520 4701 3403 4927 mais fort riche, devint amoureux

515 4901 3410 5163 d’Ardeſile, & ayant deſcouvert qu’el¬

502 5105 3409 5363 le aimoit le jeu, il crut que ſon argent

521 5309 3411 5547 luy tiendroit lieu de merite, & fonda

528 5513 3411 5763 ſes plus belles Eſperances ſur la ſom¬

535 5717 3418 5971 me qu’il reſolut de luy offrir, il avoit

538 5909 3412 6171 aſſés d’accés chez elle pour luy parler

541 6117 3419 6379 luy meſme s’il euſt oſé, mais il n’avoit

1984 6341 3434 6562 A 6 pas
