4267 7612
1839 557 1999 700 7.

475 687 3353 919 avoient plus d’Eſprit que luy, eſtant

473 887 3370 1111 donc de retour des confins de l'Eſpa¬

466 1091 3364 1327 gne, ou il avoit commandé l’Armée

460 1295 3369 1483 ſoubs l’authorité du Prince comme

465 1499 3370 1731 proche parent du Roy, il commence

466 1699 3380 1935 a teſmoigner a Ardeſile par mille em¬

476 1903 3369 2131 preſſements l’amour qu’il avoit pour

469 2099 3375 2351 elle dans la penſée, qu’il eut qu’elle

474 2303 3368 2523 n’avoit jamais rien aimé, & voyant

476 2491 3385 2727 qu’elle ne reſpondoit pas a ſa paſſion,

481 2699 3394 2923 il reſolut enfin de la luy apprendre de

482 2891 3388 3131 maniere qu’elle ne peuſt faire ſem¬

480 3103 3393 3331 blant de l’ignorer, mais comme il

485 3303 3391 3531 avoit pour toutes les femmes un re¬

483 3503 3396 3739 ſpect qui tenoit un peu de la honte, il

484 3695 3393 3935 aima mieux eſcrire a Ardeſile que luy

489 3913 3055 4135 parler, voicy ce qu’il luy eſcrivit.

1349 4392 2582 4577 LETTRE.

499 4819 3403 5351 JE ſuis au Deſespoir, Madame,

737 5071 3411 5305 que toutes les Declarations d’A¬

499 5295 3408 5555 mour ſe reſſemblent. Et qu'il y ait

512 5531 3394 5783 tant de difference entre les ſentimens.

514 5743 3415 6030 Je ſens bien que je vous aime plus

524 6015 3413 6262 que tout le monde n'a de couſtume

1793 6231 3415 6486 A 4 d'aimer
