4267 7692
2304 591 2570 745 26.

986 796 3900 1051 ne me pas deſadvover en vous ai¬

984 1024 3890 1311 mant, tous les amans d'ordinaire ſont

982 1262 3914 1526 bien aiſe d'entendre nommer leurs

988 1505 3907 1794 Maiſtreſſes, mais pour moy je tremble

998 1741 3904 2031 quand je lis ou que j'entends voſtre

993 1992 3910 2267 nom, il me ſemble tousjours que je

991 2228 3922 2510 vay apprendre une hiſtoire de vous,

961 2492 3915 2747 pire que la premiere, cepandant je

983 2728 3917 2987 n'ay que faire, pour vous meſpriſer,

993 2949 3915 3231 d'en ſçavoir d’avantage, vous ne

971 3212 3918 3532 pouveZ rien adjouſter a voſtre infa¬

989 3456 3915 3708 mie, attendés vous auſſy a tous les

987 3684 3921 3964 reſſentimens que merite une femme

965 3920 3919 4208 ſans honneur d'un honneſte homme

995 4165 3913 4440 qui l'a fort aimée, je n'entre en au¬

998 4425 3927 4680 cun deſtail avec vous parce que je

996 4661 3917 4924 ne recherche point voſtre juſtifica¬

998 4893 3924 5164 tion, & que non ſeulement vous eſtes

1000 5129 3925 5402 convaincue a mon eſgard, mais que

986 5344 3921 5642 je ne puis jamais revenir pour vous.

1211 5842 3916 6040 Candole eſcrivit cette Lettre ſur le

1001 6057 3914 6296 temps qu’il alloit partir pour retour¬

1007 6261 3917 6508 ner a la cour, il venoit de perdre un

3234 6481 3928 6678 combat,
