4267 7647
1757 522 2015 693 19.

443 651 3306 909 des teſmoignages du dereglement

445 855 3312 1109 naturel de ſa raiſon, quand elle avoit

436 1063 3322 1329 quelque emportement pour luy qui

434 1271 3337 1505 eſclatoit il la croyoit vivement tou¬

453 1470 3343 1729 chée, & cepandant elle n’eſtoit que

459 1667 3337 1913 folle, il eſtoit tellement perſuadé de

450 1874 3344 2129 la paſſion qu'elle avoit pour luy que

456 2074 3363 2349 quand il mourroit d’amour pour elle

462 2278 3349 2525 il apprehendoit encor d’eſtre ingrat,

473 2478 3371 2725 on peut bien juger que la conduite

475 2670 3377 2921 de ces amans fit grand bruit, ils

477 2866 3376 3121 avoyent tous deux des ennemys, & la

476 3074 3382 3285 fortune de l’un & la beauté de l’autre

482 3278 3393 3521 luy avoit fait beaucoup d’envieux,

481 3478 3399 3725 quand tout le monde les auroit voulu

487 3678 3405 3929 ſervir ils auroyent tout deſtruit par

486 3886 3408 4129 leur Imprudence, & tout le monde

492 4082 3414 4321 leur vouloit nuire, ils ſe donnoyent

506 4278 3416 4520 des rendés vous par tout, ſans avoir

509 4482 3415 4728 pris aucune meſure avec perſonne, ils

511 4682 3425 4924 ſe voyoyent quelques fois dans une

517 4882 3420 5128 maiſon que Candole tenoit ſoubs le

524 5090 3426 5332 nom d’une Dame de Campagne

526 5286 3425 5532 qu’Ardeſile faiſoit ſemblant d’aller

541 5494 3419 5740 voir, & le plus ſouvent la nuict chez

547 5694 3429 5900 elle meſme, tout ces rendéſvous

557 5898 3428 6152 n’uſoyent pas tout le temps de cette

552 6102 3438 6360 perfide, lors que Candole ſortoit

3038 6308 3438 6479 d'au¬
