4267 7638
2332 502 2574 697 14.

1002 680 3873 937 piſtolles dont ils eſtoyent convenus,

996 890 3862 1118 elle les enferma dans une Caſette, &

995 1082 3881 1347 ſe mettant ſur un petit lict de repos

989 1294 3875 1529 aupres de luy, perſonne, luy dit elle

995 1494 3874 1751 Mr. n’eſcrit en gaule comme vous, ce

986 1690 3867 1926 que je vais dire n’eſt pas pour faire le

972 1885 3870 2142 bel eſprit, mais il eſt certain que je

974 2085 3872 2338 connois peu de gens qui en ayent: la

968 2297 3874 2530 plus part ne vous diſent que des ſotti¬

963 2489 3864 2726 ſes & quand ils veulent eſcrire des

957 2689 3863 2930 lettres tendres ils penſent avoir bien

951 2897 3861 3134 rencontré de vous dire qu’ils vous

949 3097 3863 3334 adorent, & qu’ils vont mourir pour

944 3297 3857 3542 vous ſi vous ne les aimés, que ſi vous

942 3497 3864 3734 leur faittes cette grace ils vous ſervi¬

940 3701 3850 3914 ront toute leur vie, comme ſi on avoit

939 3893 3844 4118 bien affaire de leurs ſervices. Je ſuis

933 4093 3838 4330 ravi, dit Criſpin, que mes lettres vous

935 4297 3845 4534 plaiſent, Madame, Je n’en feray pas

929 4497 3843 4734 de façon, mes lettres ne me couſtent

923 4697 3833 4942 rien, voila interrompit elle, ce qui eſt

926 4897 3828 5142 difficile a croire, il faut donc que vous

920 5101 3826 5346 ayés un fort grand fond. Apres quel¬

918 5301 3824 5546 ques autres diſcours, que l'amour in¬

917 5500 3820 5741 terrompit deux ou trois fois, ils con¬

903 5717 3816 5934 vinrent d’un autre entreveüe, & à celle

905 5905 3803 6166 la, encor d'un autre, de ſorte que deux

907 6113 3789 6362 mille Piſtolles valeürent a Criſpin

3422 6355 3783 6522 trois
