4267 7469
1788 435 2044 600 29.

676 583 3301 812 La primiere lettre que Candole

481 775 3305 984 avoit eſcrit a Ardeliſe ſur le ſujet de

481 975 3314 1192 Caſtillante, luy avoit fait tant de peur

474 1171 3315 1400 de ſon retour qu’elle l’apprehendoit

490 1367 3319 1592 comme la mort, & je penſe qu’elle

471 1575 3324 1780 ſouhaittoit de ne le revoir jamais,

480 1775 3332 1996 cepandant le bruit de l’extremité ou

480 1963 3329 2180 il eſtoit, la mit au deſeſpoir, & la

489 2167 3342 2372 nouvelle de ſa mort que luy donna

502 2359 3334 2584 Feſique ſon amye faillit a la faire

502 2555 3347 2772 mourir elle meſme, elle fut quelque

495 2747 3328 2968 temps ſans connoiſſance, & elle ne

500 2947 3316 3172 revint qu’au nom de Mirelle, qu’on

496 3147 3349 3364 luy dit qu’il luy vouloit parler, Mi¬

505 3347 3345 3564 relle eſtoit le principal confident de

525 3547 3342 3760 Candole, qui apportoit a Ardeliſe de

514 3703 3351 3960 la part de ſon Maiſtre la lettre, qu’il

527 3935 3363 4144 luy avoit eſcritte en mourant, & la

535 4131 3352 4312 caſſette ou il enfermoit les lettres &

540 4327 3361 4548 toutes les autres faveurs qu’il avoit

545 4519 3373 4736 eu d’elle, apres avoir bien leu cette

549 4715 3366 4932 derniere lettre, elle ſe mit a pleu¬

546 4911 3366 5132 rer plus fort qu’auparavant, la Com¬

554 5103 3387 5328 teſſe qui ne la quittoit point dans un

579 5311 3380 5528 eſtat ſi deplorable, luy propoſa pour

568 5499 3396 5680 amuſer ſa douleur d’ouvrir cette

572 5703 3381 5880 caſette, ou elles trouverent d’abord

573 5903 3382 6124 un mouchoir marqué de ſang en

1978 6115 3406 6320 B 3 quel¬
