4267 7647
1580 507 1890 683 13.

1235 876 2468 1069 LETTRE.

381 1269 3288 1972 JE m'eſtois bien apperceue que vous

778 1513 3287 1755 aviés de l'Eſprit par les conver¬

691 1745 3296 2003 ſations que j'ay eue avec vous,

400 1993 3297 2232 mais je ne ſçavois pas encor que vous

393 2205 3302 2472 eſcriviſſiés ſi bien que vous faittes, je

402 2457 3307 2716 n'ay rien veu de ſi jolis que voſtre let¬

411 2685 3300 2944 tre, & je ſeray ravie d'en recevoir

392 2937 3312 3180 ſouvent de ſemblables, cepandant je

396 3177 3317 3424 ſeray bien aiſe de m'entretenir avec

421 3417 2310 3656 vous ſe ſoir a ſix heures.

1848 3701 3180 3898 ARDELISE.

656 4105 3325 4331 Criſpin ne manqua pas de ſe trou¬

425 4313 3318 4520 ver au rendéſvous, & s’y trouva en

434 4505 3326 4696 habit cecent, c’eſt a dire, avec ſon ſac

438 4713 3323 4936 & ſes quilles, Quinette l’ayant in¬

427 4909 3332 5088 troduit dans le cabinet de ſa maiſtreſ¬

428 5109 3333 5324 ſe les laiſſa ſeuls. Voila, luy dit il, Ma¬

437 5313 3330 5536 dame, luy monſtrant ce qu’il portoit

442 5485 3347 5770 ce qui ne ſe trouve pas tous les jours,

442 5725 3339 5955 voulés vous le recevoir, je le veus

455 5925 3344 6112 bien dit Ardeliſe & cela nous amuſe¬

455 6117 3349 6352 ra. Ayant donc conté les deux mille

2837 6321 3346 6547 piſtol-
