4267 7647
2361 493 2583 612 10.

982 616 3844 871 faiſoit bonne fortune en deſpit d’elle

982 816 3833 1087 meſme, & la choſe euſt duré plus

971 1020 3838 1291 longtemps, ſi cette belle n’euſt gagné

977 1216 3843 1456 ſur la modeſtie de luy faire tant d’a¬

969 1424 3840 1680 vance, qu’il pouvoit tout entrepren¬

971 1624 3845 1872 dre aupres d’elle ſans trop s'exposer,

963 1820 3854 2076 ſon affaire eſtant conclue, il s’appar¬

953 2016 3851 2232 cent bientoſt du commerce d’Oroon¬

949 2228 3844 2476 date. Un pretendant d’ordinaire ne

938 2428 3833 2684 regarde que devant luy, mais un

935 2628 3834 2880 amant bien traitté regarde a droit & a

940 2828 3831 3080 gauche, & n’eſt pas longtemps ſans

942 3028 3840 3252 deſcouvrir ſon rival, ſur cela Candole

934 3228 3833 3480 ſe plaint, ſa maiſtreſſe le traitte de bi¬

931 3424 3826 3680 ſarre, & de tyran, & le prend ſur un

924 3628 3823 3879 ton ſi hault qu’il luy demande par¬

929 3824 3824 4080 don, & ſe croit trop heureux de l’a¬

918 4024 3813 4279 voir adoucie. Ce calme ne dure pas

907 4228 3822 4472 longtemps, Oroondate de ſon coſté

912 4420 3815 4683 fait des reproches auſſy inutiles que

921 4624 3808 4887 ceux de Candole & voyant qu’il ne

914 4816 3801 5071 peut deſtruire ſon rival il fait ſoubs

915 5024 3798 5283 main donner advis a Lenix qui def¬

904 5216 3795 5463 fend a Ardeſile de le voir, c’eſt a dire

901 5424 3784 5679 redouble l’amour de ces deux amans,

898 5628 3781 5875 qui ayant plus d’envie de ſe voir de¬

895 5824 3770 6059 puis les deffences, en trouverent mil¬

884 6023 3759 6307 le moyens plus commodes que ceux

3356 6289 3775 6507 qu’ils
