4267 7612
1762 566 1910 722 5.

446 726 3302 926 nir Comte de tout ce que vous avéz

438 922 3310 1130 fait pour moy des le premier jour que

438 1114 3302 1298 vous m’avez veüe, & cela me doit ſer¬

426 1322 3302 1534 vir d’excuse quand je vous avoueray

426 1518 3310 1738 que je vous aime. Ne m'en eſtimés pas

430 1726 3314 1930 moins, puis qu’il a longtemps que je

438 1918 3310 2126 vous entens soupirer, & quand mesme

426 2118 3310 2322 on pourroit trouver quelque choſe a

430 2310 3322 2522 redire a mon peu de reſiſtance. Ce ſe¬

430 2506 3318 2714 roit une marque de la force de voſtre

438 2710 2978 2922 merite pluſtoſt que de ma facilité.

646 2918 3314 3114 Apres cela l'on peut bien juger que

438 3114 3302 3318 la Dame ne fut pas longtemps ſans

442 3310 3322 3474 donner les dernieres faveurs au Ca¬

430 3510 3310 3714 vailler, & cela dura quatre ou cinq

430 3714 3314 3918 mois de part & d’autres ſans qu’il y

426 3906 3322 4122 euſt aucun tracas, mais enfin la

442 4094 3314 4306 beauté d’Ardeliſe faiſoit trop de

438 4298 3314 4502 bruit, & cette conqueſte promettoit

430 4502 3322 4706 trop de gloire a qui la feroit pour

430 4698 3318 4906 laiſſer Oroondate en repos, & Can¬

438 4890 3318 5102 dole qui eſtoit l’homme de la cour le

442 5098 3318 5310 mieux fait, crut qu’il ne manquoit

442 5298 3318 5506 rien a ſa reputation que cela, il ſe

450 5498 3314 5706 reſolut donc trois mois apres la cam¬

446 5694 3318 5898 pagne finie d’eſtre amoureux d’elle

458 5886 3318 6098 ſitoſt qu’il la verroit, il fit voir par

466 6094 3318 6310 une grande paſſion qu’il eut enſuite

1850 6310 3330 6510 A 3 pour
