4267 7683
2319 480 2477 634 8.

936 676 3834 953 d'aimer, & je ne ſçaurois vous le

921 936 3835 1193 dire que comme tout le monde vous

930 1176 3837 1449 le dit, ne prenés donc point garde

924 1404 3842 1677 aux paroles qui ſont foibles, & qui

901 1632 3852 1917 peuvent eſtre trompeuſes, mais faites

906 1884 3845 2153 reflexion ſur la conduite que je veux

912 2116 3842 2385 avoir avec vous, & ſi elle vous teſ¬

909 2372 3851 2629 moigne que pour la continuer tous¬

894 2600 3849 2881 jours de meſme force il faut eſtre

900 2832 3850 3085 vivement touché, rendés vous a ces

889 3072 3843 3353 teſmoignages, & croyés que puis que

878 3316 3841 3593 je vous aime ſi fort, n'eſtant point

895 3552 3838 3825 aimé de vous, je vous adoreray,

889 3788 3835 4069 quand vous m'aués obligé d’avoir

882 4032 2521 4262 de la reconnoiſſance.

1116 4259 3834 4493 Ardeliſe ayant receu cette lettre y

886 4448 2620 4688 fiſt auſſy toſt reſponce.

1693 4921 2975 5116 LETTRE.

881 5300 3826 5651 S'Il y a quelque choſe que vous em¬

1132 5502 3816 5817 peſche d’eſtre cru, quand vous par¬

878 5780 3809 6057 lés de vos amours, ce n'eſt pas qu’ils

880 6016 3806 6301 m’importunent, c'eſt que vous en

3524 6338 3794 6521 par
