4267 7647
1751 501 2010 672 15.

424 646 3313 860 trois rendéſvous, mais Ardeſile vou¬

413 858 3327 1088 lant ſe prevaloir de l’amour de ce

415 1066 3312 1292 Bourgeois, & de ſon bien, le pria a la

412 1266 3309 1496 quatrieſme viſite de recommancer a

409 1470 3314 1700 luy eſcrire de ces billets galants com¬

418 1670 3303 1908 me celuy qu’elle avoit receu de luy.

635 1878 3321 2102 Criſpin voyant que cela tiroit con¬

409 2074 3314 2304 ſequence luy fit des reproches qui ne

406 2274 3315 2500 luy ſervirent de rien, & tout ce qu’il

411 2471 3296 2700 en peut obtenir fut qu’il ne ſeroit pas

416 2674 3313 2896 chaſſé de chez elle. Et qu’il pourroit

421 2874 3311 3104 venir joüer lors qu’elle le demande¬

415 3070 3312 3304 roit. Ardeſile croyoit qu’en ſe laiſſant

412 3275 3289 3508 voir qu’elle entretiendroit ſes deſirs,

421 3470 3310 3708 & que peut eſtre ſeroit il aſſés fol

418 3682 3311 3908 pour les vouloir ſatisfaire à quelque

419 3883 3305 4108 prix que ce fuſt, cepandant il eſtoit

413 4078 3310 4312 aſſés amoureux pour ne ſe pouvoir

418 4278 3311 4508 empeſcher de la voir, mais il ne l’e¬

415 4479 3304 4704 ſtoit pas aſſés pour achepter tous les

404 4682 2721 4908 jours ſi cherement ſes faveurs.

621 4882 3310 5067 Les choſes eſtant en ces termes ſoit

423 5087 3300 5320 que le deſpit euſt fait par les Criſpin,

424 5286 3309 5516 ſoit que ſes viſites frequentes ou l’ar¬

425 5479 3306 5744 gent que joüoit Ardeſile euſſent peu

426 5690 3315 5880 faire faire des reflexions a Candole,

431 5890 3309 6128 il pria ſa maiſtreſſe, lors qu’il partit

433 6087 3306 6336 pour les confins de l’Eſpagne, de ne

2982 6290 3315 6500 plus
