<?xml version="1.0" encoding="UTF-8"?>
<PcGts xmlns="http://schema.primaresearch.org/PAGE/gts/pagecontent/2013-07-15" xmlns:xsi="http://www.w3.org/2001/XMLSchema-instance" xmlns:xs="http://www.w3.org/2001/XMLSchema" xmlns:pr="http://schema.primaresearch.org/PAGE/gts/pagecontent/2013-07-15" xsi:schemaLocation="http://schema.primaresearch.org/PAGE/gts/pagecontent/2013-07-15 http://schema.primaresearch.org/PAGE/gts/pagecontent/2013-07-15/pagecontent.xsd">
  <Metadata>
        <Creator/>
        <Created>2018-12-28T17:44:06.02+01:00</Created>
        <LastChange>2019-04-09T12:23:31.456+02:00</LastChange>
        <Comments>
                Measurement unit: pixel
                PrimaryLanguage: English
                Language: FrenchStandard
                Producer: ABBYY FineReader Engine 11</Comments>
        <TranskribusMetadata docId="146124" pageId="5420351" pageNr="34" tsid="9064920" status="DONE" userId="10612" imgUrl="https://files.transkribus.eu/Get?id=MLCUGRIANURYNNBMOZOUPCII&amp;fileType=view" xmlUrl="https://files.transkribus.eu/Get?id=AITMZSFDIFENFFTGCEUABBHV" imageId="2073229"/>
    </Metadata>
  <Page imageFilename="Bussy1665_Histoire_corrected_0034.png" imageWidth="4267" imageHeight="7612">
    <PrintSpace>
            <Coords points="32,368 4267,368 4275,6429 40,6429"/>
        </PrintSpace>
    <ReadingOrder>
            <OrderedGroup id="ro_1604217808013" caption="Regions reading order">
                <RegionRefIndexed index="0" regionRef="region_1554805379249_982"/>
                <RegionRefIndexed index="1" regionRef="r_1_1"/>
                <RegionRefIndexed index="2" regionRef="r_1_2"/>
                <RegionRefIndexed index="3" regionRef="r_1_3"/>
                <RegionRefIndexed index="7" regionRef="region_1546015656558_6812"/>
            </OrderedGroup>
        </ReadingOrder>
    <TextRegion type="" id="region_1554805379249_982" custom="readingOrder {index:0;}">
      <Coords points="2304,445 2303,583 2577,583 2578,445"/>
      <TextLine id="line_1554805379423_985" primaryLanguage="" custom="structure {type:default;} readingOrder {index:0;}">
        <Coords points="2306,445 2580,445 2577,583 2303,583"/>
        <Baseline points="2303,578 2577,578"/>
        <Word id="">
          <Coords points="2306,445 2580,445 2577,583 2303,583"/>
          <TextEquiv>
            <Unicode>22.</Unicode>
          </TextEquiv>
        </Word>
      </TextLine>
    </TextRegion>
    <TextRegion type="paragraph" id="r_1_1" custom="readingOrder {index:1;}">
      <Coords points="1024,585 3885,585 3885,866 1024,866"/>
      <TextLine id="tl_1" primaryLanguage="English" custom="structure {type:default;} readingOrder {index:0;}">
        <Coords points="1025,586 3881,586 3881,865 1025,865"/>
        <Baseline points="1026,763 1456,757 1863,759 2004,757 2466,793 2644,760 3188,789 3290,818 3499,798 3870,792"/>
        <Word id="w_w2aab1b1b2b1b1ab1">
          <Coords points="1025,586 3881,586 3881,865 1025,865"/>
          <TextEquiv>
            <Unicode>eſprit tour a tour, le billard, la pau¬</Unicode>
          </TextEquiv>
          <TextStyle fontFamily="Times New Roman" fontSize="7.5"/>
        </Word>
      </TextLine>
    </TextRegion>
    <TextRegion type="paragraph" id="r_1_2" custom="readingOrder {index:2;}">
      <Coords points="979,785 3909,786 3909,5668 979,5667"/>
      <TextLine id="tl_2" primaryLanguage="English" custom="structure {type:default;} readingOrder {index:0;}">
        <Coords points="1034,786 3865,786 3865,1020 1034,1020"/>
        <Baseline points="1034,956 1375,979 1592,955 2167,992 2352,967 3225,997 3864,1016"/>
        <Word id="w_w2aab1b1b2b3b1ab1">
          <Coords points="1034,786 3865,786 3865,1020 1034,1020"/>
          <TextEquiv>
            <Unicode>me, la chaſſe, la comedie &amp; la dance</Unicode>
          </TextEquiv>
          <TextStyle fontFamily="Times New Roman" fontSize="7.5"/>
        </Word>
      </TextLine>
      <TextLine id="tl_3" primaryLanguage="English" custom="structure {type:default;} readingOrder {index:1;}">
        <Coords points="1018,990 3866,990 3866,1256 1018,1256"/>
        <Baseline points="1019,1159 1645,1160 2253,1162 2629,1164 3145,1184 3864,1232"/>
        <Word id="w_w2aab1b1b2b3b3ab1">
          <Coords points="1018,990 3866,990 3866,1256 1018,1256"/>
          <TextEquiv>
            <Unicode>avoyent chacun leur temps avec luy,</Unicode>
          </TextEquiv>
          <TextStyle fontFamily="Times New Roman" fontSize="7.5"/>
        </Word>
      </TextLine>
      <TextLine id="tl_4" primaryLanguage="English" custom="structure {type:default;} readingOrder {index:2;}">
        <Coords points="1020,1186 3866,1186 3866,1412 1020,1412"/>
        <Baseline points="1020,1359 1578,1359 2034,1362 2286,1362 2902,1368 3281,1390 3418,1396 3865,1412"/>
        <Word id="w_w2aab1b1b2b3b5ab1">
          <Coords points="1020,1186 3866,1186 3866,1412 1020,1412"/>
          <TextEquiv>
            <Unicode>c’eſtoit alors les loteriés dont il eſtoit</Unicode>
          </TextEquiv>
          <TextStyle fontFamily="Times New Roman" fontSize="7.5"/>
        </Word>
      </TextLine>
      <TextLine id="tl_5" primaryLanguage="English" custom="structure {type:default;} readingOrder {index:3;}">
        <Coords points="1016,1386 3901,1390 3901,1665 1016,1661"/>
        <Baseline points="1016,1611 1753,1590 1971,1573 2402,1564 3106,1579 3863,1608"/>
        <Word id="w_w2aab1b1b2b3b7ab1">
          <Coords points="1016,1386 3901,1390 3901,1665 1016,1661"/>
          <TextEquiv>
            <Unicode>queſtion, &amp; elles eſtoyent tellement</Unicode>
          </TextEquiv>
        </Word>
      </TextLine>
      <TextLine id="tl_6" primaryLanguage="English" custom="structure {type:default;} readingOrder {index:4;}">
        <Coords points="1017,1590 3876,1590 3876,1840 1017,1840"/>
        <Baseline points="1018,1755 1099,1755 1303,1750 1823,1755 2195,1765 2843,1767 3083,1779 3607,1792 3875,1804"/>
        <Word id="w_w2aab1b1b2b3b9ab1">
          <Coords points="1017,1590 3876,1590 3876,1840 1017,1840"/>
          <TextEquiv>
            <Unicode>a la mode que chacun en faiſoit les</Unicode>
          </TextEquiv>
          <TextStyle fontFamily="Times New Roman" fontSize="7.5"/>
        </Word>
      </TextLine>
      <TextLine id="tl_7" primaryLanguage="English" custom="structure {type:default;} readingOrder {index:5;}">
        <Coords points="1018,1786 3877,1786 3877,2040 1018,2040"/>
        <Baseline points="1018,1951 1288,1942 2036,1962 2320,1963 2848,1975 3100,1979 3648,1992 3876,2012"/>
        <Word id="w_w2aab1b1b2b3c11ab1">
          <Coords points="1018,1786 3877,1786 3877,2040 1018,2040"/>
          <TextEquiv>
            <Unicode>uns d’argent les autres de bijoux &amp;</Unicode>
          </TextEquiv>
          <TextStyle fontFamily="Times New Roman" fontSize="7.5"/>
        </Word>
      </TextLine>
      <TextLine id="tl_8" primaryLanguage="English" custom="structure {type:default;} readingOrder {index:6;}">
        <Coords points="1011,1986 3885,1986 3885,2204 1011,2204"/>
        <Baseline points="1011,2151 1201,2149 1968,2161 2582,2175 2737,2174 2969,2181 3501,2194 3884,2200"/>
        <Word id="w_w2aab1b1b2b3c13ab1">
          <Coords points="1011,1986 3885,1986 3885,2204 1011,2204"/>
          <TextEquiv>
            <Unicode>de meubles. Ardeſile en voulut faire</Unicode>
          </TextEquiv>
          <TextStyle fontFamily="Times New Roman" fontSize="7.5"/>
        </Word>
      </TextLine>
      <TextLine id="tl_9" primaryLanguage="English" custom="structure {type:default;} readingOrder {index:7;}">
        <Coords points="1015,2186 3890,2186 3890,2428 1015,2428"/>
        <Baseline points="1016,2355 1302,2346 1578,2347 2042,2362 2745,2378 3260,2418 3673,2389 3889,2400"/>
        <Word id="w_w2aab1b1b2b3c15ab1">
          <Coords points="1015,2186 3890,2186 3890,2428 1015,2428"/>
          <TextEquiv>
            <Unicode>une de cette derniere ſorte, mais au</Unicode>
          </TextEquiv>
          <TextStyle fontFamily="Times New Roman" fontSize="7.5"/>
        </Word>
      </TextLine>
      <TextLine id="tl_10" primaryLanguage="English" custom="structure {type:default;} readingOrder {index:8;}">
        <Coords points="1004,2390 3895,2390 3895,2648 1004,2648"/>
        <Baseline points="1005,2550 1302,2550 1694,2557 2102,2555 2302,2567 2710,2581 3098,2587 3358,2592 3518,2634 3893,2572"/>
        <Word id="w_w2aab1b1b2b3c17ab1">
          <Coords points="1004,2390 3895,2390 3895,2648 1004,2648"/>
          <TextEquiv>
            <Unicode>lieu que dans la plus part on y em¬</Unicode>
          </TextEquiv>
          <TextStyle fontFamily="Times New Roman" fontSize="7.5"/>
        </Word>
      </TextLine>
      <TextLine id="tl_11" primaryLanguage="English" custom="structure {type:default;} readingOrder {index:9;}">
        <Coords points="1005,2594 3896,2594 3896,2848 1005,2848"/>
        <Baseline points="1005,2803 1595,2759 1991,2766 2675,2777 2991,2786 3339,2787 3463,2833 3895,2800"/>
        <Word id="w_w2aab1b1b2b3c19ab1">
          <Coords points="1005,2594 3896,2594 3896,2848 1005,2848"/>
          <TextEquiv>
            <Unicode>ployoit tout l’argent que l’on y avoit</Unicode>
          </TextEquiv>
          <TextStyle fontFamily="Times New Roman" fontSize="7.5"/>
        </Word>
      </TextLine>
      <TextLine id="tl_12" primaryLanguage="English" custom="structure {type:default;} readingOrder {index:10;}">
        <Coords points="1001,2782 3885,2782 3885,3052 1001,3052"/>
        <Baseline points="1002,2955 1267,2974 1500,2966 1852,2963 2056,2963 2384,2972 2820,2983 3324,2987 3512,2986 3883,2976"/>
        <Word id="w_w2aab1b1b2b3c21ab1">
          <Coords points="1001,2782 3885,2782 3885,3052 1001,3052"/>
          <TextEquiv>
            <Unicode>eu, &amp; que le ſort apres faiſoit le par¬</Unicode>
          </TextEquiv>
          <TextStyle fontFamily="Times New Roman" fontSize="7.5"/>
        </Word>
      </TextLine>
      <TextLine id="tl_13" primaryLanguage="English" custom="structure {type:default;} readingOrder {index:11;}">
        <Coords points="1010,2998 3889,2998 3889,3252 1010,3252"/>
        <Baseline points="1011,3155 1431,3185 1852,3167 2292,3178 2541,3218 2877,3184 3380,3184 3600,3196 3888,3200"/>
        <Word id="w_w2aab1b1b2b3c23ab1">
          <Coords points="1010,2998 3889,2998 3889,3252 1010,3252"/>
          <TextEquiv>
            <Unicode>tage, dans celle cy qui eſtoit de dix</Unicode>
          </TextEquiv>
          <TextStyle fontFamily="Times New Roman" fontSize="7.5"/>
        </Word>
      </TextLine>
      <TextLine id="tl_14" primaryLanguage="English" custom="structure {type:default;} readingOrder {index:12;}">
        <Coords points="1003,3190 3890,3190 3890,3452 1003,3452"/>
        <Baseline points="1004,3352 1421,3356 2016,3398 2222,3369 2557,3423 2793,3379 3158,3396 3465,3389 3889,3452"/>
        <Word id="w_w2aab1b1b2b3c25ab1">
          <Coords points="1003,3190 3890,3190 3890,3452 1003,3452"/>
          <TextEquiv>
            <Unicode>mille eſcus, il n'y en euſt pas cinq</Unicode>
          </TextEquiv>
          <TextStyle fontFamily="Times New Roman" fontSize="7.5"/>
        </Word>
      </TextLine>
      <TextLine id="tl_15" primaryLanguage="English" custom="structure {type:default;} readingOrder {index:13;}">
        <Coords points="996,3394 3891,3394 3891,3648 996,3648"/>
        <Baseline points="996,3551 1922,3573 2155,3584 2482,3582 2858,3632 3026,3582 3526,3590 3889,3580"/>
        <Word id="w_w2aab1b1b2b3c27ab1">
          <Coords points="996,3394 3891,3394 3891,3648 996,3648"/>
          <TextEquiv>
            <Unicode>d’employés &amp; ces cinq la furent par¬</Unicode>
          </TextEquiv>
          <TextStyle fontFamily="Times New Roman" fontSize="7.5"/>
        </Word>
      </TextLine>
      <TextLine id="tl_16" primaryLanguage="English" custom="structure {type:default;} readingOrder {index:14;}">
        <Coords points="980,3589 3891,3589 3891,3848 980,3848"/>
        <Baseline points="981,3751 1483,3745 1791,3754 2387,3768 3358,3788 3891,3796"/>
        <Word id="w_w2aab1b1b2b3c29ab1">
          <Coords points="980,3589 3891,3589 3891,3848 980,3848"/>
          <TextEquiv>
            <Unicode>tagées au choix d'Ardeſile. Lors</Unicode>
          </TextEquiv>
          <TextStyle fontFamily="Times New Roman" fontSize="7.5"/>
        </Word>
      </TextLine>
      <TextLine id="tl_17" primaryLanguage="English" custom="structure {type:default;} readingOrder {index:15;}">
        <Coords points="993,3786 3896,3786 3896,4052 993,4052"/>
        <Baseline points="993,3987 1532,3950 1768,3954 2040,3958 2887,3984 3895,3996"/>
        <Word id="w_w2aab1b1b2b3c31ab1">
          <Coords points="993,3786 3896,3786 3896,4052 993,4052"/>
          <TextEquiv>
            <Unicode>qu’elle fit les premieres propoſitions</Unicode>
          </TextEquiv>
          <TextStyle fontFamily="Times New Roman" fontSize="7.5"/>
        </Word>
      </TextLine>
      <TextLine id="tl_18" primaryLanguage="English" custom="structure {type:default;} readingOrder {index:16;}">
        <Coords points="990,3986 3881,3986 3881,4240 990,4240"/>
        <Baseline points="991,4151 1173,4148 1349,4147 1888,4156 2760,4178 3020,4226 3564,4195 3671,4225 3881,4212"/>
        <Word id="w_w2aab1b1b2b3c33ab1">
          <Coords points="990,3986 3881,3986 3881,4240 990,4240"/>
          <TextEquiv>
            <Unicode>de la loterie Caſtillante s’y trouva, &amp;</Unicode>
          </TextEquiv>
          <TextStyle fontFamily="Times New Roman" fontSize="7.5"/>
        </Word>
      </TextLine>
      <TextLine id="tl_19" primaryLanguage="English" custom="structure {type:default;} readingOrder {index:17;}">
        <Coords points="991,4186 3894,4186 3894,4401 991,4401"/>
        <Baseline points="992,4351 1585,4351 1973,4353 2769,4374 2905,4381 3525,4387 3893,4401"/>
        <Word id="w_w2aab1b1b2b3c35ab1">
          <Coords points="991,4186 3894,4186 3894,4401 991,4401"/>
          <TextEquiv>
            <Unicode>comme elle demanda a chacun une</Unicode>
          </TextEquiv>
          <TextStyle fontFamily="Times New Roman" fontSize="7.5"/>
        </Word>
      </TextLine>
      <TextLine id="tl_20" primaryLanguage="English" custom="structure {type:default;} readingOrder {index:18;}">
        <Coords points="991,4386 3891,4386 3891,4648 991,4648"/>
        <Baseline points="992,4547 1566,4547 2026,4550 2246,4558 2809,4587 3054,4587 3890,4636"/>
        <Word id="w_w2aab1b1b2b3c37ab1">
          <Coords points="991,4386 3891,4386 3891,4648 991,4648"/>
          <TextEquiv>
            <Unicode>femme ſelon ſa force, &amp; qu'elle luy</Unicode>
          </TextEquiv>
          <TextStyle fontFamily="Times New Roman" fontSize="7.5"/>
        </Word>
      </TextLine>
      <TextLine id="tl_21" primaryLanguage="English" custom="structure {type:default;} readingOrder {index:19;}">
        <Coords points="1004,4582 3895,4582 3897,4821 1006,4821"/>
        <Baseline points="1005,4747 1304,4751 1591,4747 1992,4750 2531,4767 2919,4769 3543,4791 3894,4765"/>
        <Word id="w_w2aab1b1b2b3c39ab1">
          <Coords points="1004,4582 3895,4582 3897,4821 1006,4821"/>
          <TextEquiv>
            <Unicode>euſt dit qu’il falloit qu’il donnaſt mil¬</Unicode>
          </TextEquiv>
          <TextStyle fontFamily="Times New Roman" fontSize="7.5"/>
        </Word>
      </TextLine>
      <TextLine id="tl_22" primaryLanguage="English" custom="structure {type:default;} readingOrder {index:20;}">
        <Coords points="997,4778 3896,4783 3890,5032 991,5027"/>
        <Baseline points="998,4951 1144,4944 1735,4974 1880,4948 2160,5005 2916,4973 3304,4975 3483,4986 3890,4969"/>
        <Word id="w_w2aab1b1b2b3c41ab1">
          <Coords points="997,4778 3896,4783 3890,5032 991,5027"/>
          <TextEquiv>
            <Unicode>le francs, il luy reſpondit qu’il le vou¬</Unicode>
          </TextEquiv>
          <TextStyle fontFamily="Times New Roman" fontSize="7.5"/>
        </Word>
      </TextLine>
      <TextLine id="tl_23" primaryLanguage="English" custom="structure {type:default;} readingOrder {index:21;}">
        <Coords points="994,4990 3893,4990 3894,5227 995,5227"/>
        <Baseline points="995,5147 1284,5146 1767,5182 1997,5170 2405,5165 2728,5214 3668,5193 3892,5193"/>
        <Word id="w_w2aab1b1b2b3c43ab1">
          <Coords points="994,4990 3893,4990 3894,5227 995,5227"/>
          <TextEquiv>
            <Unicode>loit bien, &amp; qu’il luy promettoit de</Unicode>
          </TextEquiv>
          <TextStyle fontFamily="Times New Roman" fontSize="7.5"/>
        </Word>
      </TextLine>
      <TextLine id="tl_24" primaryLanguage="English" custom="structure {type:default;} readingOrder {index:22;}">
        <Coords points="998,5182 3888,5179 3885,5428 995,5431"/>
        <Baseline points="999,5403 1321,5343 1573,5351 1893,5400 2305,5363 3101,5380 3533,5391 3888,5377"/>
        <Word id="w_w2aab1b1b2b3c45ab1">
          <Coords points="998,5182 3888,5179 3885,5428 995,5431"/>
          <TextEquiv>
            <Unicode>plus de luy faire parmy ſes amys juſ¬</Unicode>
          </TextEquiv>
          <TextStyle fontFamily="Times New Roman" fontSize="7.5"/>
        </Word>
      </TextLine>
      <TextLine id="tl_25" primaryLanguage="English" custom="structure {type:default;} readingOrder {index:23;}">
        <Coords points="999,5386 3874,5390 3870,5652 995,5648"/>
        <Baseline points="999,5600 1354,5548 1502,5554 1899,5560 2163,5561 2665,5569 3365,5587 3868,5597"/>
        <Word id="w_w2aab1b1b2b3c47ab1">
          <Coords points="999,5386 3874,5390 3870,5652 995,5648"/>
          <TextEquiv>
            <Unicode>ques a neuf mil livres. Quelque temps</Unicode>
          </TextEquiv>
        </Word>
      </TextLine>
    </TextRegion>
    <TextRegion type="paragraph" id="r_1_3" custom="readingOrder {index:3;}">
      <Coords points="1003,5589 3888,5591 3888,6271 1003,6269"/>
      <TextLine id="tl_26" primaryLanguage="English" custom="structure {type:default;} readingOrder {index:0;}">
        <Coords points="1004,5590 3879,5590 3879,5839 1004,5839"/>
        <Baseline points="1005,5743 1419,5745 1835,5763 2047,5763 3110,5788 3585,5828 3706,5794 3878,5796"/>
        <Word id="w_w2aab1b1b2b5b1ab1">
          <Coords points="1004,5590 3879,5590 3879,5839 1004,5839"/>
          <TextEquiv>
            <Unicode>apres tout le monde eſtant ſorti, a la</Unicode>
          </TextEquiv>
          <TextStyle fontFamily="Times New Roman" fontSize="7.5"/>
        </Word>
      </TextLine>
      <TextLine id="tl_27" primaryLanguage="English" custom="structure {type:default;} readingOrder {index:1;}">
        <Coords points="1009,5794 3882,5793 3882,6045 1009,6046"/>
        <Baseline points="1010,5947 1555,5959 1787,5959 2778,6015 2979,5986 3215,5994 3875,5997"/>
        <Word id="w_w2aab1b1b2b5b3ab1">
          <Coords points="1009,5794 3882,5793 3882,6045 1009,6046"/>
          <TextEquiv>
            <Unicode>reſerve de Caſtillante, je ne ſcay pas</Unicode>
          </TextEquiv>
        </Word>
      </TextLine>
      <TextLine id="tl_28" primaryLanguage="English" custom="structure {type:default;} readingOrder {index:2;}">
        <Coords points="1021,5994 3877,5994 3877,6268 1021,6268"/>
        <Baseline points="1022,6161 1213,6161 2100,6220 2384,6188 2627,6224 2825,6199 3116,6204 3876,6188"/>
        <Word id="w_w2aab1b1b2b5b5ab1">
          <Coords points="1021,5994 3877,5994 3877,6268 1021,6268"/>
          <TextEquiv>
            <Unicode>Madame, luy dit il, ſi ma paſſion ne</Unicode>
          </TextEquiv>
        </Word>
      </TextLine>
    </TextRegion>
    <TextRegion type="" id="region_1546015656558_6812" custom="readingOrder {index:7;}">
      <Coords points="3505,6283 3506,6402 3883,6402 3882,6283"/>
      <TextLine id="line_1546015656707_6815" primaryLanguage="" custom="structure {type:default;} readingOrder {index:0;}">
        <Coords points="3505,6282 3882,6282 3883,6402 3506,6402"/>
        <Baseline points="3506,6397 3883,6397"/>
        <Word id="word_1546015681230_6823">
          <Coords points="3505,6282 3882,6282 3883,6402 3506,6402"/>
          <TextEquiv>
            <Unicode>vous</Unicode>
          </TextEquiv>
        </Word>
      </TextLine>
    </TextRegion>
    <SeparatorRegion id="r_2" custom="readingOrder {index:4;}">
            <Coords points="32,4220 71,4220 71,5349 32,5349"/>
        </SeparatorRegion>
    <SeparatorRegion id="r_3" custom="readingOrder {index:5;}">
            <Coords points="4178,576 4227,576 4238,3768 4189,3768"/>
        </SeparatorRegion>
    <SeparatorRegion id="r_4" custom="readingOrder {index:6;}">
            <Coords points="4197,3768 4238,3768 4238,5160 4197,5160"/>
        </SeparatorRegion>
  </Page>
</PcGts>
