4267 7447
1741 641 1993 793 27.

480 798 3281 1000 combat, & cela n’avoit pas peu con¬

476 986 3300 1200 tribue a l’aigreur de ſa lettre, il ne

463 1186 3296 1404 pouvoit ſuffrir d’eſtre battu par¬

463 1386 3299 1596 tout, & ce luy euſt eſté quelque con¬

455 1586 3287 1792 ſolation dans le malheur de la guerre,

446 1778 3287 1996 s’il euſt eſté plus heureux en amour. Il

450 1978 3290 2192 commença ſon voyage avec un cha¬

453 2178 3286 2384 grin eſpouvantable, en d’autres temps

453 2370 3285 2576 il ſeroit venu en poſte, mais comme

440 2562 3281 2800 s’il euſt eu quelque preſſentiment de

436 2762 3288 2936 ſa mauvaiſe fortune, il venoit fort len¬

440 2958 3280 3140 tement, il commença dans le chemin

443 3158 3272 3376 de ſentir quelqu’ incommodité, a

447 3358 3271 3544 Vienne il ſe trouva fort mal, mais

434 3562 3267 3768 comme il n’eſtoit plus qu’a une jour¬

438 3754 3278 3964 née de Lyon il y voulut aller ſca¬

434 3950 3274 4168 chant bien qu’il y ſeroit mieux trait¬

433 4142 3274 4352 té, cepandant les fatigues de la cam¬

433 4338 3261 4556 pagne l’ayant fort abbatu, les deſplai¬

432 4534 3253 4732 ſirs l’acheverent, & ſa jeuneſſe avec

420 4730 3256 4944 les aſſiſtences des medecins ne peu¬

428 4930 3248 5132 rent luy ſauver la vie, mais comme les

423 5130 3248 5340 plus grands maux ne luy puerent fai¬

423 5326 3247 5528 re perder le ſouvenir de l’infidelité

422 5518 3243 5728 d’Ardeliſe, il luy eſcrivit cette Lettre

422 5718 1834 5885 la veille de ſa mort.

1499 6309 3248 6495 B 2 LET¬
