4267 7542
1818 517 1963 630 I.

465 647 3329 1367 SOubs le regne de Theodate la

919 854 3340 1083 guerre qui duroit depuis vingt

933 1050 3335 1279 ans n’empeſchoit point qu’on

924 1254 3349 1480 ne fiſt quelquefois l’amour ,

466 1443 3340 1675 mais comme la Cour eſtoit remplie

461 1647 3330 1843 de vieux Cavalliers inſenſibles, ou de

464 1851 3337 2071 jeunes gens nés dans le bruit des ar¬

462 2047 3328 2275 mées & que ce meſtier avoit rendu

461 2239 3338 2471 brutaux, cela avoit fait la plus part

463 2443 3337 2659 des Dames un peu moins modeſtes

462 2635 3339 2868 qu’autrefois, & voyant qu’elles euſ¬

457 2831 3334 3059 ſent langui dans l'oiſiveté, ſi elles

467 3027 3333 3231 n’euſſent fait des advances, ou du

462 3231 3339 3444 moins ſi elles avoient eſté cruelles, il

460 3435 3330 3663 y en avoit beaucoup de pitoyables &

451 3623 2456 3853 quelqu'unes d’effrontées.

670 3833 3335 4032 Ardeliſe eſtoit de ces dernieres, elle

456 4031 3330 4255 avoit le viſage rond, le nés bien fait, la

467 4227 3328 4447 bouche petite, les yeux brillans &

461 4415 3323 4655 fins, & les traits delicats, le rire, qui

460 4607 3317 4823 embellit tout le monde, faiſoit en elle

463 4803 3312 5023 un effect tout contraire, elle avoit les

453 5015 3331 5215 cheveux d’un chaſtain clair, le ſein

456 5215 3309 5443 admirable, la gorge, les mains, &

454 5411 3324 5635 les bras bien faits; elle avoit la taille

465 5611 3318 5851 groſſiere & ſans ſon viſage on ne luy

464 5811 3313 6035 auroit pas pardonné ſon air, cela fit

462 6011 3324 6251 dire a ſes flatteurs, quand elle com¬

1865 6237 3326 6455 A mença
