4267 7665
2296 463 2452 588 2.

943 606 3836 832 mença deparoitre qu’elle avoit aſ¬

934 806 3831 1032 ſurement le corps bien fait, qui eſt ce

938 1014 3838 1249 que diſent ordinairement ceux qui

933 1202 3846 1437 veulent excuſer les femmes, qui ont

944 1414 3845 1633 trop d’embonpoint, & cepandant

940 1610 3844 1825 celle cy fut trop ſincere en ce rencon¬

939 1806 3844 2029 tre pour laiſſer les gens dans l’erreur,

934 2010 3847 2233 s’éclaircit du contraire qui volut, &

937 2218 3854 2445 il ne tint pas à elle, qu’elle ne deſabu¬

925 2418 3849 2625 ſaſt tout le monde; Ardeliſe avoit

932 2614 3861 2841 l’Eſprit vif & plaiſant quand elle

931 2818 3860 3041 eſtoit libre, elle eſtoit peu ſincere,

935 3018 3855 3249 ineſgale, eſtourdie, point meſchante,

938 3218 3855 3449 elle aimoit les plaiſirs juſques a la des¬

933 3426 3866 3649 bauche & il y avoit de l’emportement

928 3622 3869 3853 juſques dans ſes moindres divertiſſe¬

940 3830 3864 4053 mens, ſa beauté autant que son bien,

931 4034 3872 4249 quoy qu’il ne fuſt que mediocre, obli¬

938 4230 3867 4445 gea Lenix a la rechercher en maria¬

942 4422 3870 4645 ge, cettere cherche ne dura pas long¬

937 4626 3870 4845 temps. Lenix qui eſtoit homme de

936 4826 3873 5049 qualité & de grands biens fut receu

944 5026 3876 5249 agreablement de la mere d’Ardeſile,

955 5230 3872 5457 & n’eut pas le loiſir de soupirer pour

950 5434 3867 5653 des charmes, qui avoient fait deux ans

953 5634 3866 5841 durant les ſouhais de toute la cour,

957 5834 3861 6065 ce mariage eſtant achevé les amans

964 6042 3865 6257 qui avoient voulu eſtre mariés ſe reti¬

3295 6303 3848 6441 rerent,
