4267 7647
1610 447 1875 613 23.

359 600 3240 824 vous eſt pas encor conneüe, car il y a

344 800 3233 1036 longtemps que je vous aime, & je ſuis

345 1000 3238 1232 deſia en de grandes advances de ſoins,

346 1204 3243 1440 mais apres m'eſtre entierement don¬

347 1412 3244 1644 né a vous il faut que je vous demande

340 1620 3245 1832 la confirmation de mon bail, octroyés

341 1824 3250 2048 la moy je vous ſupplie & remarqués

343 2024 3252 2244 qu’avec les mille francs a quoy vous

352 2220 3245 2432 m’avéz taxé, je vous en donne encor

353 2416 3254 2644 neuf pour eſtre bien auprés de vous,

350 2620 3251 2844 car ce que je vous ay dit de mes amys

351 2824 3256 3048 n’a eſté que pour tromper ceux qui

348 3020 3261 3236 eſtoient icy. Je vous avoüe Monſieur

357 3220 3266 3452 reſpondit elle, que je ne vous ai point

354 3432 3275 3644 cru amoureux juſques icy qu’aujour¬

351 3624 3281 3852 d’huy, ce n’eſt pas que je n'aye remar¬

357 3824 3278 4048 qué certaines mines en vous qui me

354 4024 3275 4252 faiſoient ſoubçonner quelque choſe,

363 4224 3276 4452 mais je ſuis tellement rebuttée de ces

360 4424 3273 4656 façons, & les ſoupirs & les langueurs

357 4620 3286 4852 ſont a mon gré une ſi pauvre mar¬

358 4816 3291 5056 chandiſe & de ſi foibles marques d’a¬

379 5028 3284 5260 mour que ſi vous n’euſſiés pris avec

376 5236 3286 5456 moy une corduitte plus honeſte vous

378 5436 3291 5668 euſſiés perdu vos peines toute voſtre

379 5640 3296 5876 vie, pour ce qui eſt maintenant de

388 5844 3297 6072 reconnoiſſance vous devés croire que

389 6044 3294 6288 l’on eſt pas loing d’aimer quand on

3089 6245 3316 6406 eſt
