4267 7692
1651 570 1916 741 25.

375 724 3268 963 manqua pas, auſſy l’argent ne fut pas

359 929 3272 1175 pluſtoſt Conté qu’elle luy tint parole

355 1143 3285 1365 avec tout l’honneur qu’on peut avoir

356 1347 3289 1568 en un tel traitté. Quoy que Caſtillan¬

356 1546 3290 1783 te fuſt entré par la meſme porte que

365 1749 3282 1984 Criſpin, elle en uſa mieux avec luy,

349 1959 3290 2190 ſoit qu’elle eſperaſt en tirer de grands

353 2158 3291 2391 avantages, ſoit qu’il euſt quelque

365 2358 3295 2583 grand merite caché qui luy tint lieu

366 2557 3295 2799 de liberalité, elle ne luy demanda pas

362 2758 3296 2999 de nouvelles preuves d’amour pour

355 2966 3292 3183 luy donner de nouvelles faveurs, ſes

359 3170 3284 3364 dix mille livres le firent aimer trois

359 3370 3293 3591 moys durant, c’eſt a dire traitter com¬

360 3575 3289 3801 me s’il euſt eſté aimé, cepandant Can¬

364 3789 3293 4010 dole ayant receu les lettres par leſ¬

360 3985 3298 4215 quelles on luy mandoit les nouvelles

361 4186 3318 4405 affaires de ſa Maiſtreſſe luy eſcrivit

365 4412 1046 4608 celle cy.

1211 4811 2461 4997 LETTRE.

374 5169 3290 5629 QUand vous pourriés vous juſti¬

719 5411 3297 5666 fier a moy de toutes les choſes dont

375 5653 3297 5904 on vous accuſe, je n'oſerois plus vous

375 5886 3298 6143 aimer, quand vous ſeriés malheu¬

376 6122 3294 6391 reuſe, vous y avés trop contribué pour

1872 6400 3302 6573 B ne
