4267 7638
2364 444 2601 597 30.

1007 582 3893 814 quelques endroits. Ah mon dieu eſt il

1003 771 3892 1017 poſſible, s’eſcria Ardeliſe, que je voye

998 991 3895 1229 cela ſans mourir, quoy ce pauvre gar¬

1005 1187 3878 1425 çon qui avoit tant d’autres choſes de

985 1399 3893 1621 plus grande conſequence, avoit gardé

980 1595 3889 1817 juſques a ce mouchoir, il a t’il rien au

983 1799 3892 2013 monde de plus touchant, & la deſſus

979 1999 3887 2221 elle raconta a Feſique que s’eſtant

970 2207 3895 2425 quelques années couppée en travail¬

965 2403 3886 2621 lant aupres de luy, il luy avoit de¬

965 2607 3889 2785 mandé ce mouchoir dont elle avoit

964 2803 3877 3021 eſſuyé ſa main, & l’avoit touſiours

959 3015 3880 3237 gardé depuis, apres cela elles trouve¬

959 3219 3879 3413 rent des bracelets, des bourſes, des

962 3423 3883 3633 cheveux & des portraits d’Ardeliſe,

966 3627 3866 3801 & comme elles furent tombées ſur les

957 3815 3874 4049 Lettres, Feſique pria ſon amye qu’elle

956 4031 3865 4249 en peuſt lire quelques unes: Ardeliſe y

951 4231 3868 4457 conſentit, & Feſique ouvrit celle cy la

947 4391 1706 4669 premiere.

1817 4858 3078 5042 LETTRE.

956 5247 3863 5585 ON dit icy que vous avés eſté

1343 5486 3840 5729 battu, ce peut eſtre un faux

938 5719 3839 5965 bruit de vos envieux, mais ce peut

926 5947 3834 6197 eſtre une verité. Ah mon dieu! dans

3475 6263 3851 6391 cette
