4267 7765
2379 478 2648 640 24.

1040 615 3979 849 eſt bien aſſurée d’eſtre aimée, il n’en

1036 823 3991 1097 falut pas d’avantage a Caſtillante

1032 1031 3980 1309 pour luy faire croire, qu’il eſtoit a

1037 1235 3972 1509 l’heure du berger, il ſe jetta aux pieds

1034 1443 3969 1673 d’Ardeliſe, & comme il ſe vouloit

1014 1647 3985 1909 ſervir de cette action d’humilité pour

1030 1851 3974 2117 un pretexte a de plus hautes entrepri¬

1031 2051 3978 2317 ſes, non non luy dit elle cela ne va pas

1035 2263 3987 2526 comme vous penſés, en quel pays

1024 2459 3979 2729 avéz vous ouy dire que les femmes

1021 2667 3984 2930 faſſent les advances quand vous m’au¬

1021 2875 3984 3142 rés donné de veritables marques d’une

1013 3079 3977 3349 grande paſſion, je n’en ſeray pas in¬

1014 3287 3973 3549 grate. Caſtillante vit bien que chés

1010 3491 3986 3770 elle l’argent ſe livroit avant la mar¬

1011 3687 3978 3946 chandiſe, & luy dit qu’il avoit deux

1003 3887 3963 4165 cent piſtolles, & qu’il les luy donne¬

1020 4095 3975 4358 roit ſi elle vouloit, & les ayant recéus

1016 4295 3968 4565 ſi vous vouliés, luy dit il, m’accorder

1013 4495 3968 4774 quelques faveurs ſur & tant moins de

1006 4703 3973 4970 ces deniers je vous ſerois fort obligé,

1011 4915 3973 5130 ou ſi vous voulés toute la ſomme fait¬

1010 5115 3962 5394 te moy voſtre billet de ce que je viens

1015 5319 3966 5590 de vous donner comme pour valeur

1008 5531 3963 5790 receüe, elle aima mieux le baiſer que

1016 5735 3955 5993 d’eſcrire, & un moment apres Caſtil¬

1016 5923 3948 6205 lante ſortit en aſſurant qu’il luy ap¬

1013 6143 3936 6413 porteroit le reſte le lendemain, il n’y

3546 6411 3948 6557 man¬
