4267 7647
1678 447 1952 586 21.

417 600 3270 799 ment un deſſein mais encor un heu¬

407 800 3276 1043 reux ſuccés, & qu’enfin quand elle ne

388 1003 3285 1244 ſeroit pas coupable, il deuroit n’eſtre

383 1204 3276 1441 pas content d’elle devoir, qu’elle fut

386 1404 3272 1651 ſoupçonnée de tout le monde, mais

376 1615 3282 1852 pendant que ces nouvelles vont por¬

390 1812 3279 2048 ter la rage dans l’ame de Candole, il

387 2003 3288 2248 eſt a propos de parler de la naiſſance,

388 2208 3274 2444 du progrés, & de la fin de la paſſion

390 2408 3271 2600 de Caſtillanté. Caſtillante avoit la

387 2612 3277 2844 taille belle, le viſage agreable, bien

389 2812 3270 3048 de la propreté, fort peu d’Eſprit,

386 3012 3275 3244 meſme naiſſance & meſme profeſſion

383 3216 3273 3448 que Criſpin, & beaucoup de bien

389 3416 3282 3644 comme luy, il eſtoit aſſés bien fait

382 3612 3280 3844 pour faire croire que s'il euſt porté

376 3812 3281 4048 l’eſpée, il euſt eu de bonnes fortunes

389 4004 3278 4248 pour son merite ſeulement, mais ſa

382 4208 3280 4444 profeſſion & ſes richeſſes faiſoient

392 4412 3281 4648 ſoubçonner que toutes les femmes

385 4612 3286 4840 qu'il avoit aimées eſtoient intereſſées,

391 4815 3292 5048 ſi bien que quand on le vit amoureux

396 5019 3289 5252 d’Ardeliſe, on ne douta point qu’il ne

401 5222 2315 5456 fut aimé pour ſon argent.

611 5416 3284 5670 Le Roy apres avoir paſſé les eſtés

404 5615 3289 5832 ſur les frontieres, revenoit d’ordinaire

414 5827 3295 6051 à Paris les hyvers ou tous les diver¬

419 6015 3296 6267 tiſſemens du monde occupoient ſon

2876 6223 3322 6446 eſprit
