4267 7594
1758 500 1913 664 9.

404 635 3290 918 par lés trop bien, d’ordinaire les gran¬

406 879 3269 1142 des paſſions s’expliquent plus confu¬

389 1119 3279 1382 ſement, & il ſemble que vous eſcri¬

415 1363 3297 1606 viés comme un homme qui a bien de

413 1587 3287 1862 l’Eſprit & qui n’eſt point amoureux,

419 1827 3306 2098 mais qui je veut faire croire, & puis

434 2063 3296 2322 qu’il ne le ſemble a moy, qui meurs

420 2295 3306 2558 d’envie, que vous diſiés vray, jugés

438 2519 3304 2790 ce qu’il ſembleroit a d’autres a qui

436 2767 3307 3042 voſtre paſſion ſeroit indifferente, ils

443 3007 3305 3258 n'heſiteroient pas a croire que vous

445 3247 3307 3502 voulés rire, pour moy qui ne veus

415 3479 3321 3746 faire jamais de jugements temerai¬

445 3707 3331 3970 res, j'accepte le partie que vous m'of¬

428 3947 3322 4214 frés, & je veus bien juger par voſtre

462 4179 3316 4426 conduitte des ſentimens que vous

464 4430 1766 4670 avés pour moy.

676 4831 3326 5064 Cette Lettre que les connoiſſeurs

474 5030 3364 5262 euſſent trouvé fort douce ne la parut

480 5227 3330 5470 pas trop a Candole, comme il avoit

474 5430 3343 5666 beaucoup de vanité, il avoit attendu

480 5627 3341 5838 des douceurs moins envelopées, ce¬

481 5827 3343 6066 la l’empeſcha de tant preſſer Arde¬

487 6027 3345 6278 liſe qu’elle l’euſt bien deſiré, il la

1745 6222 3365 6455 A 5 faiſoit
