4267 7629
2350 474 2601 639 18.

1261 646 3909 931 Candole fut tout a fait raſſuré par

1031 841 3906 1083 cette lettre, il fit en ſuitte des reſolu¬

1030 1045 3906 1311 tions de ne point condamner ſa Mai¬

1022 1245 3910 1531 ſtreſſe ſur des apparences qu’il jugea

1019 1445 3898 1707 peut eſtre trompeuſes, il ſe jetta en

1007 1653 3902 1915 l’autre extremité de la confiance, &

1011 1849 3903 2127 prit en bonne part tout ce qu’elle fit

1007 2045 3899 2327 pendant ſix mois de coqueterie, &

1008 2249 3903 2479 d’infidelité: car elle continua de voir

1008 2449 3899 2707 Criſpin, & de donner des faveurs à

1000 2653 3908 2924 Oroondate, & quoy que l’on en eſcri¬

985 2841 3892 3111 viſt de plus de cent endroits a Cando¬

961 3040 3900 3324 le, il crut que cela venoit de ſon pere

981 3249 3900 3528 & de ſes amys qui le vouloient de¬

973 3457 3892 3735 tourner de l’amour qu’il avoit pour

961 3669 3897 3940 elle, croyans que cette paſſion l’em¬

961 3865 3897 4136 peſcheroit de ſonger au mariage: il

954 4060 3881 4323 revint donc de l’Armée plus amou¬

958 4265 3889 4524 reux qu’il n'avoit jamais eſté. Ardeſile

958 4469 3877 4727 auſſi, aupres de qui une aſſés longue

958 4661 3870 4927 abſence faiſoit paſſer Candole pour

947 4860 3882 5128 un novel amant, redoubla ſes empreſ¬

958 5061 3870 5355 ſemens pour luy a la veüe meſme de

951 5281 3870 5535 toute la cour, cet amant prenoit tou¬

943 5468 3867 5743 tes les Imprudences qu’elle faiſoit

947 5673 3855 5943 pour le voir pour des marques d’une

951 5881 3847 6151 paſſion dont elle n’eſtoit plus la Mai¬

951 6077 3839 6359 ſtreſſe, quoy que ce ne fuſſent que

3573 6342 3831 6487 des
