4267 7538
1760 481 2001 661 31.

485 690 3325 933 cette incertitude je vous demande la

477 915 3348 1165 vie de mon amant, & je vous aban¬

482 1166 3335 1409 donne l'armée, ouy mon dieu & non

463 1394 3339 1649 ſeulement l’armée, mais l’eſtat &

479 1629 3356 1877 tout le monde enſemble, depuis qu'on

492 1877 3360 2109 m'a dit cette nouvelle ſans me rien

476 2109 3365 2357 particulariſer de vous, je faits vingt

501 2333 3358 2593 viſites par jour, j'ouvre de propos de

490 2573 3358 2833 guerre pour voir ſi je n'en appren¬

506 2817 3367 3069 dray rien qui me puiſſe conſoler, on

511 3053 3379 3305 me dit par tout que vous avés eſté

511 3289 3372 3537 battu, mais l’on ne me par le point de

516 3541 3380 3772 vous en particulier, je n'oſerios de¬

505 3777 3385 4013 mander ce que vous eſtes devenu, non

521 4017 3386 4252 que je craigne de faire voir par la

526 4245 3390 4484 que je vous aime, je ſuis en de trop

514 4489 3387 4721 grandes alarmes pour avoir rien a

535 4721 3391 4956 menager, mais je crains d’appren¬

535 4957 3396 5192 dre plus que je ne voudrais ſçavoir,

544 5177 3397 5428 voila l'eſtat ou je ſuis & ſeray juſ¬

545 5429 3401 5668 ques au premier ordinaire, ſi j'ay la

517 5665 3402 5897 force de l’attendre. Ce qui redou¬

546 5897 3410 6148 ble mes inquietudes? c'eſt que vous

1814 6129 3415 6369 B 4 m'a¬
