4267 7656
2355 461 2527 638 4.

981 628 3847 844 ſens & d’honneur, quoy que naturelle¬

976 820 3722 1059 ment il euſt averſion pour la guerre.

1188 1021 3856 1212 Eſtant donc devenu amoureux

978 1216 3863 1440 d’Ardeliſe il chercha les moyens de

965 1420 3862 1644 luy deſcouvrir ſon amour, le voiſi¬

968 1616 3853 1848 nage a Paris luy en donnait aſſés

967 1816 3864 2048 d’occaſions, mais la legereté qu’elle

966 2024 3863 2248 teſmoignoit en toutes choses luy fai¬

961 2220 3862 2452 ſoit apprehender de s'embarquer

960 2428 3865 2636 avec elle, enfin un jour s’eſtant trou¬

959 2616 3860 2840 vé teſte a teſte, ſi je ne voulois, luy

958 2820 3859 3052 dit il, Madame que vous faire ſcavoir

953 3032 3850 3248 que je vous aime, mes ſoins & mes

948 3224 3857 3448 regards vous ont aſſés dit ce que je

946 3428 3864 3652 ſens pour vous, mais comme il faut

945 3628 3851 3852 Madame que vous reſpondiés un jour

948 3828 3853 4048 a ma paſſion, il eſt neceſſaire auſſy

947 4028 3852 4264 que je la deſcouvre, & que je vous

942 4216 3855 4452 aſſure en meſme temps, que vous m’ai¬

949 4432 3850 4648 miés ou que vous ne m'aimiés pas, je

940 4620 3853 4804 ſuis reſolu de vous aimer toute ma

943 4828 1236 4986 vie.

1162 5021 3847 5252 Oroondate ayant ceſſé de parler,

937 5216 3842 5444 je vous avoue Mr. reſpondit Ardeliſe,

940 5424 3841 5656 que ce n’eſt pas d’aujourd’huy que je

943 5628 3832 5860 connois que vous m’aimés, & quoy

934 5828 3823 6056 que vous ne m'en ayés point parlé

937 6020 3822 6256 pluſtoſt, je n'ay pas laissé de vous te¬

3603 6243 3834 6416 nir
