4267 7629
2319 525 2593 665 20.

979 658 3850 931 d’aupres d’elle, elle alloit a la con¬

971 870 3843 1131 queſte de quelque nouvel amant ou

964 1070 3839 1339 du moins raſſuroit Oroondate par

969 1262 3838 1537 mille douceurs, de crainte que Can¬

961 1466 2585 1701 dole ne luy eſchapaſt.

1174 1661 3841 1927 L’hiver ſe passa ainſy ſans que Can¬

950 1861 3850 2127 dole ſoupçonnaſt quoy que ce ſoit des

947 2057 3842 2331 meſchans tours qu’elle luy faiſoit, il

939 2265 3843 2523 la quitta pour retourner a l’Armée

924 2465 3839 2727 auſſy ſatisfait d’elle qu’il l’avoit jamais

929 2665 3828 2923 eſté, il n’y fut pas deux mois, qu’il

917 2865 3836 3127 apprit des nouvelles qui troublerent

918 3053 3841 3323 ſa joye, ſes amys particuliers qui pre¬

922 3265 3825 3515 noient garde a la conduitte de la Mai¬

907 3457 3837 3717 ſtreſſe ne luy en avoient oſé rien dire,

907 3661 3827 3919 tant ils le trouvoient preoccupé de

904 3861 3819 4123 cet infidelle, mais s’eſtant paſſé depuis

892 4053 3820 4323 ſon abſence quelque choſe d’extraor¬

897 4257 3816 4515 dinaire, & ne craignans pas qu’elle

894 4445 3809 4707 deſtruiſit par ſa veüe les impreſſions

894 4649 3809 4907 qu’elle luy avoient donnée, ils haſar¬

887 4845 3799 5091 derent tous d’accord enſemble, ſans

887 5049 3795 5319 qu’ils fiſſent paroiſtre ce concert, de

888 5249 3775 5510 luy apprendre ſa conduitte, ils luy

880 5457 3788 5715 manderent donc chacun separement

877 5653 3772 5918 que Caſtilante avoit un fort grand

877 5857 3757 6126 attachement pour Ardeliſe, que ſes

875 6053 3769 6279 aſſiduités faiſoient croire non ſeule¬

3367 6340 3773 6467 ment
