4267 7683
2288 462 2547 626 16.

940 624 3848 907 plus voir Criſpin de qui le commerce

933 828 3816 1095 nuiſoit a ſa reputation, elle luy pro¬

934 1024 3821 1295 mit & n’en fit rien, de ſorte que Can¬

922 1247 3825 1503 dole apprenant par ceux qui man¬

923 1435 3830 1699 doient des nouvelles de Paris, que

924 1635 3839 1887 Criſpin alloit plus souvent chéz Ar¬

917 1831 3824 2095 deliſe qu’il n'avoit jamais fait, luy

914 2039 2417 2240 eſcrivit une lettre.

1771 2473 3046 2670 LETTRE.

903 2899 3818 3175 EN vous diſant adieu, Madame,

1162 3150 3822 3423 je vous pria de ne plus voir le

899 3383 3822 3659 coquin de Criſpin, vous me le pro¬

894 3619 3859 3968 miſtes y cepandant il ne bouge de chéZ

891 3859 3815 4135 vous, n'avés vous point de honte de

883 4091 3823 4379 me mettre en eſtat d'apprehender au¬

879 4331 3819 4631 pres de vous un miſerable Bourgeois

896 4571 3815 4855 qui ne peut jamais eſtre craint que

880 4803 3815 5099 par l'audace que vous luy donnés, ſi

900 5032 3804 5335 vous n'en rougiſſés, Madame, j'en

896 5280 3795 5579 rougis pour vous & pour moy, & de

876 5531 3819 5807 peur de meriter cette honte dont vous

888 5756 3784 6059 me voulés accabler, je vais faire un

900 5996 3768 6282 effort ſur mon amour pour ne vous

3457 6306 3775 6520 plus
