4267 7629
2341 600 2636 788 28.

1868 1013 3073 1203 LETTRE.

1029 1373 3903 1728 SI je pouvois en mourant conſer¬

1309 1613 3914 1849 ver de l'eſtime pour vous, il me

1003 1836 3916 2092 faſcheroit fort de mourir, mais ne

1018 2076 3923 2332 pouvant plus vous eſtimer je ne ſçau¬

1036 2329 3925 2568 rois plus avoir de regret à la vie, je

1043 2557 3928 2800 ne l'aimois que pour la paſſer douce¬

1038 2801 3935 3040 ment avec vous, puis qu'un peu de

1048 3029 3934 3284 merite que j’avois & la plus grande

1027 3277 3932 3520 paſſion du monde ne m'en ont peu fai¬

1050 3501 3935 3756 re venir à bout, je n'ay plus d'atta¬

1057 3749 3942 4004 chement, & je voy bien que la mort

1051 3989 3945 4232 me va delivrer de beaucoup de peines,

1030 4213 3951 4468 ſi vous eſtiés capable de quelque ten¬

1065 4457 3938 4704 dreſſe vous ne me pourriés pas voir en

1068 4689 3941 4940 l'eſtat ou je ſuis, ſans eſtouffer de dou¬

1058 4937 3947 5184 leur, mais, dieu mercy, la nature y a

1069 5177 3946 5416 mis bon ordre, & puis que vous pou¬

1076 5413 3957 5656 viés tous les jours mettre au deſeſ¬

1054 5645 3948 5888 poir l'homme du monde qui vous ai¬

1085 5901 3938 6132 moit le plus, vous me pourriés bien

1084 6125 3501 6370 voir mourir ſans en eſtre touchée.

3771 6423 3948 6576 La
