4267 7647
1656 535 1902 690 17.

359 699 3245 970 plus regarder que comme une infame.

571 1027 3261 1279 Ardeliſe fut fort ſurpriſe de rece¬

361 1235 3271 1454 voir une lettre ſi rude, mais comme ſa

368 1439 3274 1678 conſcience luy faiſoit encor des re¬

366 1647 3277 1902 proches plus aigres que ſon amant,

373 1851 3271 2093 elle ne chercha point des raiſons pour

375 2046 3289 2297 ſe deffendre, & ſe contenta de reſpon¬

381 2269 1727 2453 dre en ſes termes.

1183 2717 2413 2920 LETTRE.

396 3134 3311 3533 MA conduitte paſſée eſt ſi ridi¬

784 3364 3335 3640 cule, mon cher, que je deſeſpe¬

394 3614 3325 3893 rerois de pouvoir jamais eſtre aimée

393 3866 3331 4129 de vous, ſi je ne pouvois ſauver l'a¬

399 4090 3326 4353 venir par les aſſurances que je vous

398 4318 3337 4593 donne d'un procedé plus honeſte, mais

381 4550 3332 4862 je vous jure par vous meſmes qui eſt

416 4798 3339 5073 ce que j’ay de plus cher au monde,

415 5038 3346 5325 que Criſpin n'entrera jamais chés

422 5286 3340 5553 moy, & qu'Oroondate que mon mary

429 5518 3323 5793 me force de voir, me verra ſi rare¬

431 5754 3362 6025 ment, que vous ſcaurés bien que vous

422 6015 2257 6273 ſeul me tenés lieu de tout.

2958 6270 3363 6435 Can¬
