4267 7585
1719 464 1866 619 3.

420 610 3265 843 rerent, & il en vint d’autres qui ne

409 810 3274 1040 vouloyent qu’aimer, un des premiers

418 1010 3267 1247 qui ſe preſenta fut Oroondate, a qui

415 1210 3276 1440 le voiſinage d’Ardeliſe donnoit plus

417 1414 3278 1616 de commodité de la voir, & cette rai¬

414 1610 3283 1836 ſon fut cauſe qu’il l’aima aſſés long¬

423 1814 3288 2043 temps ſans que l’on s'en aperceut, &

440 2002 3297 2235 je croy que cet amour euſt touſiours

433 2210 3294 2415 eſté caché, ſi Oroondate n’euſt jamais

439 2406 3304 2611 eu de rivaux, mais Candole eſtant de¬

432 2602 3313 2795 venu amoureux d’Ardeliſe deſcouvrit

437 2806 3314 3031 bientoſt ce qui eſtoit caché faute de

434 3002 3308 3239 gens intereſſés, ce n’eſt pas que Lenix

440 3210 3313 3411 n’aimaſt ſa femme, mais les maris s’a¬

445 3406 3314 3667 privoiſent & jamais les amants, & la

442 3602 3323 3831 jalouſie de ceux cy eſt mille fois plus

443 3802 3324 4039 penetrante, que celle des autres, cela

452 4006 3322 4235 fit donc que Candole viſt des choſes

454 4202 3323 4431 que Lenix ne voyoit pas, & qu’il n’a

447 4398 3332 4619 jamais veves, car il eſt encor a ſcavoir

452 4590 3317 4823 qu’Oroondate aimaſt ſa femme. O¬

461 4794 3330 5019 roondate avoit les yeux noirs & le

466 4990 3336 5219 nés bienfait, la bouche petite, le vi¬

468 5194 3333 5419 sage long, les cheveux fort noirs

473 5394 3342 5615 longs & eſpaix, la taille belle, il avoit

478 5590 3347 5823 aſſés d’Eſprit, ce n’eſtoit pas de ces

487 5794 3349 6015 gens qui brillent dans les converſa¬

489 5994 3346 6199 tions, mais il eſtoit homme de bon

1990 6194 3351 6378 A 2 ſens
