4267 7638
2237 484 2499 624 12.

913 620 3780 903 pas la hardieſſe de faire un discours

906 828 3769 1107 qui trainoit apres luy de faſcheuſes

903 1024 3758 1279 ſuittes, & puis il n’euſt pas eſté bien

892 1220 3771 1483 receu, il fit donc deſſein de luy eſcrire

905 1432 2960 1675 & luy eſcrivit cette lettre.

1753 1856 2974 2063 LETTRE.

833 2279 3779 3011 J'Ay bien aimé de fois en ma vie,

1268 2513 3784 2807 Madame, mais, je n'ay jamais

1201 2764 3772 3027 rien tant aimé que vous, ce qui me

873 2995 3776 3275 le fait croire, c'eſt que je n'ay jamais

865 3227 3773 3523 donné a chacune de mes Maiſtreſſes

854 3467 3769 3747 plus de cent piſtolles pour avoir leurs

862 3699 3770 3991 bonnes grâces, & pour les voſtres

835 3939 3770 4223 j'iray juſques a deux mille, faittés

867 4168 3771 4451 reflexion je vous prie la deſſus, &

836 4387 3775 4703 ſongés que l'argent eſt plus rare qu'il

864 4628 2084 4894 n'a jamais eſté.

1083 5067 3749 5303 Quinette femme de chanbre d’Ar¬

855 5259 3770 5527 deliſe, & ſa confidente luy rendit

844 5467 3751 5727 cette lettre de Criſpin, incontinent

837 5671 3752 5947 cette belle luy fit la reſponce qui

847 5851 1398 6044 ſenſuit.

3176 6331 3719 6499 LET-
