4109 7769
700 278 909 414 74
1416 209 1825 363 LES
1988 203 3453 410 PLA1DEVRS,

698 429 1164 588 Quand
1212 429 1328 551 ie
1364 466 1601 592 voy
1646 423 1752 545 le
1814 428 2386 586 lapon,.,.

1951 663 2323 781 L’IN
2367 664 2479 782 T
2531 665 2583 775 I
2641 664 2784 790 M
2849 673 3026 801 V.

2320 894 2789 1042 Quand
2834 906 3369 1022 aura-t’il
3404 941 3657 1036 tout
3688 921 3941 1047 veü>

1861 1144 2502 1268 PETIT
2647 1140 3208 1262 IEAN.

714 1377 925 1510 Oli
976 1412 1601 1545 pourquoy
1662 1361 2191 1534 celuy-là
2238 1366 2753 1489 m’a-t’il
2824 1366 3617 1539 interrompu?

713 1555 851 1672 le
887 1590 1041 1671 ne
1091 1543 1735 1713 dirayplus
1793 1534 2097 1670 rien,

2050 1710 2328 1829 DA
2384 1711 2678 1832 ND
2740 1711 3024 1833 IN.

2273 1932 2753 2048 Auocat
2819 1921 3663 2084 incommode,

719 2109 1008 2257 Que
1044 2139 1202 2220 ne
1263 2103 1464 2268 luy
1505 2092 2280 2222 laiflèz-vous
2327 2088 2606 2210 finir
2641 2093 2758 2215 fa
2794 2087 3344 2256 période?

720 2287 863 2399 le
896 2270 1219 2399 fuois
1258 2267 1549 2440 fang
1600 2281 1715 2392 8c
1760 2308 2029 2424 eau,
2070 2302 2369 2435 pour
2416 2261 2675 2383 voir
2710 2260 2795 2389 fi
2824 2260 2989 2382 du
3038 2271 3427 2424 lapon

731 2449 842 2571 Il
877 2434 1601 2566 viendroità
1647 2439 1894 2561 bon
1939 2475 2217 2608 port
2253 2476 2405 2551 au
2447 2423 2668 2555 fait
2709 2434 2857 2555 de
2913 2429 3123 2551 fou
3175 2424 3736 2592 Chapon,

730 2617 878 2743 Et
918 2653 1214 2735 vous
1258 2610 2172 2774 l'interrompez
2212 2644 2422 2775 par
2464 2649 2622 2728 vn
2662 2602 3198 2727 difcours
3244 2596 3710 2734 friuole.

741 2784 1151 2911 Parlez
1207 2785 1585 2944 doue,
1637 2785 2161 2911 Auocat,

1850 3026 2496 3157 PETIT
2636 3021 3218 3147 IEAN.

2427 3229 2685 3393 Tay
2725 3213 3109 3388 perdu
3143 3218 3265 3341 la
3307 3218 3737 3384 parole,

2012 3438 2240 3566 LE
2295 3438 3082 3566 ANDRE.

751 3700 1291 3849 Acheue,
1343 3686 1657 3811 Petit
1705 3685 2051 3832 Iean,
2113 3664 2397 3795 c’eft
2447 3663 2695 3786 fort
2741 3670 3025 3786 bien
3071 3665 3615 3801 débutté.

761 3868 1098 3999 Mais
1144 3899 1380 4032 que
1421 3852 1690 3980 font
1731 3842 1846 3969 là
1887 3884 2072 3970 tes
2123 3847 2392 3963 bras
2431 3836 2984 4000 pendans
3053 3841 3124 3963 à
3163 3878 3380 3962 ton
3416 3836 3780 3964 coflé?

768 4055 951 4167 Te
996 4035 1317 4162 voila
1352 4026 1539 4153 fur
1584 4061 1763 4146 tes
1820 4014 2157 4185 pieds
2218 4010 2543 4137 droit
2574 4051 3073 4137 comme
3112 4052 3343 4137 vue
3388 4019 3843 4164 Statue,

761 4199 1784 4382 Dégourdy-toy,
1835 4204 2460 4357 Courage;
2505 4183 2974 4346 Allons,
3013 4188 3389 4355 qu’on
3457 4176 4009 4309 s’éuertue.

1306 4438 1937 4566 PETIT
2086 4429 2607 4550 IEAN
2692 4454 3219 4550 remuant
3258 4428 3425 4546 les
3462 4417 3763 4550 bras*

783 4641 1511 4813 Quand.,,ie
1557 4683 1925 4811 voy..,
1959 4627 2689 4786 Quand,„ie
2745 4670 3113 4796 voy...

2038 4874 3115 5005 LEANDRE.

2609 5092 2822 5252 Dy
2861 5082 3181 5209 ddnc
3231 5130 3366 5214 ce
3417 5124 3636 5261 que
3693 5124 3814 5210 tu
3855 5083 4088 5213 vois,

1898 5333 2555 5456 PETIT
2684 5334 3239 5466 IEAN.

819 5558 1030 5691 Oh
1071 5554 1482 5718 dame,
1515 5595 1684 5680 on
1745 5590 1906 5676 ne
1949 5586 2296 5676 court
2337 5586 2554 5712 pas
2593 5549 2904 5675 deux
2949 5553 3424 5676 Lievres
3457 5553 3526 5681 à
3557 5553 3670 5681 la
3709 5548 3956 5681 fois,

1708 5805 1941 5931 LE
2108 5805 3397 5948 SOVFPLEVR.

823 5999 1030 6121 On
1085 5984 1293 6115 lit,,
