4156 7769
861 321 952 454 7
965 316 1052 402 o
1557 240 1962 391 LES
2113 228 3580 433 PLAIDEVRS,

871 479 1020 598 Et
1065 460 1370 582 dans
1421 491 1658 577 vne
1693 443 2302 619 pourfuite
2349 439 2413 565 à
2457 446 3282 576 vous-mefme
3327 450 3810 629 funefte,

866 651 1208 765 Vous
1248 669 1398 750 en
1438 628 1872 745 voulez
1914 653 2354 738 encore
2400 611 2952 738 a'bforber
2982 654 3244 740 tout
3270 624 3374 738 le
3412 626 3743 765 refte.

872 809 1076 933 Ne
1112 789 2077 958 vaudroit-ilpas
2118 783 2578 937 mieux,
2630 779 2893 907 fans
2934 784 3354 944 soucis,
3394 783 3648 918 fans
3688 758 4156 982 chagùJ

870 983 1025 1101 Et
1070 968 1223 1090 de
1275 1005 1491 1090 vos
1541 1000 2055 1085 reuenus
2097 957 2657 1126 regalant
2693 995 2905 1077 vos
2941 951 3423 1112 voifîns,

870 1151 1250 1269 Viure
1300 1177 1450 1256 en
1504 1141 1800 1257 Pere
1840 1132 2240 1283 jaloux
2284 1125 2450 1246 du
2494 1123 2774 1242 bien
2808 1120 2962 1247 de
3002 1124 3124 1242 la
3158 1119 3649 1288 famille,

871 1311 1193 1430 Pour
1233 1349 1385 1429 en
1417 1302 1805 1425 laillèr
1845 1344 2007 1420 vn
2059 1307 2339 1461 jour
2369 1297 2479 1414 le
2521 1287 2883 1413 fonds
2919 1292 2987 1421 à
3029 1291 3417 1420 voftre
3457 1303 3773 1425 pille-

861 1475 1156 1635 Que
1191 1475 1340 1603 de
1379 1475 1852 1597 nourrir
1897 1516 2056 1592 vn
2097 1508 2280 1588 tas
2327 1459 3020 1588 d’Officiers
3066 1455 3622 1624 affamez,

865 1653 1134 1803 Qui
1186 1647 1438 1770 moi
1457 1643 2026 1769 donnent
2065 1647 2228 1765 les
2270 1633 2784 1797 champs
2824 1674 3062 1803 que
3102 1676 3396 1755 vous
3436 1684 3720 1769 auez
3766 1649 4092 1829 semer,

862 1825 1225 1943 Dont
1254 1825 1371 1938 la
1400 1814 1759 1941 main
1792 1826 2339 1980 toujours
2377 1805 2821 1973 pleine,
2866 1826 2979 1933 &
3028 1816 3565 1970 toujours
3610 1811 4135 2004 indigente,

866 1993 1155 2114 S’en
1174 1989 1600 2162 graille
1630 1979 2507 2147 impunément
2540 1973 2690 2095 de
2730 2020 2940 2099 vos
2986 1972 3565 2136 Chapons
3604 1983 3743 2106 de
3778 2030 4077 2133 rente?

871 2161 1041 2278 Le
1075 2158 1377 2278 beau
1411 2150 1809 2319 plaifir
1847 2155 2261 2273 d’aller
2301 2183 2569 2268 tout
2605 2182 3181 2267 mourant
3233 2146 3375 2262 de
3411 2145 3974 2322 fommeil,

866 2327 982 2445 A
1012 2324 1123 2446 la
1165 2365 1501 2492 porte
1540 2323 1831 2445 d’vn
1883 2328 2243 2493 luge,
2291 2313 2845 2439 attendre
2886 2308 3093 2435 fbn
3139 2314 3601 2477 refveil,

865 2501 1016 2618 Et
1049 2491 1622 2661 d’eifuyer
1651 2496 1764 2613 le
1807 2531 2098 2613 vent
2133 2491 2350 2660 qui
2385 2523 2680 2607 vous
2731 2480 3140 2608 (buffle
3181 2522 3418 2604 aux
3451 2497 3940 2654 oreilles,

849 2665 1325 2793 Tandis
1369 2705 1601 2834 que
1641 2664 2267 2787 Moniteur
2305 2659 2622 2807 dort,
2665 2674 2781 2781 &
2813 2696 3117 2781 cuue
3159 2696 3375 2775 vos
3425 2657 4020 2833 bouteilles^

872 2841 1086 2959 Ou
1138 2835 1422 2959 bien
1468 2831 1554 2959 fî
1594 2874 1894 2959 vous
1930 2869 2386 2979 entrez,
2438 2825 2584 2944 de
2642 2822 3020 2989 paifer
3060 2862 3322 2952 tout
3364 2869 3522 2948 vn
3562 2843 3826 2995 jour

856 3009 973 3125 A
1014 3041 1474 3157 conter,
1536 3050 1691 3125 en
1734 2999 2402 3173 grondant,
2446 2993 2611 3116 les
2650 3036 3213 3116 carreaux
3258 2994 3403 3116 de
3452 2989 3569 3119 fà
3604 3036 3915 3136 cour!

856 3172 1109 3330 Hé,
1158 3171 1825 3331 Monfieur,
1867 3213 2705 3342 croyez-moy,
2736 3171 3207 3341 quittez
3242 3203 3547 3294 cette
3579 3171 4003 3305 mifere.

1824 3480 3406 3609 CHICANNEAV,

851 3795 1570 3954 Vrayment,
1615 3825 1916 3905 vous
1955 3827 2160 3906 me
2195 3781 2686 3905 donnez
2731 3826 2894 3905 vn
2935 3774 3386 3901 confeil
3421 3774 3966 3941 falutaire,

850 3963 1008 4079 Et
1050 3962 1500 4079 deuant
1536 3957 1834 4126 qu'il
1886 3952 2112 4078 soit
2160 3993 2432 4121 peu,
2478 3952 2590 4073 ie
2642 3994 2946 4074 veux
2990 3989 3144 4069 en
3176 3941 3700 4111 profiter.

861 4130 1193 4253 Mais
1233 4129 1343 4247 ie
1391 4166 1685 4250 vous
1735 4128 1979 4287 prie
2029 4165 2181 4247 au
2219 4130 2631 4247 moins
2683 4118 2831 4241 de
2877 4119 3151 4246 bien
3201 4114 3789 4246 fblliciter.

855 4298 1136 4419 Puis
1176 4339 1408 4466 que
1467 4303 2088 4424 Monfieur
2139 4294 2654 4419 Dandin
2694 4334 2842 4413 va
2875 4292 3348 4414 donner
3380 4286 3962 4439 audiance,

862 4471 999 4587 le
1034 4471 1291 4587 vais
1326 4461 1623 4587 faire
1668 4470 2009 4591 venir
2060 4511 2267 4598 ma
2312 4464 2601 4587 Pille
2634 4506 2789 4583 en
2834 4459 3495 4633 diligence.

861 4642 1071 4760 On
1111 4675 1401 4806 peut
1447 4638 2256 4806 l’interroger,
2307 4638 2527 4760 elle
2563 4633 2741 4759 eft
2777 4632 2931 4760 de
2971 4633 3375 4754 bonne
3417 4627 3658 4791 foy,

846 4805 1490 4937 Etmefme
1536 4809 1758 4932 elle
1814 4804 2224 4978 fçaura
2270 4810 2684 4932 mieux
2730 4799 3318 4974 répondre
3358 4836 3920 4974 quemoy*

2102 5144 2339 5264 LE
2382 5146 2667 5270 AN
2718 5144 3195 5269 DRE.

835 5458 1225 5623 Allez,
1285 5476 1401 5592 &
1449 5496 2025 5623 reuenez,
2065 5460 2323 5581 Ton
2369 5501 2669 5586 vous
2705 5454 2951 5581 fera
2980 5453 3459 5628 juftice.

1753 5789 1982 5911 LE
2159 5790 2246 5916 S
2301 5789 2418 5912 O
2469 5790 3098 5916 VPPLE
3155 5789 3450 5911 VR.

851 6022 1187 6179 Quel
1231 6018 1810 6157 homme!
