4054 7643
719 312 1117 485 AV
1291 280 2629 455 ZECTEVR
2636 399 2677 436 .

0 585 140 746 fit
179 577 568 788 point
606 557 772 706 de
822 516 1440 731 scrupule
1478 518 1656 667 de
1694 511 1908 723 s’y
1970 507 2495 710 réjouir
2543 520 2584 689 ;
2626 519 2784 656 SC
2818 535 3163 642 ceux
3202 489 3463 693 qui

1 790 547 958 fiuoient
602 747 831 918 crû
916 729 1054 890 fe
1156 722 2166 883 def-honnorer
2224 716 2406 865 de
2473 717 2746 862 rire
2840 696 2938 853 à
3020 706 3471 886 Paris»

4 997 462 1154 furent
532 944 1265 1187 peut-eftre
1316 930 1877 1145 obligez
1935 928 2117 1077 de
2172 932 2445 1075 rire
2491 921 2585 1078 à
2651 903 3489 1102 Versailles»

39 1249 372 1418 pour
402 1180 536 1341 fe
570 1178 896 1331 faire
934 1157 1620 1310 honneur.

201 1402 375 1551 Ils
454 1387 1071 1540 auroient
1141 1404 1430 1511 tort
1456 1346 1546 1503 à
1580 1345 1714 1502 la
1745 1342 2255 1529 vérité,
2333 1333 2618 1488 s’ils
2673 1384 2910 1485 me
2977 1375 3474 1542 repro-

0 1612 554 1770 thoient
652 1584 1169 1742 d’auoir
1235 1551 1761 1771 fatigué
1843 1554 2217 1705 leurs
2288 1547 2845 1700 oreilles
2915 1539 3093 1687 de
3148 1585 3478 1750 trop

0 1825 184 1974 de
295 1816 905 1983 chicane,
983 1777 1292 1937 ceft
1383 1821 1664 1923 vne
1770 1763 2284 1968 langue
2363 1764 2620 1963 qui
2679 1754 3084 1907 m’eft
3154 1747 3484 1957 plus

1 2033 719 2233 étrangère
786 2000 1115 2212 qu’à
1186 1975 1935 2207 personne;
2053 1990 2207 2136 &
2281 1980 2418 2120 ie
2501 1976 2834 2118 n’en
2913 2015 3099 2175 ay
3165 2012 3506 2113 em¬

0 2229 426 2454 ployé
452 2273 726 2432 que
756 2208 1409 2420 quelques
1452 2231 1825 2343 mots
1859 2181 2578 2369 barbares,
2612 2221 2897 2388 que
2931 2180 3081 2324 ie
3160 2178 3485 2381 puis

0 2450 396 2598 Lrioir
447 2474 976 2580 retenus
1042 2411 1368 2561 dans
1430 2403 1568 2555 le
1639 2448 2040 2553 cours
2110 2394 2460 2543 d’vn
2527 2435 3100 2597 procez,
3203 2429 3500 2589 que

10 2695 619 2861 nymoy,
690 2684 880 2848 ny
950 2675 1239 2778 mes
1285 2629 1759 2827 luges,
1857 2608 2279 2758 n’ont
2353 2606 2835 2752 iamais
2869 2588 3203 2752 bien
3233 2638 3510 2743 en¬

40 2853 522 3010 tendu.

215 3066 360 3211 Si
451 3037 1404 3257 i’àpprehende
1483 3023 2104 3231 quelque
2171 3020 2693 3204 chofe,
2771 3006 3104 3165 c’eft
3215 3055 3508 3217 que

17 3273 275 3423 des
314 3254 1043 3478 personnes
1110 3297 1307 3396 vn
1362 3289 1631 3453 peu
1665 3232 2319 3388 ferieufes
2394 3282 2579 3382 ne
2653 3218 3511 3376 traittentds

4 3473 774 3630 badineries
812 3459 946 3612 le
976 3504 1458 3670 procez
1496 3450 1682 3599 du
1772 3444 2302 3629 Lhien,
2364 3458 2518 3604 &
2592 3432 2790 3588 les
2884 3479 3541 3589 extraua-

19 3736 508 3894 gances
551 3682 732 3831 du
763 3680 1096 3874 luge
1143 3727 1208 3819 :■
1270 3664 1640 3814 Mais
1719 3656 2104 3810 enfin
2158 3662 2296 3802 ie
2359 3652 2884 3804 traduis
2954 3639 3516 3796 Arifto-

22 3891 560 4102 phane,
645 3900 795 4038 &
889 3874 1175 4025 l’on
1265 3877 1575 4022 doit
1685 3867 1831 4020 fé
1929 3860 2599 4016 fouuenir
2674 3851 3027 4060 qu’il
3126 3858 3523 4002 auoit

21 4095 486 4250 affaire
520 4094 610 4248 à
688 4088 914 4241 des
988 4088 1878 4296 Spectateurs
1944 4071 2310 4232 aflez
2352 4064 3066 4228 difficiles.
3228 4067 3510 4212 Les

27 4302 781 4462 Athéniens
902 4289 1608 4506 fçauoient
1723 4326 2885 4495 apparemment,
2975 4326 3136 4428 ce
3239 4321 3532 4476 que

34 4514 863 4711 c’eftoitque
933 4502 1063 4650 le
1101 4501 1343 4651 Sel
1393 4504 2044 4704 Attique,
2125 4491 2487 4655 &ils
2534 4487 3131 4637 eftoient
3193 4480 3531 4633 bien

32 4721 398 4874 feurs
473 4710 926 4916 quand
988 4708 1150 4857 ils
1233 4714 1794 4856 auoient
1857 4757 2019 4917 ry
2104 4706 2534 4857 d’vne
2597 4694 3062 4883 chofe,
3105 4690 3534 4906 qu’ils

35 4932 997 5128 n’auoientpas
1063 4917 1383 5124 ryd’
1411 4965 1677 5070 vne
1715 4907 2225 5070 fottife.
2280 5021 2300 5041 •

245 5138 623 5283 Pour
702 5179 1048 5338 moy
1113 5135 1243 5272 ie
1342 5172 1839 5276 trouue
1926 5117 3139 5329 qu’Ariftophane
3198 5164 3279 5261 a
3354 5125 3535 5267 eii

53 5333 554 5520 railbn,
616 5337 786 5489 de
837 5330 1374 5544 pouiîèr
1436 5335 1630 5484 les
1705 5328 2186 5484 choses
2253 5383 2434 5484 au
2512 5323 2842 5479 delà
2884 5328 3074 5473 du
3113 5371 3538 5535 vray-

39 5541 817 5699 femblable.
1019 5548 1285 5703 Les
1391 5552 1789 5750 luges
1863 5545 2037 5690 de
2147 5542 3017 5748 l’Aréopage
3115 5536 3528 5679 n’au-

38 5763 487 5901 roient
562 5805 791 5959 pas
894 5751 1651 5963 peut-eftre
1754 5795 2255 5897 trouue
2349 5743 2704 5932 bon,
2786 5738 3139 5946 qu’il
3222 5737 3523 5889 euft

49 5959 610 6162 marqué
669 6013 846 6113 au
897 5952 1438 6114 naturel
1492 5954 1810 6111 leur,
1865 5954 2402 6112 auidité
2480 5957 2658 6102 de
2693 5994 3275 6164 gagner,
3300 5943 3502 6103 les
