4109 7672
652 296 842 450 U
1470 285 1876 436 LES
2018 285 3474 506 PLÀIDEVRS,

1925 566 2209 688 DA
2261 566 2565 692 ND
2620 566 2957 732 IN..

633 792 909 951 Ho,
943 793 1064 925 ie
1103 819 1220 924 te
1253 793 1520 926 vais
1544 804 1959 971 juge*.

1878 1031 2088 1163 1*1
2138 1041 2283 1168 N
2318 1041 2433 1168 T
2484 1053 2543 1169 I
2594 1048 2961 1214 MjE\

1532 1274 1597 1349 *
2193 1279 2454 1436 Ho,
2515 1321 2806 1406 vous
2861 1286 3152 1417 eftes
3197 1291 3279 1422 6
3313 1332 3747 1463 promt.

617 1430 1007 1598 Voicy
1042 1440 1152 1556 le
1202 1428 1462 1565 fait.
1496 1440 1571 1514 *
1620 1455 1814 1570 Vn
1862 1435 2274 1571 Chien
2340 1450 2666 1571 vient
2712 1449 3006 1579 dans
3047 1503 3282 1591 vne
3317 1470 3780 1637 cuifinc,

608 1604 733 1730 11
767 1647 841 1768 y
886 1637 1301 1726 trouue
1336 1641 1503 1727 vn
1548 1605 2124 1773 Chapon,
2164 1617 2559 1783 lequel
2598 1658 2673 1735 a
2712 1621 3112 1756 bonne
3157 1636 3536 1769 mine.

616 1776 815 1897 Or
846 1772 1183 1938 celuy
1203 1807 1509 1937 pour
1542 1780 1939 1948 lequel
1978 1781 2093 1906 ie
2153 1787 2481 1944 parle
2550 1782 2725 1911 eft
2758 1791 3246 1933 affamé.

616 1942 1003 2104 Celuy
1036 1978 1447 2066 contre
1480 1947 1877 2120 lequel
1920 1946 2031 2078 ie
2069 1957 2397 2119 parle
2438 1992 2821 2083 autem
2863 1966 3314 2124 plumé.

596 2117 769 2239 Et
808 2107 1141 2274 celuy
1178 2148 1477 2273 pour
1506 2118 1903 2286 lequel
1936 2117 2053 2244 ie
2092 2122 2366 2269 luis,
2415 2121 2791 2289 prend
2836 2169 2989 2248 en
3032 2133 3573 2268 cachette

602 2278 1001 2446 Celuy
1030 2318 1447 2404 contre
1476 2287 1875 2456 lequel
1900 2292 2021 2410 ie
2056 2292 2418 2455 parle.
2474 2298 2777 2420 L’on
2816 2292 3328 2450 décrété.

608 2454 831 2569 On
864 2449 975 2564 le
1010 2454 1436 2611 prend.
1508 2460 2475 2626 Auocatpour&
2532 2500 2957 2590 contre
2992 2475 3500 2637 appeilé.

596 2620 909 2744 Jour
922 2619 1219 2786 pris.
1284 2623 1421 2745 le
1466 2619 1705 2792 doy
1734 2635 2170 2793 parler,
2200 2630 2309 2751 ie
2356 2634 2723 2792 parle,
2758 2630 2993 2806 i*ay
3032 2649 3412 2802 parlé,

1905 2872 2187 2994 DA
2236 2866 2537 2994 ND
2588 2872 2884 3013 IN.

591 3105 831 3252 Ta,
871 3141 1037 3256 ta,
1077 3135 1245 3261 ta,
1295 3145 1461 3235 ta.
1547 3111 1912 3242 Voila
1957 3110 2238 3236 bien
2299 3110 2864 3247 înftruire
2919 3162 3148 3247 vne
3193 3125 3625 3272 affaire.

597 3270 712 3390 Il
745 3265 934 3397 dit
965 3270 1204 3397 fort
1246 3271 1882 3442 pofément
1921 3321 2062 3402 ce
2097 3280 2408 3407 dont
2443 3322 2606 3406 on
2651 3296 2854 3417 n'a
2886 3333 3126 3464 que
3157 3286 3489 3458 faire,

597 3446 754 3567 Et
787 3482 1126 3568 court
1165 3446 1280 3567 le
1314 3445 1706 3625 grand
1756 3451 2134 3624 galop
2174 3457 2590 3628 quand
2635 3457 2724 3584 il
2763 3457 2936 3592 eft
2975 3458 3050 3587 à
3085 3478 3294 3598 Ion
3327 3466 3583 3619 fan.

1870 3689 2678 3826 L’INTIM
2728 3707 2906 3836 E\

602 3906 937 4039 Mais
970 3908 1085 4033 le
1115 3907 1684 4078 premier,
1730 3922 2388 4078 Moniteur,
2428 3926 2719 4059 c’eft
2750 3932 2858 4059 le
2901 3938 3240 4073 beau.

1905 4164 2030 4290 D
2077 4160 2532 4296 AND
2593 4176 2873 4311 IN.

3173 4341 3496 4488 C*eft
3533 4357 3634 4484 le
3669 4362 3919 4499 laid,

597 4496 1024 4617 A-t-on
1087 4491 1524 4622 iamais
1563 4491 1971 4663 plaidé
2003 4495 2366 4628 d’vne
2401 4507 2676 4637 telle
2713 4506 3354 4649 méthode?

601 4662 934 4797 Mais
983 4703 1354 4833 qu-en
1403 4663 2402 4802 dicl’allemblée?

1858 4910 2925 5056 LEANDRE.

2282 5163 2393 5283 Il
2428 5157 2605 5288 eft
2634 5159 2875 5295 fort
2904 5168 2973 5298 à
3008 5169 3123 5295 la
3162 5179 3576 5315 mode.

1202 5454 1410 5584 L'I
1458 5453 1592 5585 N
1630 5453 1746 5589 T
1780 5453 1840 5580 I
1890 5458 2032 5584 M
2082 5454 2212 5583 E'
2276 5463 2577 5594 â'vn
2620 5475 3469 5609 tonvehement
3466 5576 3516 5627 9

603 5758 2208 5920 tzu'arriue-t'il,Meilleurs?
2273 5779 2482 5896 On
2531 5778 3464 5916 vient.Cornent
3493 5795 4012 5926 vient-on?

613 5924 1386 6102 Onpouxfuit
1429 5979 1644 6065 ma
1693 5939 2129 6081 Partie.
2201 5950 2420 6075 On
2449 5939 2776 6090 fores
2816 5991 3044 6112 yne
3079 5959 3593 6101 maifon.
