4109 7682
555 328 723 480 il
1239 314 1635 467 LES
1799 316 3216 526 PLAIDEVRS,

1805 597 2755 724 DANDIN.

2907 778 3824 941 Repofèz-vous,

552 927 1373 1076 Et concluez.
1260 1151 2080 1278 L’INTIM
2130 1147 2218 1261 E
2224 1147 2272 1185 v
2338 1140 2640 1302 d'yn
2690 1153 3338 1309 tonpefant>

1085 1435 1359 1558 Pais
1405 1431 1769 1588 donc,
1815 1438 2189 1598 qu’on
2233 1468 2593 1582 nous,
2643 1469 3141 1594 permet,
3181 1430 3327 1552 de
3373 1431 3881 1599 prendre,

551 1602 1122 1760 Haleine,
1167 1623 1278 1728 &
1323 1645 1558 1773 que
1597 1607 1852 1723 l'on
1887 1639 2240 1749 nous,
2281 1592 2774 1754 defend,
2813 1597 2960 1718 de
3005 1639 3344 1748 nous,
3387 1598 3930 1749 eftendre,

546 1783 692 1899 le
738 1772 1028 1924 vais,
1094 1774 1344 1890 {ans
1374 1769 1634 1889 rien
1674 1772 2322 1915 obmettre,
2378 1782 2494 1885 &
2540 1768 2796 1884 fans
2840 1763 3634 1936 préuariquer,

552 1929 1888 2104 Compendieufement
1932 1930 2500 2080 énoncer,
2554 1935 3214 2096 expliquer,

551 2119 893 2271 Expo
909 2110 1127 2262 1er,
1163 2100 1231 2226 à
1277 2147 1479 2225 vos
1519 2146 1863 2267 yeux,
1913 2095 2267 2220 l’idée
2317 2093 3011 2220 vniuerfèlle

551 2269 1405 2427 Demacaufe,
1447 2287 1557 2395 &
1597 2270 1805 2396 des
1841 2270 2173 2421 faits,
2217 2260 2933 2425 renfermez,
2979 2307 3125 2385 en
3161 2265 3535 2402 icelle,

1856 2508 2804 2676 DANDI;N.

560 2757 677 2883 Il
706 2756 1029 2882 auroi
1052 2794 1097 2882 t
1132 2751 1579 2918 plûtoft
1618 2746 1847 2878 fait
1888 2752 2039 2872 de
2074 2747 2329 2873 dire
2378 2788 2639 2873 tout
2674 2748 3026 2913 vingt
3072 2741 3343 2904 fois,

567 2923 857 3075 Que
893 2928 1039 3048 de
1075 2928 1749 3095 l'abbreger
1789 2964 2059 3048 vne.
2135 2929 2737 3074 Homme,
2773 2959 2933 3038 ou
2975 2913 3183 3079 qui
3223 2960 3447 3084 que
3497 2959 3617 3044 tu
3657 2917 3897 3081 lois,

561 3092 1063 3250 Diable,
1111 3099 1645 3255 conclus,
1699 3094 1861 3214 ou
1897 3090 2177 3214 bien
2229 3130 2463 3261 que
2499 3083 2923 3214 le-Ciel
2995 3119 3105 3203 te
3155 3078 3793 3235 confonde.

1815 3327 2896 3467 L'INTIME'.
576 3503 718 3629 le
758 3493 1084 3644 finis.

1874 3665 2861 3815 DANDIN.
1193 3835 1437 3975 Ah!

1795 4010 2876 4146 L'INTIME'.
1598 4258 2008 4375 Auant
2048 4249 2162 4364 la
2202 4242 2800 4369 nairtànce
2844 4243 3006 4369 du
3056 4244 3690 4380 Monde..,,

1551 4486 2463 4612 DANDIN
2545 4482 3117 4617 baaïllant
3135 4581 3167 4617 ,

591 4719 1116 4882 Auocat,
1151 4713 1310 4840 ah
1343 4719 1816 4887 partons
1851 4762 2008 4840 au
2053 4715 2588 4891 Déluge.

1846 4962 2700 5084 L'INTIM
2746 4959 2918 5089 E\

2860 5135 3265 5245 Auant
3304 5124 3669 5279 donc,

603 5305 785 5425 Xa
825 5290 1421 5415 naiflance
1483 5289 1645 5411 du
1691 5289 2203 5441 Monde,
2271 5315 2385 5419 &
2435 5290 2551 5415 fà
2587 5290 3161 5425 création.

609 5475 775 5591 Xe
831 5466 1346 5617 Monde,
1369 5461 2012 5622 rVniuers,
2053 5475 2428 5617 Tout,
2467 5464 2577 5580 la
2617 5470 3079 5586 Nature
3129 5460 3571 5586 entière

624 5631 946 5757 Efloi
972 5678 1018 5762 t
1058 5631 1644 5756 enlcuelie
1690 5672 1838 5752 au
1872 5631 2226 5752 fonds
2260 5631 2410 5751 de
2456 5632 2572 5746 la
2602 5631 3146 5761 matière,

618 5811 842 5927 Xes
882 5812 1454 5953 elemens,
1502 5803 1608 5917 le
1644 5802 1888 5954 feu,
1924 5797 2224 5953 l'air,
2270 5817 2384 5923 &
2420 5802 2530 5917 la
2580 5834 2918 5943 terre,
2964 5813 3068 5917 &
3104 5803 3450 5948 l'eau,

628 5969 1287 6130 Enfoncez,
1333 5963 2675 6134 entaüèz,nefaifoiem
2721 5973 3085 6136 qu'vu
3109 5987 3733 6117 monceau,
