<?xml version="1.0" encoding="UTF-8" standalone="yes"?>
<PcGts xmlns="http://schema.primaresearch.org/PAGE/gts/pagecontent/2013-07-15" xmlns:xsi="http://www.w3.org/2001/XMLSchema-instance" xsi:schemaLocation="http://schema.primaresearch.org/PAGE/gts/pagecontent/2013-07-15 http://schema.primaresearch.org/PAGE/gts/pagecontent/2013-07-15/pagecontent.xsd">
    <Metadata>
        <Creator></Creator>
        <Created>2019-03-02T10:37:19.521+01:00</Created>
        <LastChange>2019-09-20T13:35:12.331+02:00</LastChange>
        <Comments>
                Measurement unit: pixel
                PrimaryLanguage: English
                Language: FrenchStandard
                Producer: ABBYY FineReader Engine 11</Comments>
        <TranskribusMetadata docId="146123" pageId="5420297" pageNr="89" tsid="15697094" status="DONE" userId="10612" imgUrl="https://files.transkribus.eu/Get?id=DXJOLRVQWLVAGIZMBRJMERGX&amp;fileType=view" xmlUrl="https://files.transkribus.eu/Get?id=ACNRTAZTPNTNDYOYTWRZOLFE" imageId="2826321"/>
    </Metadata>
    <Page imageFilename="Racine1669_Plaideurs_corrected_0089.png" imageWidth="4077" imageHeight="7930">
        <PrintSpace>
            <Coords points="0,170 3472,170 3472,7236 0,7236"/>
        </PrintSpace>
        <ReadingOrder>
            <OrderedGroup id="ro_1604178043590" caption="Regions reading order">
                <RegionRefIndexed index="0" regionRef="r_1_1"/>
                <RegionRefIndexed index="1" regionRef="r_2_1"/>
                <RegionRefIndexed index="2" regionRef="r_3_1"/>
                <RegionRefIndexed index="3" regionRef="r_3_2"/>
                <RegionRefIndexed index="4" regionRef="r_3_3"/>
                <RegionRefIndexed index="5" regionRef="r_3_4"/>
                <RegionRefIndexed index="6" regionRef="r_3_5"/>
                <RegionRefIndexed index="7" regionRef="r_4_1"/>
                <RegionRefIndexed index="8" regionRef="r_5_1"/>
                <RegionRefIndexed index="9" regionRef="r_6_1"/>
                <RegionRefIndexed index="10" regionRef="r_6_2"/>
                <RegionRefIndexed index="11" regionRef="r_6_3"/>
                <RegionRefIndexed index="12" regionRef="r_6_4"/>
                <RegionRefIndexed index="13" regionRef="r_6_5"/>
                <RegionRefIndexed index="14" regionRef="r_6_6"/>
                <RegionRefIndexed index="15" regionRef="r_6_7"/>
                <RegionRefIndexed index="16" regionRef="r_6_8"/>
                <RegionRefIndexed index="17" regionRef="r_6_9"/>
                <RegionRefIndexed index="18" regionRef="r_6_10"/>
                <RegionRefIndexed index="19" regionRef="r_6_11"/>
                <RegionRefIndexed index="20" regionRef="r_6_12"/>
                <RegionRefIndexed index="21" regionRef="r_6_13"/>
                <RegionRefIndexed index="22" regionRef="r_6_14"/>
                <RegionRefIndexed index="23" regionRef="r_6_15"/>
                <RegionRefIndexed index="24" regionRef="r_6_16"/>
            </OrderedGroup>
        </ReadingOrder>
        <TextRegion type="paragraph" id="r_1_1" custom="readingOrder {index:0;}">
            <Coords points="3268,269 3446,269 3446,421 3268,421"/>
            <TextLine id="tl_1" primaryLanguage="English" custom="readingOrder {index:0;}">
                <Coords points="3269,270 3445,270 3445,420 3269,420"/>
                <Baseline points="3269,414 3365,414 3445,420"/>
                <Word id="w_w2aab1b1b2b1b1ab1" language="English" custom="readingOrder {index:0;}">
                    <Coords points="3269,274 3365,274 3365,414 3269,414"/>
                    <TextEquiv>
                        <Unicode>7</Unicode>
                    </TextEquiv>
                    <TextStyle fontFamily="Times New Roman" fontSize="10.0" bold="true"/>
                </Word>
                <Word id="w_w2aab1b1b2b1b1b1b1" language="English" custom="readingOrder {index:1;}">
                    <Coords points="3379,270 3445,270 3445,420 3379,420"/>
                    <TextEquiv>
                        <Unicode>-</Unicode>
                    </TextEquiv>
                    <TextStyle fontFamily="Times New Roman" fontSize="26.0" bold="true"/>
                </Word>
                <TextEquiv>
                    <Unicode>73</Unicode>
                </TextEquiv>
            </TextLine>
            <TextEquiv>
                <Unicode>73</Unicode>
            </TextEquiv>
        </TextRegion>
        <TextRegion type="paragraph" id="r_2_1" custom="readingOrder {index:1;}">
            <Coords points="947,198 2378,198 2378,379 947,379"/>
            <TextLine id="tl_2" primaryLanguage="English" custom="readingOrder {index:0;}">
                <Coords points="948,199 2377,199 2377,378 948,378"/>
                <Baseline points="948,378 2377,363"/>
                <Word id="w_w2aab1b3b2b1b1ab1" language="English" custom="readingOrder {index:0;}">
                    <Coords points="948,200 2377,200 2377,378 948,378"/>
                    <TextEquiv>
                        <Unicode>COMEDIE,</Unicode>
                    </TextEquiv>
                    <TextStyle fontFamily="Times New Roman" fontSize="11.0" bold="true"/>
                </Word>
                <TextEquiv>
                    <Unicode>COMEDIE.</Unicode>
                </TextEquiv>
                <TextStyle fontFamily="Times New Roman" fontSize="11.0" bold="true"/>
            </TextLine>
            <TextEquiv>
                <Unicode>COMEDIE.</Unicode>
            </TextEquiv>
        </TextRegion>
        <TextRegion type="paragraph" id="r_3_1" custom="readingOrder {index:2;}">
            <Coords points="947,485 2307,485 2307,640 947,640"/>
            <TextLine id="tl_3" primaryLanguage="English" custom="readingOrder {index:0;}">
                <Coords points="948,486 2306,486 2306,639 948,639"/>
                <Baseline points="948,639 1578,625 2306,618"/>
                <Word id="w_w2aab1b5b2b1b1ab1" language="English" custom="readingOrder {index:0;}">
                    <Coords points="948,497 1578,497 1578,639 948,639"/>
                    <TextEquiv>
                        <Unicode>PETIT</Unicode>
                    </TextEquiv>
                    <TextStyle fontFamily="Times New Roman" fontSize="8.0" bold="true"/>
                </Word>
                <Word id="w_w2aab1b5b2b1b1ac13" language="English" custom="readingOrder {index:1;}">
                    <Coords points="1715,486 2306,486 2306,618 1715,618"/>
                    <TextEquiv>
                        <Unicode>IEAN.</Unicode>
                    </TextEquiv>
                    <TextStyle fontFamily="Times New Roman" fontSize="8.0" bold="true"/>
                </Word>
                <TextEquiv>
                    <Unicode>PETIT IEAN.</Unicode>
                </TextEquiv>
                <TextStyle fontFamily="Times New Roman" fontSize="8.0" bold="true"/>
            </TextLine>
            <TextEquiv>
                <Unicode>PETIT IEAN.</Unicode>
            </TextEquiv>
        </TextRegion>
        <TextRegion type="paragraph" id="r_3_2" custom="readingOrder {index:3;}">
            <Coords points="1684,686 3243,683 3237,859 1678,862"/>
            <TextLine id="tl_4" primaryLanguage="English" custom="readingOrder {index:0;}">
                <Coords points="1677,686 3242,684 3239,861 1674,863"/>
                <Baseline points="1692,826 1815,827 2451,816 2629,815 2937,816 3242,858"/>
                <Word id="w_w2aab1b5b2b3b1ab5" language="English" custom="readingOrder {index:0;}">
                    <Coords points="1683,701 1949,701 1949,861 1683,861"/>
                    <TextEquiv>
                        <Unicode>Ho,</Unicode>
                    </TextEquiv>
                    <TextStyle fontFamily="Times New Roman" fontSize="8.0" bold="true"/>
                </Word>
                <Word id="w_w2aab1b5b2b3b1b1b1" language="English" custom="readingOrder {index:1;}">
                    <Coords points="1994,733 2451,733 2451,861 1994,861"/>
                    <TextEquiv>
                        <Unicode>prenez</Unicode>
                    </TextEquiv>
                    <TextStyle fontFamily="Times New Roman" fontSize="8.0" bold="true"/>
                </Word>
                <Word id="w_w2aab1b5b2b3b1b1c15" language="English" custom="readingOrder {index:2;}">
                    <Coords points="2465,687 2629,687 2629,815 2465,815"/>
                    <TextEquiv>
                        <Unicode>Je</Unicode>
                    </TextEquiv>
                    <TextStyle fontFamily="Times New Roman" fontSize="8.0" bold="true"/>
                </Word>
                <Word id="w_w2aab1b5b2b3b1b1c21" language="English" custom="readingOrder {index:3;}">
                    <Coords points="2668,685 2937,685 2937,860 2668,860"/>
                    <TextEquiv>
                        <Unicode>plus</Unicode>
                    </TextEquiv>
                    <TextStyle fontFamily="Times New Roman" fontSize="8.0" bold="true"/>
                </Word>
                <Word id="w_w2aab1b5b2b3b1b1c31" language="English" custom="readingOrder {index:4;}">
                    <Coords points="2973,691 3242,691 3242,858 2973,858"/>
                    <TextEquiv>
                        <Unicode>bas;</Unicode>
                    </TextEquiv>
                    <TextStyle fontFamily="Times New Roman" fontSize="8.0" bold="true"/>
                </Word>
                <TextEquiv>
                    <Unicode>Ho, prenez-le plus bas;</Unicode>
                </TextEquiv>
            </TextLine>
            <TextEquiv>
                <Unicode>Ho, prenez-le plus bas;</Unicode>
            </TextEquiv>
        </TextRegion>
        <TextRegion type="paragraph" id="r_3_3" custom="readingOrder {index:4;}">
            <Coords points="23,860 3068,860 3068,1272 23,1272"/>
            <TextLine id="tl_5" primaryLanguage="English" custom="readingOrder {index:0;}">
                <Coords points="41,861 3067,861 3067,1095 41,1095"/>
                <Baseline points="41,1095 110,1095 423,1051 925,1019 1037,1013 1437,1044 1748,999 1944,992 2776,993 3067,1007"/>
                <Word id="w_w2aab1b5b2b5b1ab1" language="English" custom="readingOrder {index:0;}">
                    <Coords points="41,953 145,953 145,1095 41,1095"/>
                    <TextEquiv>
                        <Unicode>Si</Unicode>
                    </TextEquiv>
                    <TextStyle fontFamily="Times New Roman" fontSize="8.0" italic="true"/>
                </Word>
                <Word id="w_w2aab1b5b2b5b1b1b3" language="English" custom="readingOrder {index:1;}">
                    <Coords points="180,968 423,968 423,1072 180,1072"/>
                    <TextEquiv>
                        <Unicode>vous</Unicode>
                    </TextEquiv>
                    <TextStyle fontFamily="Times New Roman" fontSize="8.0" bold="true"/>
                </Word>
                <Word id="w_w2aab1b5b2b5b1b1c13" language="English" custom="readingOrder {index:2;}">
                    <Coords points="476,895 925,895 925,1044 476,1044"/>
                    <TextEquiv>
                        <Unicode>fouiflez</Unicode>
                    </TextEquiv>
                    <TextStyle fontFamily="Times New Roman" fontSize="8.0" bold="true"/>
                </Word>
                <Word id="w_w2aab1b5b2b5b1b1c31" language="English" custom="readingOrder {index:3;}">
                    <Coords points="952,878 1037,878 1037,1013 952,1013"/>
                    <TextEquiv>
                        <Unicode>fi</Unicode>
                    </TextEquiv>
                    <TextStyle fontFamily="Times New Roman" fontSize="8.0" bold="true"/>
                </Word>
                <Word id="w_w2aab1b5b2b5b1b1c37" language="English" custom="readingOrder {index:4;}">
                    <Coords points="1076,878 1437,878 1437,1044 1076,1044"/>
                    <TextEquiv>
                        <Unicode>haut,</Unicode>
                    </TextEquiv>
                    <TextStyle fontFamily="Times New Roman" fontSize="8.0" bold="true"/>
                </Word>
                <Word id="w_w2aab1b5b2b5b1b1c49" language="English" custom="readingOrder {index:5;}">
                    <Coords points="1478,866 1748,866 1748,999 1478,999"/>
                    <TextEquiv>
                        <Unicode>l’on</Unicode>
                    </TextEquiv>
                    <TextStyle fontFamily="Times New Roman" fontSize="8.0" bold="true"/>
                </Word>
                <Word id="w_w2aab1b5b2b5b1b1c59" language="English" custom="readingOrder {index:6;}">
                    <Coords points="1780,910 1944,910 1944,998 1780,998"/>
                    <TextEquiv>
                        <Unicode>ne</Unicode>
                    </TextEquiv>
                    <TextStyle fontFamily="Times New Roman" fontSize="8.0" bold="true"/>
                </Word>
                <Word id="w_w2aab1b5b2b5b1b1c65" language="English" custom="readingOrder {index:7;}">
                    <Coords points="1984,862 2776,862 2776,999 1984,999"/>
                    <TextEquiv>
                        <Unicode>m’entendra</Unicode>
                    </TextEquiv>
                    <TextStyle fontFamily="Times New Roman" fontSize="8.0" bold="true"/>
                </Word>
                <Word id="w_w2aab1b5b2b5b1b1c87" language="English" custom="readingOrder {index:8;}">
                    <Coords points="2800,904 3067,904 3067,1045 2800,1045"/>
                    <TextEquiv>
                        <Unicode>pa$,</Unicode>
                    </TextEquiv>
                    <TextStyle fontFamily="Times New Roman" fontSize="8.0" bold="true"/>
                </Word>
                <TextEquiv>
                    <Unicode>Si vous ſoufflez ſi haut, l’on ne m’entendra pas.</Unicode>
                </TextEquiv>
            </TextLine>
            <TextLine id="tl_6" primaryLanguage="English" custom="readingOrder {index:1;}">
                <Coords points="24,1107 673,1107 673,1271 24,1271"/>
                <Baseline points="24,1271 673,1217"/>
                <Word id="w_w2aab1b5b2b5b3ab1" language="English" custom="readingOrder {index:0;}">
                    <Coords points="24,1108 673,1108 673,1271 24,1271"/>
                    <TextEquiv>
                        <Unicode>Mefficurs„„</Unicode>
                    </TextEquiv>
                    <TextStyle fontFamily="Times New Roman" fontSize="8.0" bold="true"/>
                </Word>
                <TextEquiv>
                    <Unicode>Meſſieurs....</Unicode>
                </TextEquiv>
                <TextStyle fontFamily="Times New Roman" fontSize="8.0" bold="true"/>
            </TextLine>
            <TextEquiv>
                <Unicode>Si vous ſoufflez ſi haut, l’on ne m’entendra pas.
Meſſieurs....</Unicode>
            </TextEquiv>
        </TextRegion>
        <TextRegion type="paragraph" id="r_3_4" custom="readingOrder {index:5;}">
            <Coords points="1091,1223 2108,1223 2108,1369 1091,1369"/>
            <TextLine id="tl_7" primaryLanguage="English" custom="readingOrder {index:0;}">
                <Coords points="1092,1224 2107,1224 2107,1368 1092,1368"/>
                <Baseline points="1092,1365 2107,1365"/>
                <Word id="w_w2aab1b5b2b7b1ab1" language="English" custom="readingOrder {index:0;}">
                    <Coords points="1092,1225 2107,1225 2107,1365 1092,1365"/>
                    <TextEquiv>
                        <Unicode>DANDIN,</Unicode>
                    </TextEquiv>
                    <TextStyle fontFamily="Times New Roman" fontSize="8.0" bold="true"/>
                </Word>
                <TextEquiv>
                    <Unicode>DANDIN.</Unicode>
                </TextEquiv>
                <TextStyle fontFamily="Times New Roman" fontSize="8.0" bold="true"/>
            </TextLine>
            <TextEquiv>
                <Unicode>DANDIN.</Unicode>
            </TextEquiv>
        </TextRegion>
        <TextRegion type="paragraph" id="r_3_5" custom="readingOrder {index:6;}">
            <Coords points="557,1483 1529,1483 1529,1609 557,1609"/>
            <TextLine id="tl_8" primaryLanguage="English" custom="readingOrder {index:0;}">
                <Coords points="558,1484 1528,1484 1528,1608 558,1608"/>
                <Baseline points="558,1608 1528,1589"/>
                <Word id="w_w2aab1b5b2b9b1ab1" language="English" custom="readingOrder {index:0;}">
                    <Coords points="558,1486 1528,1486 1528,1608 558,1608"/>
                    <TextEquiv>
                        <Unicode>Couurez-vous.</Unicode>
                    </TextEquiv>
                    <TextStyle fontFamily="Times New Roman" fontSize="8.0" bold="true"/>
                </Word>
                <TextEquiv>
                    <Unicode>Couurez-vous.</Unicode>
                </TextEquiv>
                <TextStyle fontFamily="Times New Roman" fontSize="8.0" bold="true"/>
            </TextLine>
            <TextEquiv>
                <Unicode>Couurez-vous.</Unicode>
            </TextEquiv>
        </TextRegion>
        <TextRegion type="paragraph" id="r_4_1" custom="readingOrder {index:7;}">
            <Coords points="953,1678 2298,1678 2298,2041 953,2041"/>
            <TextLine id="tl_9" primaryLanguage="English" custom="readingOrder {index:0;}">
                <Coords points="954,1679 2297,1679 2297,1822 954,1822"/>
                <Baseline points="954,1818 1593,1805 2297,1819"/>
                <Word id="w_w2aab1b7b2b1b1ab1" language="English" custom="readingOrder {index:0;}">
                    <Coords points="954,1685 1593,1685 1593,1820 954,1820"/>
                    <TextEquiv>
                        <Unicode>PETIT</Unicode>
                    </TextEquiv>
                    <TextStyle fontFamily="Times New Roman" fontSize="8.0" bold="true"/>
                </Word>
                <Word id="w_w2aab1b7b2b1b1ac13" language="English" custom="readingOrder {index:1;}">
                    <Coords points="1722,1680 2297,1680 2297,1819 1722,1819"/>
                    <TextEquiv>
                        <Unicode>IEAN,</Unicode>
                    </TextEquiv>
                    <TextStyle fontFamily="Times New Roman" fontSize="8.0" bold="true"/>
                </Word>
                <TextEquiv>
                    <Unicode>PETIT IEAN.</Unicode>
                </TextEquiv>
                <TextStyle fontFamily="Times New Roman" fontSize="8.0" bold="true"/>
            </TextLine>
            <TextLine id="tl_10" primaryLanguage="English" custom="readingOrder {index:1;}">
                <Coords points="1131,1894 1911,1894 1911,2040 1131,2040"/>
                <Baseline points="1131,2038 1911,2032"/>
                <Word id="w_w2aab1b7b2b1b3ab1" language="English" custom="readingOrder {index:0;}">
                    <Coords points="1131,1894 1911,1894 1911,2038 1131,2038"/>
                    <TextEquiv>
                        <Unicode>OhlMef....</Unicode>
                    </TextEquiv>
                    <TextStyle fontFamily="Times New Roman" fontSize="8.0" bold="true"/>
                </Word>
                <TextEquiv>
                    <Unicode>Oh! Meſ....</Unicode>
                </TextEquiv>
                <TextStyle fontFamily="Times New Roman" fontSize="8.0" bold="true"/>
            </TextLine>
            <TextEquiv>
                <Unicode>PETIT IEAN.
Oh! Meſ....</Unicode>
            </TextEquiv>
        </TextRegion>
        <TextRegion type="paragraph" id="r_5_1" custom="readingOrder {index:8;}">
            <Coords points="1131,2130 2129,2130 2129,2265 1131,2265"/>
            <TextLine id="tl_11" primaryLanguage="English" custom="readingOrder {index:0;}">
                <Coords points="1132,2131 2128,2131 2128,2264 1132,2264"/>
                <Baseline points="1132,2258 2128,2257"/>
                <Word id="w_w2aab1b9b2b1b1ab1" language="English" custom="readingOrder {index:0;}">
                    <Coords points="1132,2133 2128,2133 2128,2262 1132,2262"/>
                    <TextEquiv>
                        <Unicode>DANDIN.</Unicode>
                    </TextEquiv>
                    <TextStyle fontFamily="Times New Roman" fontSize="8.0" bold="true"/>
                </Word>
                <TextEquiv>
                    <Unicode>DANDIN.</Unicode>
                </TextEquiv>
                <TextStyle fontFamily="Times New Roman" fontSize="8.0" bold="true"/>
            </TextLine>
            <TextEquiv>
                <Unicode>DANDIN.</Unicode>
            </TextEquiv>
        </TextRegion>
        <TextRegion type="paragraph" id="r_6_1" custom="readingOrder {index:9;}">
            <Coords points="1413,2345 3248,2345 3248,2545 1413,2545"/>
            <TextLine id="tl_12" primaryLanguage="English" custom="readingOrder {index:0;}">
                <Coords points="1414,2346 3247,2346 3247,2544 1414,2544"/>
                <Baseline points="1414,2482 1778,2476 1986,2471 2425,2510 2777,2482 3247,2497"/>
                <Word id="w_w2aab1c11b2b1b1ab1" language="English" custom="readingOrder {index:0;}">
                    <Coords points="1414,2358 1908,2358 1908,2482 1414,2482"/>
                    <TextEquiv>
                        <Unicode>Couure</Unicode>
                    </TextEquiv>
                    <TextStyle fontFamily="Times New Roman" fontSize="8.0"/>
                </Word>
                <Word id="w_w2aab1c11b2b1b1b1b1" language="English" custom="readingOrder {index:1;}">
                    <Coords points="1922,2385 1986,2385 1986,2471 1922,2471"/>
                    <TextEquiv>
                        <Unicode>2</Unicode>
                    </TextEquiv>
                    <TextStyle fontFamily="Times New Roman" fontSize="6.0" bold="true"/>
                </Word>
                <Word id="w_w2aab1c11b2b1b1b2b1" language="English" custom="readingOrder {index:2;}">
                    <Coords points="2006,2385 2425,2385 2425,2510 2006,2510"/>
                    <TextEquiv>
                        <Unicode>-vous,</Unicode>
                    </TextEquiv>
                    <TextStyle fontFamily="Times New Roman" fontSize="8.0"/>
                </Word>
                <Word id="w_w2aab1c11b2b1b1b2c15" language="English" custom="readingOrder {index:3;}">
                    <Coords points="2472,2389 2777,2389 2777,2482 2472,2482"/>
                    <TextEquiv>
                        <Unicode>vous</Unicode>
                    </TextEquiv>
                    <TextStyle fontFamily="Times New Roman" fontSize="8.0"/>
                </Word>
                <Word id="w_w2aab1c11b2b1b1b2c25" language="English" custom="readingOrder {index:4;}">
                    <Coords points="2818,2347 3247,2347 3247,2540 2818,2540"/>
                    <TextEquiv>
                        <Unicode>dis-je.</Unicode>
                    </TextEquiv>
                    <TextStyle fontFamily="Times New Roman" fontSize="8.0"/>
                </Word>
                <TextEquiv>
                    <Unicode>Couurez-vous, vous dis-je.</Unicode>
                </TextEquiv>
            </TextLine>
            <TextEquiv>
                <Unicode>Couurez-vous, vous dis-je.</Unicode>
            </TextEquiv>
        </TextRegion>
        <TextRegion type="paragraph" id="r_6_2" custom="readingOrder {index:10;}">
            <Coords points="917,2571 2323,2571 2323,2711 917,2711"/>
            <TextLine id="tl_13" primaryLanguage="English" custom="readingOrder {index:0;}">
                <Coords points="918,2572 2322,2572 2322,2710 918,2710"/>
                <Baseline points="918,2699 1580,2700 2322,2707"/>
                <Word id="w_w2aab1c11b2b3b1ab1" language="English" custom="readingOrder {index:0;}">
                    <Coords points="918,2576 1580,2576 1580,2706 918,2706"/>
                    <TextEquiv>
                        <Unicode>PETIT</Unicode>
                    </TextEquiv>
                    <TextStyle fontFamily="Times New Roman" fontSize="8.0" bold="true"/>
                </Word>
                <Word id="w_w2aab1c11b2b3b1ac13" language="English" custom="readingOrder {index:1;}">
                    <Coords points="1724,2572 2322,2572 2322,2707 1724,2707"/>
                    <TextEquiv>
                        <Unicode>IEAN.</Unicode>
                    </TextEquiv>
                    <TextStyle fontFamily="Times New Roman" fontSize="8.0" bold="true"/>
                </Word>
                <TextEquiv>
                    <Unicode>PETIT IEAN.</Unicode>
                </TextEquiv>
                <TextStyle fontFamily="Times New Roman" fontSize="8.0" bold="true"/>
            </TextLine>
            <TextEquiv>
                <Unicode>PETIT IEAN.</Unicode>
            </TextEquiv>
        </TextRegion>
        <TextRegion type="paragraph" id="r_6_3" custom="readingOrder {index:11;}">
            <Coords points="34,2806 3418,2806 3418,3022 34,3022"/>
            <TextLine id="tl_14" primaryLanguage="English" custom="readingOrder {index:0;}">
                <Coords points="35,2807 3416,2807 3416,3021 35,3021"/>
                <Baseline points="36,2983 898,2948 1202,3000 1372,2940 1640,2947 1768,2994 2720,2952 3408,2962"/>
                <Word id="w_w2aab1c11b2b5b1ab1" language="English" custom="readingOrder {index:0;}">
                    <Coords points="36,2823 898,2823 898,3005 36,3005"/>
                    <TextEquiv>
                        <Unicode>Dfc,Monfieur,ie</Unicode>
                    </TextEquiv>
                    <TextStyle fontFamily="Times New Roman" fontSize="8.0"/>
                </Word>
                <Word id="w_w2aab1c11b2b5b1ac33" language="English" custom="readingOrder {index:1;}">
                    <Coords points="937,2821 1202,2821 1202,3000 937,3000"/>
                    <TextEquiv>
                        <Unicode>fçay</Unicode>
                    </TextEquiv>
                    <TextStyle fontFamily="Times New Roman" fontSize="8.0"/>
                </Word>
                <Word id="w_w2aab1c11b2b5b1ac43" language="English" custom="readingOrder {index:2;}">
                    <Coords points="1247,2812 1538,2812 1538,2949 1247,2949"/>
                    <TextEquiv>
                        <Unicode>bien</Unicode>
                    </TextEquiv>
                    <TextStyle fontFamily="Times New Roman" fontSize="8.0"/>
                </Word>
                <Word id="w_w2aab1c11b2b5b1b1b1" language="English" custom="readingOrder {index:3;}">
                    <Coords points="1569,2811 1640,2811 1640,2995 1569,2995"/>
                    <TextEquiv>
                        <Unicode>à</Unicode>
                    </TextEquiv>
                    <TextStyle fontFamily="Times New Roman" fontSize="8.0" bold="true"/>
                </Word>
                <Word id="w_w2aab1c11b2b5b1b2b1" language="English" custom="readingOrder {index:4;}">
                    <Coords points="1698,2826 2024,2826 2024,2995 1698,2995"/>
                    <TextEquiv>
                        <Unicode>quoy</Unicode>
                    </TextEquiv>
                    <TextStyle fontFamily="Times New Roman" fontSize="8.0"/>
                </Word>
                <Word id="w_w2aab1c11b2b5b1b3b1" language="English" custom="readingOrder {index:5;}">
                    <Coords points="2053,2822 2720,2822 2720,2958 2053,2958"/>
                    <TextEquiv>
                        <Unicode>l'honneur</Unicode>
                    </TextEquiv>
                    <TextStyle fontFamily="Times New Roman" fontSize="8.0" bold="true"/>
                </Word>
                <Word id="w_w2aab1c11b2b5b1b3c21" language="English" custom="readingOrder {index:6;}">
                    <Coords points="2766,2822 3415,2822 3415,3012 2766,3012"/>
                    <TextEquiv>
                        <Unicode>m’oblige.'</Unicode>
                    </TextEquiv>
                    <TextStyle fontFamily="Times New Roman" fontSize="8.0" bold="true"/>
                </Word>
                <TextEquiv>
                    <Unicode>Oh, Monſieur, ie ſçay bien à quoy l'honneur m’oblige.</Unicode>
                </TextEquiv>
            </TextLine>
            <TextEquiv>
                <Unicode>Oh, Monſieur, ie ſçay bien à quoy l'honneur m’oblige.</Unicode>
            </TextEquiv>
        </TextRegion>
        <TextRegion type="paragraph" id="r_6_4" custom="readingOrder {index:12;}">
            <Coords points="1124,3070 2082,3070 2082,3200 1124,3200"/>
            <TextLine id="tl_15" primaryLanguage="English" custom="readingOrder {index:0;}">
                <Coords points="1125,3071 2081,3071 2081,3199 1125,3199"/>
                <Baseline points="1125,3192 2081,3196"/>
                <Word id="w_w2aab1c11b2b7b1ab1" language="English" custom="readingOrder {index:0;}">
                    <Coords points="1125,3073 2081,3073 2081,3197 1125,3197"/>
                    <TextEquiv>
                        <Unicode>DANDIN.</Unicode>
                    </TextEquiv>
                    <TextStyle fontFamily="Times New Roman" fontSize="8.0" bold="true"/>
                </Word>
                <TextEquiv>
                    <Unicode>DANDIN.</Unicode>
                </TextEquiv>
                <TextStyle fontFamily="Times New Roman" fontSize="8.0" bold="true"/>
            </TextLine>
            <TextEquiv>
                <Unicode>DANDIN.</Unicode>
            </TextEquiv>
        </TextRegion>
        <TextRegion type="paragraph" id="r_6_5" custom="readingOrder {index:13;}">
            <Coords points="34,3240 1327,3240 1327,3416 34,3416"/>
            <TextLine id="tl_16" primaryLanguage="English" custom="readingOrder {index:0;}">
                <Coords points="35,3241 1326,3241 1326,3415 35,3415"/>
                <Baseline points="35,3391 140,3383 256,3383 672,3373 1016,3367 1326,3374"/>
                <Word id="w_w2aab1c11b2b9b1ab1" language="English" custom="readingOrder {index:0;}">
                    <Coords points="35,3271 140,3271 140,3391 35,3391"/>
                    <TextEquiv>
                        <Unicode>Ve</Unicode>
                    </TextEquiv>
                    <TextStyle fontFamily="Times New Roman" fontSize="8.0"/>
                </Word>
                <Word id="w_w2aab1c11b2b9b1ab7" language="English" custom="readingOrder {index:1;}">
                    <Coords points="165,3296 256,3296 256,3384 165,3384"/>
                    <TextEquiv>
                        <Unicode>te</Unicode>
                    </TextEquiv>
                    <TextStyle fontFamily="Times New Roman" fontSize="8.0"/>
                </Word>
                <Word id="w_w2aab1c11b2b9b1ac13" language="English" custom="readingOrder {index:2;}">
                    <Coords points="287,3287 672,3287 672,3379 287,3379"/>
                    <TextEquiv>
                        <Unicode>couine</Unicode>
                    </TextEquiv>
                    <TextStyle fontFamily="Times New Roman" fontSize="8.0"/>
                </Word>
                <Word id="w_w2aab1c11b2b9b1ac27" language="English" custom="readingOrder {index:3;}">
                    <Coords points="699,3243 1016,3243 1016,3374 699,3374"/>
                    <TextEquiv>
                        <Unicode>donc</Unicode>
                    </TextEquiv>
                    <TextStyle fontFamily="Times New Roman" fontSize="8.0"/>
                </Word>
                <Word id="w_w2aab1c11b2b9b1ac37" language="English" custom="readingOrder {index:4;}">
                    <Coords points="1067,3282 1326,3282 1326,3412 1067,3412"/>
                    <TextEquiv>
                        <Unicode>pas.</Unicode>
                    </TextEquiv>
                    <TextStyle fontFamily="Times New Roman" fontSize="8.0"/>
                </Word>
                <TextEquiv>
                    <Unicode>Ne te couure donc pas.</Unicode>
                </TextEquiv>
                <TextStyle fontFamily="Times New Roman" fontSize="8.0"/>
            </TextLine>
            <TextEquiv>
                <Unicode>Ne te couure donc pas.</Unicode>
            </TextEquiv>
        </TextRegion>
        <TextRegion type="paragraph" id="r_6_6" custom="readingOrder {index:14;}">
            <Coords points="483,3490 2737,3490 2737,3672 483,3672"/>
            <TextLine id="tl_17" primaryLanguage="English" custom="readingOrder {index:0;}">
                <Coords points="484,3491 2736,3491 2736,3671 484,3671"/>
                <Baseline points="484,3624 1128,3626 1342,3621 2058,3631 2560,3629 2736,3630"/>
                <Word id="w_w2aab1c11b2c11b1ab1" language="English" custom="readingOrder {index:0;}">
                    <Coords points="484,3495 1128,3495 1128,3630 484,3630"/>
                    <TextEquiv>
                        <Unicode>PETIT</Unicode>
                    </TextEquiv>
                    <TextStyle fontFamily="Times New Roman" fontSize="8.0" bold="true"/>
                </Word>
                <Word id="w_w2aab1c11b2c11b1ac13" language="English" custom="readingOrder {index:1;}">
                    <Coords points="1280,3500 1822,3500 1822,3667 1280,3667"/>
                    <TextEquiv>
                        <Unicode>IEAN</Unicode>
                    </TextEquiv>
                    <TextStyle fontFamily="Times New Roman" fontSize="8.0" bold="true"/>
                </Word>
                <Word id="w_w2aab1c11b2c11b1b1b1" language="English" custom="readingOrder {index:2;}">
                    <Coords points="1916,3501 2058,3501 2058,3667 1916,3667"/>
                    <TextEquiv>
                        <Unicode>fe</Unicode>
                    </TextEquiv>
                    <TextStyle fontFamily="Times New Roman" fontSize="8.0" italic="true"/>
                </Word>
                <Word id="w_w2aab1c11b2c11b1b1b7" language="English" custom="readingOrder {index:3;}">
                    <Coords points="2134,3537 2700,3537 2700,3635 2134,3635"/>
                    <TextEquiv>
                        <Unicode>couurant</Unicode>
                    </TextEquiv>
                    <TextStyle fontFamily="Times New Roman" fontSize="8.0" italic="true"/>
                </Word>
                <Word id="w_w2aab1c11b2c11b1b2b1" language="English" custom="readingOrder {index:4;}">
                    <Coords points="2700,3586 2736,3586 2736,3630 2700,3630"/>
                    <TextEquiv>
                        <Unicode>.</Unicode>
                    </TextEquiv>
                    <TextStyle fontFamily="Times New Roman" fontSize="8.0" bold="true"/>
                </Word>
                <TextEquiv>
                    <Unicode>PETIT IEAN ſe couurant.</Unicode>
                </TextEquiv>
            </TextLine>
            <TextEquiv>
                <Unicode>PETIT IEAN ſe couurant.</Unicode>
            </TextEquiv>
        </TextRegion>
        <TextRegion type="paragraph" id="r_6_7" custom="readingOrder {index:15;}">
            <Coords points="1204,3708 3254,3708 3254,3883 1204,3883"/>
            <TextLine id="tl_18" primaryLanguage="English" custom="readingOrder {index:0;}">
                <Coords points="1205,3709 3253,3709 3253,3882 1205,3882"/>
                <Baseline points="1205,3853 2029,3859 2409,3845 3253,3876"/>
                <Word id="w_w2aab1c11b2c13b1ab1" language="English" custom="readingOrder {index:0;}">
                    <Coords points="1205,3714 2029,3714 2029,3859 1205,3859"/>
                    <TextEquiv>
                        <Unicode>Mefïîeurs,...</Unicode>
                    </TextEquiv>
                    <TextStyle fontFamily="Times New Roman" fontSize="8.0"/>
                </Word>
                <Word id="w_w2aab1c11b2c13b1ac29" language="English" custom="readingOrder {index:1;}">
                    <Coords points="2071,3730 2409,3730 2409,3855 2071,3855"/>
                    <TextEquiv>
                        <Unicode>Vous</Unicode>
                    </TextEquiv>
                    <TextStyle fontFamily="Times New Roman" fontSize="8.0"/>
                </Word>
                <Word id="w_w2aab1c11b2c13b1ac39" language="English" custom="readingOrder {index:2;}">
                    <Coords points="2455,3719 3253,3719 3253,3876 2455,3876"/>
                    <TextEquiv>
                        <Unicode>doucement;</Unicode>
                    </TextEquiv>
                    <TextStyle fontFamily="Times New Roman" fontSize="8.0"/>
                </Word>
                <TextEquiv>
                    <Unicode>Meſſieurs.... Vous doucement;</Unicode>
                </TextEquiv>
                <TextStyle fontFamily="Times New Roman" fontSize="8.0"/>
            </TextLine>
            <TextEquiv>
                <Unicode>Meſſieurs.... Vous doucement;</Unicode>
            </TextEquiv>
        </TextRegion>
        <TextRegion type="paragraph" id="r_6_8" custom="readingOrder {index:16;}">
            <Coords points="29,3883 3254,3883 3254,4417 29,4417"/>
            <TextLine id="tl_19" primaryLanguage="English" custom="readingOrder {index:0;}">
                <Coords points="30,3884 3253,3884 3253,4075 30,4075"/>
                <Baseline points="30,4019 133,4015 325,4019 461,4023 735,4067 877,4024 1385,4052 1714,4021 2061,4019 3253,4030"/>
                <Word id="w_w2aab1c11b2c15b1ab1" language="English" custom="readingOrder {index:0;}">
                    <Coords points="30,3901 133,3901 133,4019 30,4019"/>
                    <TextEquiv>
                        <Unicode>Ce</Unicode>
                    </TextEquiv>
                    <TextStyle fontFamily="Times New Roman" fontSize="8.0"/>
                </Word>
                <Word id="w_w2aab1c11b2c15b1ab7" language="English" custom="readingOrder {index:1;}">
                    <Coords points="154,3932 325,3932 325,4064 154,4064"/>
                    <TextEquiv>
                        <Unicode>que</Unicode>
                    </TextEquiv>
                    <TextStyle fontFamily="Times New Roman" fontSize="8.0"/>
                </Word>
                <Word id="w_w2aab1c11b2c15b1ac15" language="English" custom="readingOrder {index:2;}">
                    <Coords points="362,3895 461,3895 461,4023 362,4023"/>
                    <TextEquiv>
                        <Unicode>ie</Unicode>
                    </TextEquiv>
                    <TextStyle fontFamily="Times New Roman" fontSize="8.0"/>
                </Word>
                <Word id="w_w2aab1c11b2c15b1ac21" language="English" custom="readingOrder {index:3;}">
                    <Coords points="490,3891 735,3891 735,4074 490,4074"/>
                    <TextEquiv>
                        <Unicode>fçay</Unicode>
                    </TextEquiv>
                    <TextStyle fontFamily="Times New Roman" fontSize="8.0"/>
                </Word>
                <Word id="w_w2aab1c11b2c15b1ac31" language="English" custom="readingOrder {index:4;}">
                    <Coords points="768,3896 877,3896 877,4024 768,4024"/>
                    <TextEquiv>
                        <Unicode>le</Unicode>
                    </TextEquiv>
                    <TextStyle fontFamily="Times New Roman" fontSize="8.0"/>
                </Word>
                <Word id="w_w2aab1c11b2c15b1ac37" language="English" custom="readingOrder {index:5;}">
                    <Coords points="906,3896 1385,3896 1385,4052 906,4052"/>
                    <TextEquiv>
                        <Unicode>mieux,</Unicode>
                    </TextEquiv>
                    <TextStyle fontFamily="Times New Roman" fontSize="8.0"/>
                </Word>
                <Word id="w_w2aab1c11b2c15b1ac51" language="English" custom="readingOrder {index:6;}">
                    <Coords points="1418,3890 1714,3890 1714,4021 1418,4021"/>
                    <TextEquiv>
                        <Unicode>c’eft</Unicode>
                    </TextEquiv>
                    <TextStyle fontFamily="Times New Roman" fontSize="8.0"/>
                </Word>
                <Word id="w_w2aab1c11b2c15b1ac63" language="English" custom="readingOrder {index:7;}">
                    <Coords points="1744,3938 2061,3938 2061,4021 1744,4021"/>
                    <TextEquiv>
                        <Unicode>mon</Unicode>
                    </TextEquiv>
                    <TextStyle fontFamily="Times New Roman" fontSize="8.0"/>
                </Word>
                <Word id="w_w2aab1c11b2c15b1ac71" language="English" custom="readingOrder {index:8;}">
                    <Coords points="2108,3925 3253,3925 3253,4030 2108,4030"/>
                    <TextEquiv>
                        <Unicode>commencement,</Unicode>
                    </TextEquiv>
                    <TextStyle fontFamily="Times New Roman" fontSize="8.0"/>
                </Word>
                <TextEquiv>
                    <Unicode>Ce que ie ſçay le mieux, c’eſt mon commencement.</Unicode>
                </TextEquiv>
                <TextStyle fontFamily="Times New Roman" fontSize="8.0"/>
            </TextLine>
            <TextLine id="tl_20" primaryLanguage="English" custom="readingOrder {index:1;}">
                <Coords points="30,4021 2808,4021 2808,4251 30,4251"/>
                <Baseline points="30,4191 512,4234 941,4202 1105,4200 1667,4193 2003,4197 2808,4240"/>
                <Word id="w_w2aab1c11b2c15b3ab1" language="English" custom="readingOrder {index:0;}">
                    <Coords points="30,4029 512,4029 512,4234 30,4234"/>
                    <TextEquiv>
                        <Unicode>kdiieurs,</Unicode>
                    </TextEquiv>
                    <TextStyle fontFamily="Times New Roman" fontSize="8.0"/>
                </Word>
                <Word id="w_w2aab1c11b2c15b3ac21" language="English" custom="readingOrder {index:1;}">
                    <Coords points="544,4077 941,4077 941,4250 544,4250"/>
                    <TextEquiv>
                        <Unicode>quand</Unicode>
                    </TextEquiv>
                    <TextStyle fontFamily="Times New Roman" fontSize="8.0"/>
                </Word>
                <Word id="w_w2aab1c11b2c15b3ac33" language="English" custom="readingOrder {index:2;}">
                    <Coords points="992,4071 1105,4071 1105,4200 992,4200"/>
                    <TextEquiv>
                        <Unicode>ie</Unicode>
                    </TextEquiv>
                    <TextStyle fontFamily="Times New Roman" fontSize="8.0"/>
                </Word>
                <Word id="w_w2aab1c11b2c15b3ac39" language="English" custom="readingOrder {index:3;}">
                    <Coords points="1136,4066 1667,4066 1667,4245 1136,4245"/>
                    <TextEquiv>
                        <Unicode>regarde</Unicode>
                    </TextEquiv>
                    <TextStyle fontFamily="Times New Roman" fontSize="8.0"/>
                </Word>
                <Word id="w_w2aab1c11b2c15b3ac55" language="English" custom="readingOrder {index:4;}">
                    <Coords points="1706,4110 2003,4110 2003,4197 1706,4197"/>
                    <TextEquiv>
                        <Unicode>auec</Unicode>
                    </TextEquiv>
                    <TextStyle fontFamily="Times New Roman" fontSize="8.0"/>
                </Word>
                <Word id="w_w2aab1c11b2c15b3ac65" language="English" custom="readingOrder {index:5;}">
                    <Coords points="2054,4070 2808,4070 2808,4240 2054,4240"/>
                    <TextEquiv>
                        <Unicode>exactitude,</Unicode>
                    </TextEquiv>
                    <TextStyle fontFamily="Times New Roman" fontSize="8.0"/>
                </Word>
                <TextEquiv>
                    <Unicode>Meſſieurs, quand ie regarde auec exactitude,</Unicode>
                </TextEquiv>
                <TextStyle fontFamily="Times New Roman" fontSize="8.0"/>
            </TextLine>
            <TextLine id="tl_21" primaryLanguage="English" custom="readingOrder {index:2;}">
                <Coords points="30,4232 2591,4232 2591,4416 30,4416"/>
                <Baseline points="30,4357 743,4377 947,4378 1497,4404 1645,4373 1815,4372 2591,4409"/>
                <Word id="w_w2aab1c11b2c15b5ab1" language="English" custom="readingOrder {index:0;}">
                    <Coords points="30,4239 743,4239 743,4377 30,4377"/>
                    <TextEquiv>
                        <Unicode>-’mconftance</Unicode>
                    </TextEquiv>
                    <TextStyle fontFamily="Times New Roman" fontSize="8.0"/>
                </Word>
                <Word id="w_w2aab1c11b2c15b5ac27" language="English" custom="readingOrder {index:1;}">
                    <Coords points="784,4248 947,4248 947,4378 784,4378"/>
                    <TextEquiv>
                        <Unicode>du</Unicode>
                    </TextEquiv>
                    <TextStyle fontFamily="Times New Roman" fontSize="8.0"/>
                </Word>
                <Word id="w_w2aab1c11b2c15b5ac33" language="English" custom="readingOrder {index:2;}">
                    <Coords points="976,4247 1497,4247 1497,4404 976,4404"/>
                    <TextEquiv>
                        <Unicode>monde,</Unicode>
                    </TextEquiv>
                    <TextStyle fontFamily="Times New Roman" fontSize="8.0"/>
                </Word>
                <Word id="w_w2aab1c11b2c15b5ac47" language="English" custom="readingOrder {index:3;}">
                    <Coords points="1532,4264 1645,4264 1645,4373 1532,4373"/>
                    <TextEquiv>
                        <Unicode>&amp;</Unicode>
                    </TextEquiv>
                    <TextStyle fontFamily="Times New Roman" fontSize="8.0"/>
                </Word>
                <Word id="w_w2aab1c11b2c15b5ac51" language="English" custom="readingOrder {index:4;}">
                    <Coords points="1692,4246 1815,4246 1815,4372 1692,4372"/>
                    <TextEquiv>
                        <Unicode>fa</Unicode>
                    </TextEquiv>
                    <TextStyle fontFamily="Times New Roman" fontSize="8.0"/>
                </Word>
                <Word id="w_w2aab1c11b2c15b5ac57" language="English" custom="readingOrder {index:5;}">
                    <Coords points="1858,4242 2591,4242 2591,4409 1858,4409"/>
                    <TextEquiv>
                        <Unicode>viciilîtude^</Unicode>
                    </TextEquiv>
                    <TextStyle fontFamily="Times New Roman" fontSize="8.0"/>
                </Word>
                <TextEquiv>
                    <Unicode>L'inconſtance du monde, &amp; ſa viciſſitude;</Unicode>
                </TextEquiv>
                <TextStyle fontFamily="Times New Roman" fontSize="8.0"/>
            </TextLine>
            <TextEquiv>
                <Unicode>Ce que ie ſçay le mieux, c’eſt mon commencement.
Meſſieurs, quand ie regarde auec exactitude,
L'inconſtance du monde, &amp; ſa viciſſitude;</Unicode>
            </TextEquiv>
        </TextRegion>
        <TextRegion type="paragraph" id="r_6_9" custom="readingOrder {index:17;}">
            <Coords points="31,4411 3045,4411 3045,4605 31,4605"/>
            <TextLine id="tl_22" primaryLanguage="English" custom="readingOrder {index:0;}">
                <Coords points="32,4412 3044,4412 3044,4604 32,4604"/>
                <Baseline points="32,4527 198,4532 416,4537 550,4544 802,4602 1254,4596 1564,4544 2372,4543 3044,4576"/>
                <Word id="w_w2aab1c11b2c17b1ab1" language="English" custom="readingOrder {index:0;}">
                    <Coords points="32,4445 198,4445 198,4532 32,4532"/>
                    <TextEquiv>
                        <Unicode>.ois</Unicode>
                    </TextEquiv>
                    <TextStyle fontFamily="Times New Roman" fontSize="8.0"/>
                </Word>
                <Word id="w_w2aab1c11b2c17b1ac11" language="English" custom="readingOrder {index:1;}">
                    <Coords points="228,4457 416,4457 416,4585 228,4585"/>
                    <TextEquiv>
                        <Unicode>que</Unicode>
                    </TextEquiv>
                    <TextStyle fontFamily="Times New Roman" fontSize="8.0"/>
                </Word>
                <Word id="w_w2aab1c11b2c17b1ac19" language="English" custom="readingOrder {index:2;}">
                    <Coords points="452,4425 550,4425 550,4544 452,4544"/>
                    <TextEquiv>
                        <Unicode>ie</Unicode>
                    </TextEquiv>
                    <TextStyle fontFamily="Times New Roman" fontSize="8.0"/>
                </Word>
                <Word id="w_w2aab1c11b2c17b1ac25" language="English" custom="readingOrder {index:3;}">
                    <Coords points="580,4467 802,4467 802,4602 580,4602"/>
                    <TextEquiv>
                        <Unicode>voy</Unicode>
                    </TextEquiv>
                    <TextStyle fontFamily="Times New Roman" fontSize="8.0"/>
                </Word>
                <Word id="w_w2aab1c11b2c17b1ac33" language="English" custom="readingOrder {index:4;}">
                    <Coords points="832,4471 1254,4471 1254,4602 832,4602"/>
                    <TextEquiv>
                        <Unicode>parmy</Unicode>
                    </TextEquiv>
                    <TextStyle fontFamily="Times New Roman" fontSize="8.0"/>
                </Word>
                <Word id="w_w2aab1c11b2c17b1ac45" language="English" custom="readingOrder {index:5;}">
                    <Coords points="1284,4462 1564,4462 1564,4555 1284,4555"/>
                    <TextEquiv>
                        <Unicode>tant</Unicode>
                    </TextEquiv>
                    <TextStyle fontFamily="Times New Roman" fontSize="8.0"/>
                </Word>
                <Word id="w_w2aab1c11b2c17b1ac55" language="English" custom="readingOrder {index:6;}">
                    <Coords points="1602,4420 2372,4420 2372,4553 1602,4553"/>
                    <TextEquiv>
                        <Unicode>d’Hommes</Unicode>
                    </TextEquiv>
                    <TextStyle fontFamily="Times New Roman" fontSize="8.0"/>
                </Word>
                <Word id="w_w2aab1c11b2c17b1ac73" language="English" custom="readingOrder {index:7;}">
                    <Coords points="2412,4413 3044,4413 3044,4576 2412,4576"/>
                    <TextEquiv>
                        <Unicode>difFerens,</Unicode>
                    </TextEquiv>
                    <TextStyle fontFamily="Times New Roman" fontSize="8.0"/>
                </Word>
                <TextEquiv>
                    <Unicode>Lors que ie voy parmy tant d’Hommes differens,</Unicode>
                </TextEquiv>
                <TextStyle fontFamily="Times New Roman" fontSize="8.0"/>
            </TextLine>
            <TextEquiv>
                <Unicode>Lors que ie voy parmy tant d’Hommes differens,</Unicode>
            </TextEquiv>
        </TextRegion>
        <TextRegion type="paragraph" id="r_6_10" custom="readingOrder {index:18;}">
            <Coords points="31,4573 2710,4573 2710,4770 31,4770"/>
            <TextLine id="tl_23" primaryLanguage="English" custom="readingOrder {index:0;}">
                <Coords points="32,4574 2709,4574 2709,4769 32,4769"/>
                <Baseline points="32,4649 380,4709 803,4730 1111,4762 1293,4734 1613,4725 1887,4729 2201,4719 2709,4762"/>
                <Word id="w_w2aab1c11b2c19b1ab1" language="English" custom="readingOrder {index:0;}">
                    <Coords points="32,4581 380,4581 380,4709 32,4709"/>
                    <TextEquiv>
                        <Unicode>’as-Yne</Unicode>
                    </TextEquiv>
                    <TextStyle fontFamily="Times New Roman" fontSize="8.0"/>
                </Word>
                <Word id="w_w2aab1c11b2c19b1ac17" language="English" custom="readingOrder {index:1;}">
                    <Coords points="416,4595 803,4595 803,4730 416,4730"/>
                    <TextEquiv>
                        <Unicode>Eftoile</Unicode>
                    </TextEquiv>
                    <TextStyle fontFamily="Times New Roman" fontSize="8.0"/>
                </Word>
                <Word id="w_w2aab1c11b2c19b1ac33" language="English" custom="readingOrder {index:2;}">
                    <Coords points="833,4602 1111,4602 1111,4762 833,4762"/>
                    <TextEquiv>
                        <Unicode>fixe,</Unicode>
                    </TextEquiv>
                    <TextStyle fontFamily="Times New Roman" fontSize="8.0"/>
                </Word>
                <Word id="w_w2aab1c11b2c19b1ac45" language="English" custom="readingOrder {index:3;}">
                    <Coords points="1179,4622 1293,4622 1293,4734 1179,4734"/>
                    <TextEquiv>
                        <Unicode>&amp;</Unicode>
                    </TextEquiv>
                    <TextStyle fontFamily="Times New Roman" fontSize="8.0"/>
                </Word>
                <Word id="w_w2aab1c11b2c19b1ac49" language="English" custom="readingOrder {index:4;}">
                    <Coords points="1340,4638 1613,4638 1613,4725 1340,4725"/>
                    <TextEquiv>
                        <Unicode>tant</Unicode>
                    </TextEquiv>
                    <TextStyle fontFamily="Times New Roman" fontSize="8.0"/>
                </Word>
                <Word id="w_w2aab1c11b2c19b1ac59" language="English" custom="readingOrder {index:5;}">
                    <Coords points="1654,4596 1887,4596 1887,4729 1654,4729"/>
                    <TextEquiv>
                        <Unicode>d’A</Unicode>
                    </TextEquiv>
                    <TextStyle fontFamily="Times New Roman" fontSize="8.0"/>
                </Word>
                <Word id="w_w2aab1c11b2c19b1ac67" language="English" custom="readingOrder {index:6;}">
                    <Coords points="1910,4597 2201,4597 2201,4729 1910,4729"/>
                    <TextEquiv>
                        <Unicode>lires</Unicode>
                    </TextEquiv>
                    <TextStyle fontFamily="Times New Roman" fontSize="8.0"/>
                </Word>
                <Word id="w_w2aab1c11b2c19b1ac79" language="English" custom="readingOrder {index:7;}">
                    <Coords points="2248,4636 2709,4636 2709,4762 2248,4762"/>
                    <TextEquiv>
                        <Unicode>errans;</Unicode>
                    </TextEquiv>
                    <TextStyle fontFamily="Times New Roman" fontSize="8.0"/>
                </Word>
                <TextEquiv>
                    <Unicode>Pas-vne Eſtoile fixe, &amp; tant d’Aſtres errans;</Unicode>
                </TextEquiv>
                <TextStyle fontFamily="Times New Roman" fontSize="8.0"/>
            </TextLine>
            <TextEquiv>
                <Unicode>Pas-vne Eſtoile fixe, &amp; tant d’Aſtres errans;</Unicode>
            </TextEquiv>
        </TextRegion>
        <TextRegion type="paragraph" id="r_6_11" custom="readingOrder {index:19;}">
            <Coords points="19,4735 3247,4735 3247,5276 19,5276"/>
            <TextLine id="tl_24" primaryLanguage="English" custom="readingOrder {index:0;}">
                <Coords points="20,4736 3246,4736 3246,4955 20,4955"/>
                <Baseline points="20,4905 358,4885 486,4890 716,4947 914,4906 1452,4938 1928,4901 2094,4901 2372,4949 2670,4889 3246,4931"/>
                <Word id="w_w2aab1c11b2c21b1ab1" language="English" custom="readingOrder {index:0;}">
                    <Coords points="20,4745 358,4745 358,4918 20,4918"/>
                    <TextEquiv>
                        <Unicode>5jj?ud</Unicode>
                    </TextEquiv>
                    <TextStyle fontFamily="Times New Roman" fontSize="8.0"/>
                </Word>
                <Word id="w_w2aab1c11b2c21b1ac15" language="English" custom="readingOrder {index:1;}">
                    <Coords points="400,4771 486,4771 486,4890 400,4890"/>
                    <TextEquiv>
                        <Unicode>ie</Unicode>
                    </TextEquiv>
                    <TextStyle fontFamily="Times New Roman" fontSize="8.0"/>
                </Word>
                <Word id="w_w2aab1c11b2c21b1ac21" language="English" custom="readingOrder {index:2;}">
                    <Coords points="518,4815 716,4815 716,4947 518,4947"/>
                    <TextEquiv>
                        <Unicode>voy</Unicode>
                    </TextEquiv>
                    <TextStyle fontFamily="Times New Roman" fontSize="8.0"/>
                </Word>
                <Word id="w_w2aab1c11b2c21b1ac29" language="English" custom="readingOrder {index:3;}">
                    <Coords points="758,4782 914,4782 914,4906 758,4906"/>
                    <TextEquiv>
                        <Unicode>les</Unicode>
                    </TextEquiv>
                    <TextStyle fontFamily="Times New Roman" fontSize="8.0"/>
                </Word>
                <Word id="w_w2aab1c11b2c21b1ac37" language="English" custom="readingOrder {index:4;}">
                    <Coords points="978,4778 1452,4778 1452,4938 978,4938"/>
                    <TextEquiv>
                        <Unicode>Céfars,</Unicode>
                    </TextEquiv>
                    <TextStyle fontFamily="Times New Roman" fontSize="8.0"/>
                </Word>
                <Word id="w_w2aab1c11b2c21b1ac53" language="English" custom="readingOrder {index:5;}">
                    <Coords points="1500,4776 1928,4776 1928,4951 1500,4951"/>
                    <TextEquiv>
                        <Unicode>quand</Unicode>
                    </TextEquiv>
                    <TextStyle fontFamily="Times New Roman" fontSize="8.0"/>
                </Word>
                <Word id="w_w2aab1c11b2c21b1ac65" language="English" custom="readingOrder {index:6;}">
                    <Coords points="1980,4777 2094,4777 2094,4901 1980,4901"/>
                    <TextEquiv>
                        <Unicode>ie</Unicode>
                    </TextEquiv>
                    <TextStyle fontFamily="Times New Roman" fontSize="8.0"/>
                </Word>
                <Word id="w_w2aab1c11b2c21b1ac71" language="English" custom="readingOrder {index:7;}">
                    <Coords points="2136,4818 2372,4818 2372,4949 2136,4949"/>
                    <TextEquiv>
                        <Unicode>voy</Unicode>
                    </TextEquiv>
                    <TextStyle fontFamily="Times New Roman" fontSize="8.0"/>
                </Word>
                <Word id="w_w2aab1c11b2c21b1ac79" language="English" custom="readingOrder {index:8;}">
                    <Coords points="2412,4770 2670,4770 2670,4896 2412,4896"/>
                    <TextEquiv>
                        <Unicode>leur</Unicode>
                    </TextEquiv>
                    <TextStyle fontFamily="Times New Roman" fontSize="8.0"/>
                </Word>
                <Word id="w_w2aab1c11b2c21b1ac89" language="English" custom="readingOrder {index:9;}">
                    <Coords points="2702,4762 3246,4762 3246,4931 2702,4931"/>
                    <TextEquiv>
                        <Unicode>fortune,</Unicode>
                    </TextEquiv>
                    <TextStyle fontFamily="Times New Roman" fontSize="8.0"/>
                </Word>
                <TextEquiv>
                    <Unicode>Quand ie voy les Céſars, quand ie voy leur fortune,</Unicode>
                </TextEquiv>
                <TextStyle fontFamily="Times New Roman" fontSize="8.0"/>
            </TextLine>
            <TextLine id="tl_25" primaryLanguage="English" custom="readingOrder {index:1;}">
                <Coords points="25,4913 3038,4913 3038,5135 25,5135"/>
                <Baseline points="25,5083 342,5059 460,5065 697,5119 842,5084 1330,5120 1501,5088 1976,5077 2152,5077 2443,5124 2612,5077 3038,5108"/>
                <Word id="w_w2aab1c11b2c21b3ab1" language="English" custom="readingOrder {index:0;}">
                    <Coords points="25,4921 342,4921 342,5094 25,5094"/>
                    <TextEquiv>
                        <Unicode>^uznci</Unicode>
                    </TextEquiv>
                    <TextStyle fontFamily="Times New Roman" fontSize="8.0"/>
                </Word>
                <Word id="w_w2aab1c11b2c21b3ac15" language="English" custom="readingOrder {index:1;}">
                    <Coords points="367,4943 460,4943 460,5065 367,5065"/>
                    <TextEquiv>
                        <Unicode>ie</Unicode>
                    </TextEquiv>
                    <TextStyle fontFamily="Times New Roman" fontSize="8.0"/>
                </Word>
                <Word id="w_w2aab1c11b2c21b3ac21" language="English" custom="readingOrder {index:2;}">
                    <Coords points="495,4985 697,4985 697,5119 495,5119"/>
                    <TextEquiv>
                        <Unicode>voy</Unicode>
                    </TextEquiv>
                    <TextStyle fontFamily="Times New Roman" fontSize="8.0"/>
                </Word>
                <Word id="w_w2aab1c11b2c21b3ac29" language="English" custom="readingOrder {index:3;}">
                    <Coords points="735,4957 842,4957 842,5084 735,5084"/>
                    <TextEquiv>
                        <Unicode>le</Unicode>
                    </TextEquiv>
                    <TextStyle fontFamily="Times New Roman" fontSize="8.0"/>
                </Word>
                <Word id="w_w2aab1c11b2c21b3ac35" language="English" custom="readingOrder {index:4;}">
                    <Coords points="901,4964 1330,4964 1330,5120 901,5120"/>
                    <TextEquiv>
                        <Unicode>Soleil,</Unicode>
                    </TextEquiv>
                    <TextStyle fontFamily="Times New Roman" fontSize="8.0"/>
                </Word>
                <Word id="w_w2aab1c11b2c21b3ac51" language="English" custom="readingOrder {index:5;}">
                    <Coords points="1387,4980 1501,4980 1501,5088 1387,5088"/>
                    <TextEquiv>
                        <Unicode>&amp;</Unicode>
                    </TextEquiv>
                    <TextStyle fontFamily="Times New Roman" fontSize="8.0"/>
                </Word>
                <Word id="w_w2aab1c11b2c21b3ac55" language="English" custom="readingOrder {index:6;}">
                    <Coords points="1553,4953 1976,4953 1976,5131 1553,5131"/>
                    <TextEquiv>
                        <Unicode>quand</Unicode>
                    </TextEquiv>
                    <TextStyle fontFamily="Times New Roman" fontSize="8.0"/>
                </Word>
                <Word id="w_w2aab1c11b2c21b3ac67" language="English" custom="readingOrder {index:7;}">
                    <Coords points="2033,4952 2152,4952 2152,5077 2033,5077"/>
                    <TextEquiv>
                        <Unicode>ie</Unicode>
                    </TextEquiv>
                    <TextStyle fontFamily="Times New Roman" fontSize="8.0"/>
                </Word>
                <Word id="w_w2aab1c11b2c21b3ac73" language="English" custom="readingOrder {index:8;}">
                    <Coords points="2203,4995 2443,4995 2443,5124 2203,5124"/>
                    <TextEquiv>
                        <Unicode>voy</Unicode>
                    </TextEquiv>
                    <TextStyle fontFamily="Times New Roman" fontSize="8.0"/>
                </Word>
                <Word id="w_w2aab1c11b2c21b3ac81" language="English" custom="readingOrder {index:9;}">
                    <Coords points="2491,4947 2612,4947 2612,5077 2491,5077"/>
                    <TextEquiv>
                        <Unicode>la</Unicode>
                    </TextEquiv>
                    <TextStyle fontFamily="Times New Roman" fontSize="8.0"/>
                </Word>
                <Word id="w_w2aab1c11b2c21b3ac87" language="English" custom="readingOrder {index:10;}">
                    <Coords points="2647,4959 3038,4959 3038,5108 2647,5108"/>
                    <TextEquiv>
                        <Unicode>Lune;</Unicode>
                    </TextEquiv>
                    <TextStyle fontFamily="Times New Roman" fontSize="8.0"/>
                </Word>
                <TextEquiv>
                    <Unicode>Quand ie voy le Soleil, &amp; quand ie voy la Lune;</Unicode>
                </TextEquiv>
                <TextStyle fontFamily="Times New Roman" fontSize="8.0"/>
            </TextLine>
            <TextLine id="tl_26" primaryLanguage="English" custom="readingOrder {index:2;}">
                <Coords points="1606,5133 2458,5132 2458,5275 1606,5276"/>
                <Baseline points="1617,5204 1676,5205 2458,5252"/>
                <Word id="w_w2aab1c11b2c21b5b2b1" language="English" custom="readingOrder {index:0;}">
                    <Coords points="1606,5134 1676,5134 1676,5252 1606,5252"/>
                    <TextEquiv>
                        <Unicode>*</Unicode>
                    </TextEquiv>
                    <TextStyle fontFamily="Times New Roman" fontSize="8.0"/>
                </Word>
                <Word id="w_w2aab1c11b2c21b5b3b1" language="English" custom="readingOrder {index:1;}">
                    <Coords points="1718,5139 2458,5139 2458,5269 1718,5269"/>
                    <TextEquiv>
                        <Unicode>habiloniens</Unicode>
                    </TextEquiv>
                    <TextStyle fontFamily="Times New Roman" fontSize="8.0" italic="true"/>
                </Word>
                <TextEquiv>
                    <Unicode>* Babiloniens</Unicode>
                </TextEquiv>
            </TextLine>
            <TextEquiv>
                <Unicode>Quand ie voy les Céſars, quand ie voy leur fortune,
Quand ie voy le Soleil, &amp; quand ie voy la Lune;
* Babiloniens</Unicode>
            </TextEquiv>
        </TextRegion>
        <TextRegion type="paragraph" id="r_6_12" custom="readingOrder {index:20;}">
            <Coords points="18,5255 2725,5255 2725,5642 18,5642"/>
            <TextLine id="tl_27" primaryLanguage="English" custom="readingOrder {index:0;}">
                <Coords points="21,5256 2586,5256 2586,5479 21,5479"/>
                <Baseline points="21,5429 336,5407 475,5420 712,5477 897,5440 1329,5437 1585,5435 1687,5381 2585,5423"/>
                <Word id="w_w2aab1c11b2c23b1ab1" language="English" custom="readingOrder {index:0;}">
                    <Coords points="21,5263 336,5263 336,5447 21,5447"/>
                    <TextEquiv>
                        <Unicode>îüjnd</Unicode>
                    </TextEquiv>
                    <TextStyle fontFamily="Times New Roman" fontSize="8.0"/>
                </Word>
                <Word id="w_w2aab1c11b2c23b1ac13" language="English" custom="readingOrder {index:1;}">
                    <Coords points="379,5289 475,5289 475,5420 379,5420"/>
                    <TextEquiv>
                        <Unicode>ie</Unicode>
                    </TextEquiv>
                    <TextStyle fontFamily="Times New Roman" fontSize="8.0"/>
                </Word>
                <Word id="w_w2aab1c11b2c23b1ac19" language="English" custom="readingOrder {index:2;}">
                    <Coords points="511,5343 712,5343 712,5477 511,5477"/>
                    <TextEquiv>
                        <Unicode>voy</Unicode>
                    </TextEquiv>
                    <TextStyle fontFamily="Times New Roman" fontSize="8.0"/>
                </Word>
                <Word id="w_w2aab1c11b2c23b1ac27" language="English" custom="readingOrder {index:3;}">
                    <Coords points="741,5309 897,5309 897,5440 741,5440"/>
                    <TextEquiv>
                        <Unicode>les</Unicode>
                    </TextEquiv>
                    <TextStyle fontFamily="Times New Roman" fontSize="8.0"/>
                </Word>
                <Word id="w_w2aab1c11b2c23b1ac35" language="English" custom="readingOrder {index:4;}">
                    <Coords points="943,5310 1329,5310 1329,5450 943,5450"/>
                    <TextEquiv>
                        <Unicode>Eftats</Unicode>
                    </TextEquiv>
                    <TextStyle fontFamily="Times New Roman" fontSize="8.0"/>
                </Word>
                <Word id="w_w2aab1c11b2c23b1ac49" language="English" custom="readingOrder {index:5;}">
                    <Coords points="1371,5310 1585,5310 1585,5440 1371,5440"/>
                    <TextEquiv>
                        <Unicode>des</Unicode>
                    </TextEquiv>
                    <TextStyle fontFamily="Times New Roman" fontSize="8.0"/>
                </Word>
                <Word id="w_w2aab1c11b2c23b1ac57" language="English" custom="readingOrder {index:6;}">
                    <Coords points="1623,5316 1687,5316 1687,5381 1623,5381"/>
                    <TextEquiv>
                        <Unicode>*</Unicode>
                    </TextEquiv>
                    <TextStyle fontFamily="Times New Roman" fontSize="8.0"/>
                </Word>
                <Word id="w_w2aab1c11b2c23b1ac61" language="English" custom="readingOrder {index:7;}">
                    <Coords points="1729,5305 2585,5305 2585,5439 1729,5439"/>
                    <TextEquiv>
                        <Unicode>Babiboniens</Unicode>
                    </TextEquiv>
                    <TextStyle fontFamily="Times New Roman" fontSize="8.0"/>
                </Word>
                <TextEquiv>
                    <Unicode>Quand ie voy les Eſtats des * Babiboniens</Unicode>
                </TextEquiv>
                <TextStyle fontFamily="Times New Roman" fontSize="8.0"/>
            </TextLine>
            <TextLine id="tl_28" primaryLanguage="English" custom="readingOrder {index:1;}">
                <Coords points="733,5481 2724,5486 2724,5641 733,5636"/>
                <Baseline points="743,5555 796,5552 1064,5618 1348,5623 1812,5562 2724,5600"/>
                <Word id="w_w2aab1c11b2c23b3ab5" language="English" custom="readingOrder {index:0;}">
                    <Coords points="736,5491 796,5491 796,5552 736,5552"/>
                    <TextEquiv>
                        <Unicode>'</Unicode>
                    </TextEquiv>
                    <TextStyle fontFamily="Times New Roman" fontSize="8.0" italic="true"/>
                </Word>
                <Word id="w_w2aab1c11b2c23b3ab9" language="English" custom="readingOrder {index:1;}">
                    <Coords points="857,5513 1064,5513 1064,5621 857,5621"/>
                    <TextEquiv>
                        <Unicode>Per</Unicode>
                    </TextEquiv>
                    <TextStyle fontFamily="Times New Roman" fontSize="8.0" italic="true"/>
                </Word>
                <Word id="w_w2aab1c11b2c23b3ac17" language="English" custom="readingOrder {index:2;}">
                    <Coords points="1067,5502 1348,5502 1348,5638 1067,5638"/>
                    <TextEquiv>
                        <Unicode>fans</Unicode>
                    </TextEquiv>
                    <TextStyle fontFamily="Times New Roman" fontSize="8.0" italic="true"/>
                </Word>
                <Word id="w_w2aab1c11b2c23b3ac27" language="English" custom="readingOrder {index:3;}">
                    <Coords points="1745,5492 1812,5492 1812,5562 1745,5562"/>
                    <TextEquiv>
                        <Unicode>*</Unicode>
                    </TextEquiv>
                    <TextStyle fontFamily="Times New Roman" fontSize="8.0" italic="true"/>
                </Word>
                <Word id="w_w2aab1c11b2c23b3ac31" language="English" custom="readingOrder {index:4;}">
                    <Coords points="1857,5491 2724,5491 2724,5617 1857,5617"/>
                    <TextEquiv>
                        <Unicode>Macédoniens</Unicode>
                    </TextEquiv>
                    <TextStyle fontFamily="Times New Roman" fontSize="8.0" italic="true"/>
                </Word>
                <TextEquiv>
                    <Unicode>* Perſans * Macedoniens</Unicode>
                </TextEquiv>
                <TextStyle fontFamily="Times New Roman" fontSize="8.0" italic="true"/>
            </TextLine>
            <TextEquiv>
                <Unicode>Quand ie voy les Eſtats des * Babiboniens
* Perſans * Macedoniens</Unicode>
            </TextEquiv>
        </TextRegion>
        <TextRegion type="paragraph" id="r_6_13" custom="readingOrder {index:21;}">
            <Coords points="14,5612 2805,5612 2805,5844 14,5844"/>
            <TextLine id="tl_29" primaryLanguage="English" custom="readingOrder {index:0;}">
                <Coords points="15,5613 2804,5613 2804,5843 15,5843"/>
                <Baseline points="15,5749 69,5749 721,5781 817,5740 1432,5834 1707,5793 1805,5738 2803,5810"/>
                <Word id="w_w2aab1c11b2c25b1ab1" language="English" custom="readingOrder {index:0;}">
                    <Coords points="15,5621 491,5621 491,5782 15,5782"/>
                    <TextEquiv>
                        <Unicode>Transféré</Unicode>
                    </TextEquiv>
                    <TextStyle fontFamily="Times New Roman" fontSize="8.5" bold="true"/>
                </Word>
                <Word id="w_w2aab1c11b2c25b1b1b1" language="English" custom="readingOrder {index:1;}">
                    <Coords points="533,5651 721,5651 721,5785 533,5785"/>
                    <TextEquiv>
                        <Unicode>des</Unicode>
                    </TextEquiv>
                    <TextStyle fontFamily="Times New Roman" fontSize="8.0"/>
                </Word>
                <Word id="w_w2aab1c11b2c25b1b1b9" language="English" custom="readingOrder {index:2;}">
                    <Coords points="751,5667 817,5667 817,5740 751,5740"/>
                    <TextEquiv>
                        <Unicode>*</Unicode>
                    </TextEquiv>
                    <TextStyle fontFamily="Times New Roman" fontSize="8.0"/>
                </Word>
                <Word id="w_w2aab1c11b2c25b1b1c13" language="English" custom="readingOrder {index:3;}">
                    <Coords points="853,5683 1432,5683 1432,5840 853,5840"/>
                    <TextEquiv>
                        <Unicode>Serpens,</Unicode>
                    </TextEquiv>
                    <TextStyle fontFamily="Times New Roman" fontSize="8.0"/>
                </Word>
                <Word id="w_w2aab1c11b2c25b1b1c31" language="English" custom="readingOrder {index:4;}">
                    <Coords points="1467,5712 1707,5712 1707,5793 1467,5793"/>
                    <TextEquiv>
                        <Unicode>aux</Unicode>
                    </TextEquiv>
                    <TextStyle fontFamily="Times New Roman" fontSize="8.0"/>
                </Word>
                <Word id="w_w2aab1c11b2c25b1b1c39" language="English" custom="readingOrder {index:5;}">
                    <Coords points="1739,5668 1805,5668 1805,5738 1739,5738"/>
                    <TextEquiv>
                        <Unicode>*</Unicode>
                    </TextEquiv>
                    <TextStyle fontFamily="Times New Roman" fontSize="8.0"/>
                </Word>
                <Word id="w_w2aab1c11b2c25b1b1c43" language="English" custom="readingOrder {index:6;}">
                    <Coords points="1857,5653 2803,5653 2803,5810 1857,5810"/>
                    <TextEquiv>
                        <Unicode>Nacedoniens;</Unicode>
                    </TextEquiv>
                    <TextStyle fontFamily="Times New Roman" fontSize="8.0"/>
                </Word>
                <TextEquiv>
                    <Unicode>Transferé des * Serpens, aux * Nacedoniens;</Unicode>
                </TextEquiv>
            </TextLine>
            <TextEquiv>
                <Unicode>Transferé des * Serpens, aux * Nacedoniens;</Unicode>
            </TextEquiv>
        </TextRegion>
        <TextRegion type="paragraph" id="r_6_14" custom="readingOrder {index:22;}">
            <Coords points="903,5833 3120,5830 3114,6002 897,6005"/>
            <TextLine id="tl_30" primaryLanguage="English" custom="readingOrder {index:0;}">
                <Coords points="902,5833 3119,5831 3125,6000 908,6002"/>
                <Baseline points="921,5978 1589,5975 2373,5899 3119,5952"/>
                <Word id="w_w2aab1c11b2c27b1b1b1" language="English" custom="readingOrder {index:0;}">
                    <Coords points="907,5849 1589,5849 1589,5980 907,5980"/>
                    <TextEquiv>
                        <Unicode>'Romains</Unicode>
                    </TextEquiv>
                    <TextStyle fontFamily="Times New Roman" fontSize="8.0" italic="true"/>
                </Word>
                <Word id="w_w2aab1c11b2c27b1b1c19" language="English" custom="readingOrder {index:1;}">
                    <Coords points="2305,5841 2373,5841 2373,5899 2305,5899"/>
                    <TextEquiv>
                        <Unicode>*</Unicode>
                    </TextEquiv>
                    <TextStyle fontFamily="Times New Roman" fontSize="8.0" italic="true"/>
                </Word>
                <Word id="w_w2aab1c11b2c27b1b1c23" language="English" custom="readingOrder {index:2;}">
                    <Coords points="2409,5831 3119,5831 3119,6002 2409,6002"/>
                    <TextEquiv>
                        <Unicode>Despotique</Unicode>
                    </TextEquiv>
                    <TextStyle fontFamily="Times New Roman" fontSize="8.0" italic="true"/>
                </Word>
                <TextEquiv>
                    <Unicode>* Romains *Despotique</Unicode>
                </TextEquiv>
            </TextLine>
            <TextEquiv>
                <Unicode>* Romains *Despotique</Unicode>
            </TextEquiv>
        </TextRegion>
        <TextRegion type="paragraph" id="r_6_15" custom="readingOrder {index:23;}">
            <Coords points="7,5981 3140,5981 3140,6382 7,6382"/>
            <TextLine id="tl_31" primaryLanguage="English" custom="readingOrder {index:0;}">
                <Coords points="10,5951 3141,5951 3139,6189 8,6189"/>
                <Baseline points="10,6082 321,6113 453,6117 701,6187 983,6096 1587,6151 1783,6144 2253,6145 2367,6091 3139,6128"/>
                <Word id="w_w2aab1c11b2c29b1ab1" language="English" custom="readingOrder {index:0;}">
                    <Coords points="8,5989 321,5989 321,6174 8,6174"/>
                    <TextEquiv>
                        <Unicode>Md</Unicode>
                    </TextEquiv>
                    <TextStyle fontFamily="Times New Roman" fontSize="8.0"/>
                </Word>
                <Word id="w_w2aab1c11b2c29b1ab7" language="English" custom="readingOrder {index:1;}">
                    <Coords points="357,5995 453,5995 453,6117 357,6117"/>
                    <TextEquiv>
                        <Unicode>ie</Unicode>
                    </TextEquiv>
                    <TextStyle fontFamily="Times New Roman" fontSize="8.0"/>
                </Word>
                <Word id="w_w2aab1c11b2c29b1ac13" language="English" custom="readingOrder {index:2;}">
                    <Coords points="494,6049 701,6049 701,6187 494,6187"/>
                    <TextEquiv>
                        <Unicode>voy</Unicode>
                    </TextEquiv>
                    <TextStyle fontFamily="Times New Roman" fontSize="8.0"/>
                </Word>
                <Word id="w_w2aab1c11b2c29b1ac21" language="English" custom="readingOrder {index:3;}">
                    <Coords points="734,6021 983,6021 983,6146 734,6146"/>
                    <TextEquiv>
                        <Unicode>les*</Unicode>
                    </TextEquiv>
                    <TextStyle fontFamily="Times New Roman" fontSize="8.0"/>
                </Word>
                <Word id="w_w2aab1c11b2c29b1ac31" language="English" custom="readingOrder {index:4;}">
                    <Coords points="1018,6032 1587,6032 1587,6160 1018,6160"/>
                    <TextEquiv>
                        <Unicode>Lorrains</Unicode>
                    </TextEquiv>
                    <TextStyle fontFamily="Times New Roman" fontSize="8.0"/>
                </Word>
                <Word id="w_w2aab1c11b2c29b1ac49" language="English" custom="readingOrder {index:5;}">
                    <Coords points="1628,6020 1783,6020 1783,6151 1628,6151"/>
                    <TextEquiv>
                        <Unicode>de</Unicode>
                    </TextEquiv>
                    <TextStyle fontFamily="Times New Roman" fontSize="8.0"/>
                </Word>
                <Word id="w_w2aab1c11b2c29b1ac55" language="English" custom="readingOrder {index:6;}">
                    <Coords points="1814,6010 2253,6010 2253,6151 1814,6151"/>
                    <TextEquiv>
                        <Unicode>l’Eftat</Unicode>
                    </TextEquiv>
                    <TextStyle fontFamily="Times New Roman" fontSize="8.0"/>
                </Word>
                <Word id="w_w2aab1c11b2c29b1ac71" language="English" custom="readingOrder {index:7;}">
                    <Coords points="2301,6015 2367,6015 2367,6091 2301,6091"/>
                    <TextEquiv>
                        <Unicode>*</Unicode>
                    </TextEquiv>
                    <TextStyle fontFamily="Times New Roman" fontSize="8.0"/>
                </Word>
                <Word id="w_w2aab1c11b2c29b1ac75" language="English" custom="readingOrder {index:8;}">
                    <Coords points="2406,6003 3139,6003 3139,6172 2406,6172"/>
                    <TextEquiv>
                        <Unicode>Dépotique</Unicode>
                    </TextEquiv>
                    <TextStyle fontFamily="Times New Roman" fontSize="8.0"/>
                </Word>
                <TextEquiv>
                    <Unicode>Quand ie voy les* Lorrains de l’Eſtat * Dépotique</Unicode>
                </TextEquiv>
                <TextStyle fontFamily="Times New Roman" fontSize="8.0"/>
            </TextLine>
            <TextLine id="tl_32" primaryLanguage="English" custom="readingOrder {index:1;}">
                <Coords points="3,6134 2987,6133 2987,6381 3,6382"/>
                <Baseline points="13,6250 295,6289 509,6246 1287,6364 1447,6336 1763,6326 1965,6321 2987,6336"/>
                <Word id="w_w2aab1c11b2c29b3ab1" language="English" custom="readingOrder {index:0;}">
                    <Coords points="295,6181 509,6181 509,6295 295,6295"/>
                    <TextEquiv>
                        <Unicode>au*</Unicode>
                    </TextEquiv>
                    <TextStyle fontFamily="Times New Roman" fontSize="8.0"/>
                </Word>
                <Word id="w_w2aab1c11b2c29b3ab9" language="English" custom="readingOrder {index:1;}">
                    <Coords points="542,6191 1287,6191 1287,6364 542,6364"/>
                    <TextEquiv>
                        <Unicode>Démocrite,</Unicode>
                    </TextEquiv>
                    <TextStyle fontFamily="Times New Roman" fontSize="8.0"/>
                </Word>
                <Word id="w_w2aab1c11b2c29b3ac31" language="English" custom="readingOrder {index:2;}">
                    <Coords points="1339,6224 1447,6224 1447,6336 1339,6336"/>
                    <TextEquiv>
                        <Unicode>&amp;</Unicode>
                    </TextEquiv>
                    <TextStyle fontFamily="Times New Roman" fontSize="8.0"/>
                </Word>
                <Word id="w_w2aab1c11b2c29b3ac35" language="English" custom="readingOrder {index:3;}">
                    <Coords points="1489,6202 1763,6202 1763,6378 1489,6378"/>
                    <TextEquiv>
                        <Unicode>puis</Unicode>
                    </TextEquiv>
                    <TextStyle fontFamily="Times New Roman" fontSize="8.0"/>
                </Word>
                <Word id="w_w2aab1c11b2c29b3ac45" language="English" custom="readingOrder {index:4;}">
                    <Coords points="1805,6235 1965,6235 1965,6327 1805,6327"/>
                    <TextEquiv>
                        <Unicode>au</Unicode>
                    </TextEquiv>
                    <TextStyle fontFamily="Times New Roman" fontSize="8.0"/>
                </Word>
                <Word id="w_w2aab1c11b2c29b3ac51" language="English" custom="readingOrder {index:5;}">
                    <Coords points="2013,6175 2987,6175 2987,6354 2013,6354"/>
                    <TextEquiv>
                        <Unicode>Monarchique;</Unicode>
                    </TextEquiv>
                    <TextStyle fontFamily="Times New Roman" fontSize="8.0"/>
                </Word>
                <TextEquiv>
                    <Unicode>Paſſer au * Démocrite, &amp; puis au Monarchique;</Unicode>
                </TextEquiv>
                <TextStyle fontFamily="Times New Roman" fontSize="8.0"/>
            </TextLine>
            <TextEquiv>
                <Unicode>Quand ie voy les* Lorrains de l’Eſtat * Dépotique
Paſſer au * Démocrite, &amp; puis au Monarchique;</Unicode>
            </TextEquiv>
        </TextRegion>
        <TextRegion type="paragraph" id="r_6_16" custom="readingOrder {index:24;}">
            <Coords points="457,6354 2890,6354 2890,6559 457,6559"/>
            <TextLine id="tl_33" primaryLanguage="English" custom="readingOrder {index:0;}">
                <Coords points="458,6355 2889,6355 2889,6558 458,6558"/>
                <Baseline points="458,6424 509,6424 1152,6508 2889,6514"/>
                <Word id="w_w2aab1c11b2c31b1ab1" language="English" custom="readingOrder {index:0;}">
                    <Coords points="458,6363 509,6363 509,6424 458,6424"/>
                    <TextEquiv>
                        <Unicode>*</Unicode>
                    </TextEquiv>
                    <TextStyle fontFamily="Times New Roman" fontSize="6.5" italic="true"/>
                </Word>
                <Word id="w_w2aab1c11b2c31b1ab5" language="English" custom="readingOrder {index:1;}">
                    <Coords points="532,6361 1382,6361 1382,6556 532,6556"/>
                    <TextEquiv>
                        <Unicode>Démocratique</Unicode>
                    </TextEquiv>
                    <TextStyle fontFamily="Times New Roman" fontSize="6.5" italic="true"/>
                </Word>
                <Word id="w_w2aab1c11b2c31b1b1b3" language="English" custom="readingOrder {index:2;}">
                    <Coords points="2738,6363 2889,6363 2889,6514 2738,6514"/>
                    <TextEquiv>
                        <Unicode>D</Unicode>
                    </TextEquiv>
                    <TextStyle fontFamily="Times New Roman" fontSize="8.5" bold="true"/>
                </Word>
                <TextEquiv>
                    <Unicode>* Démocratique D</Unicode>
                </TextEquiv>
            </TextLine>
            <TextEquiv>
                <Unicode>* Démocratique D</Unicode>
            </TextEquiv>
        </TextRegion>
        <SeparatorRegion id="r_7" custom="readingOrder {index:25;}">
            <Coords points="0,7088 10,7088 10,7236 0,7236"/>
        </SeparatorRegion>
    </Page>
</PcGts>
