4156 7809
760 331 952 476 6$
1474 321 1872 475 LES
2048 320 3512 539 PLAIDEVRS,

1809 706 3216 863 PETIT IEAN.
755 1047 894 1170 le
939 1084 1230 1169 vous
1285 1077 1761 1169 entens.
1843 1046 2052 1170 Oti
2069 1088 2130 1137 v
2144 1137 2171 1196 ,
2233 1042 2552 1169 mais
2597 1046 2960 1180 d’vne
3000 1062 3578 1222 première
3617 1084 3981 1213 caufe*

750 1211 1420 1368 Monfieur,
1460 1262 1529 1337 a
1564 1219 2125 1337 l’Auocat
2170 1215 2820 1344 reuient-ii
2857 1236 3375 1400 quelque
3422 1237 3819 1380 chofe?

1941 1555 3063 1708 LEANDRE.
739 1898 942 2028 Ah
981 1894 1157 2064 fy.
1237 1886 1913 2065 Garde-roy
1957 1893 2236 2018 bien
2285 1899 2567 2027 d’en
2618 1899 3088 2028 vouloir
3121 1905 3384 2031 rien
3422 1921 3934 2070 toucher.

742 2066 1079 2196 C’eft
1108 2071 1220 2191 la
1269 2050 1620 2189 calife
1664 2062 2398 2232 d'honneur,
2449 2118 2616 2196 on
2658 2066 3178 2202 l'achete
3216 2078 3500 2208 bien
3542 2088 3856 2236 cher*

739 2249 963 2364 On
1001 2240 1319 2360 terne
1359 2229 1567 2359 des
1617 2230 2009 2359 billets
2048 2278 2267 2407 par
2311 2284 2651 2369 toute
2701 2246 2815 2364 la
2849 2236 3359 2371 famille-

733 2420 897 2538 Et
927 2410 1041 2532 le
1078 2409 1383 2575 petit
1427 2413 1961 2564 Garçon,
2007 2424 2125 2536 &c
2165 2414 2281 2532 la
2320 2416 2703 2581 petite
2753 2413 3083 2574 Fille,

742 2583 1200 2732 Oncle,
1237 2584 1687 2727 Tante,
1731 2577 2294 2742 Coufîns,
2338 2623 2610 2711 tout
2642 2589 3019 2744 vient,
3049 2588 3536 2764 jufiques
3574 2642 3724 2732 au
3767 2604 4071 2785 Chat,

733 2749 1257 2879 Dormir
1303 2787 1463 2870 au
1501 2745 2090 2921 Plaidoyé
2123 2749 2277 2875 de
2323 2754 2956 2887 Monfïeür
2991 2763 3029 2877 1
3043 2760 3592 2906 Aüocat,

2019 3098 3043 3245 DANDIN.
722 3430 1172 3565 Allons
1218 3475 1524 3559 nous
1573 3435 2167 3605 préparer.
2218 3440 2457 3594 Cà^
2496 3435 3167 3605 Meilleurs,
3211 3457 3560 3623 point
3590 3459 4151 3653 d’intrigue,

742 3614 1335 3733 Permons
1376 3608 1684 3738 l'œil
1722 3651 1955 3733 aux
1990 3609 2509 3775 prélèns,
2554 3639 2672 3749 &
2708 3620 3207 3743 l'oreille
3248 3623 3316 3752 à
3362 3631 3477 3753 la
3516 3636 3960 3812 brigue.

742 3786 1131 3932 Vous,
1170 3776 1688 3905 Maiftre
1732 3781 2048 3906 Petit
2091 3794 2435 3942 Iean,
2476 3788 2798 3916 ferez
2845 3793 2956 3916 le
2996 3792 3777 3942 demandeur.

734 3950 1131 4110 .Vous,
1182 3944 1694 4081 Maiftre
1734 3951 2357 4117 l'intimé,
2412 3961 2904 4132 foyezle
2950 3961 3661 4104 défendeur.

1680 4284 2006 4466 Fin
2076 4286 2285 4457 du
2372 4297 2954 4464 Second
3012 4316 3162 4467 A
3176 4291 3414 4466 fie.
