4066 7819
957 319 2358 482 COMEDIE.

3246 354 3470 548 63
434 1256 1962 1552 SCENE
2226 1266 2898 1531 XII

202 1711 434 1871 LA
522 1688 1882 1881 COMTESSE,
1978 1689 2250 1842 LE
2314 1706 3266 1899 ANDRE,

860 1981 1089 2103 LA
1238 1985 2494 2125 COMTESSE.

54 2240 312 2556 M
328 2213 820 2350 Iferable!
872 2213 962 2335 il
998 2245 1252 2335 s’en
1292 2260 1442 2346 va
1472 2212 1678 2388 luy
1720 2212 2284 2382 préuenix
2324 2223 2806 2393 lefprit.

776 2397 1142 2519 Parle
1176 2397 1806 2556 foupiraiL

70 2570 578 2725 Mondeur,
614 2607 756 2687 ne
786 2603 1204 2735 croyez
1234 2566 1494 2694 rien
1536 2566 1688 2694 de
1736 2606 2010 2694 tout
2052 2613 2184 2699 ce
2224 2581 2522 2751 qu’il
2562 2619 2854 2707 vous
2900 2576 3106 2704 dir
3096 2676 3154 2720 r

61 2756 142 2882 Il
171 2782 319 2872 n’a
349 2744 661 2910 point
693 2739 839 2861 de
893 2739 1471 2872 témoins.
1555 2740 1890 2872 C’eft
1931 2792 2095 2872 vn
2139 2793 2751 2883 menteur.

1129 2991 1367 3110 LE
1413 2992 1883 3114 AND
1935 2999 2247 3131 RE*

2577 3168 3227 3326 Madame,

61 3330 267 3488 Que
293 3334 509 3456 leur
545 3361 1315 3457 contez-vous
1351 3324 1521 3456 là?
1579 3334 2247 3463 Peut-eflre
2293 3335 2437 3463 ils
2483 3339 3011 3468 rendent
3051 3346 3471 3478 l'ame»

850 3577 1098 3699 LA
1246 3577 1868 3710 COMT
1934 3588 2168 3709 ES
2236 3587 2320 3705 S
2384 3593 2520 3715 E.

70 3820 150 3942 Il
182 3820 320 3962 luy
350 3814 604 3975 fera,
644 3815 1294 3974 Monfîeur,
1330 3820 1720 3946 croire
1762 3866 1900 3950 ce
1940 3825 2242 3994 qu’il
2294 3819 2810 3962 voudra*

66 3982 492 4116 Souffrez
524 4035 740 4163 que
778 3993 1246 4131 i’entre.

1151 4240 2247 4369 LEANDRE.

1229 4482 1435 4612 Oli
1483 4526 1789 4636 non,
1829 4477 2421 4648 pcrfcnne
2463 4483 3131 4610 n’entrera*

919 4725 1167 4848 LA
1313 4721 2543 4848 COMTESSE.

70 4952 293 5080 Iele
322 5004 515 5131 voy
550 4967 834 5127 bien,
880 4967 1546 5122 Monfîeur,
1592 4972 1705 5096 le
1750 4968 1963 5094 vin
1998 4963 2485 5089 mufcat
2520 5000 2885 5131 opéré

70 5130 324 5254 Audi
370 5130 608 5259 bien
654 5137 952 5269 furie
992 5147 1156 5269 Pii
1172 5189 1220 5263 s
1262 5188 1500 5318 que
1550 5142 1736 5268 fur
1778 5140 2232 5307 l’e/prit
2272 5137 2432 5259 du
2494 5147 2832 5274 Pere.

76 5294 572 5443 Patience,
640 5321 756 5437 le
802 5321 1046 5437 vais
1092 5316 1678 5485 protefler
1746 5358 2252 5438 comme
2298 5309 2390 5433 il
2436 5309 2748 5463 faut,

82 5462 446 5596 Contre
488 5483 1068 5617 Monfîeur
1104 5499 1210 5615 le
1266 5499 1620 5664 luge,
1678 5510 1790 5616 &
1840 5525 2262 5611 contre
2314 5489 2426 5605 le
2474 5519 2990 5616 cartaut.

1171 5748 2257 5870 LEANDRE.

75 5958 335 6086 Allez
371 5968 699 6143 donc,
751 6005 857 6111 &
897 5983 1263 6117 ceffez
1307 5990 1457 6112 de
1503 6026 1815 6106 nous
1851 6021 2341 6149 rompre
2373 5989 2489 6107 la
2531 5973 2873 6112 telle,

75 6116 287 6280 Que
329 6142 737 6318 d^fous
765 6185 787 6291 !
861 6173 989 6291 le
1023 6211 1173 6297 ne
1215 6163 1409 6302 fus
1451 6158 1899 6290 iamais
1935 6152 2005 6286 à
2045 6159 2327 6285 telle
2367 6153 2711 6291 feflc*
