4054 7930
886 230 2240 406 COMEDIE,

3175 306 3276 447 7
3287 297 3356 406 *

474 1201 2026 1493 SCENE
2286 1224 2614 1475 II

89 1686 1146 1879 leandre,
1305 1684 1583 1831 le
1708 1674 3230 1839 sovfflevr,

1030 2072 2104 2207 IEANDRE.

743 2243 1226 2553 Le
1273 2422 1504 2551 fers
1539 2414 1840 2546 d’vn
1877 2416 2390 2599 étrange
2425 2416 2946 2557 artifice*

9 2629 229 2780 Mais
258 2651 521 2743 mon
557 2596 837 2722 Pere
900 2595 1073 2729 eft
1112 2640 1271 2718 vn
1319 2592 1847 2723 homme
1880 2598 1953 2723 à
1987 2591 2101 2721 fe
2132 2592 2851 2765 defefperer,

1 2800 410 2941 ■jtd’vne
445 2762 767 2904 caufe
803 2812 953 2893 en
984 2769 1253 2895 Paix
1288 2768 1379 2892 il
1438 2780 1547 2897 le
1592 2769 1861 2897 faut
1912 2773 2199 2895 bien
2244 2779 2738 2908 leurrer*

10 2955 494 3112 D'ailleurs
525 2955 751 3124 i’ay
791 2987 1098 3076 mon
1133 2937 1776 3106 deitein,&
1813 2946 1930 3069 ie
1966 2987 2286 3075 veux
2324 2945 2636 3124 qu’il
2666 2940 3250 3080 condanc

17 3157 133 3271 Ce
161 3136 329 3261 fou
363 3131 559 3311 qui
593 3115 987 3251 réduit
1027 3159 1297 3250 tout
1335 3162 1493 3247 au
1529 3121 1819 3294 pied
1865 3119 2023 3247 de
2073 3122 2193 3240 la
2227 3114 2795 3251 chicane.

6 3312 244 3454 Mais
280 3308 592 3480 voicy
632 3340 890 3428 tous
920 3340 1154 3422 nos
1182 3334 1500 3476 gens
1540 3303 1760 3480 qui
1794 3286 2456 3428 marchent
2483 3291 2676 3427 fur
2692 3335 2926 3424 nos
2960 3327 3223 3471 pas.
