4132 7691
1514 319 1947 483 AV
2122 328 3506 512 ZECTEVR.

752 536 1109 690 bons
1184 584 1573 692 tours
1612 536 1785 685 de
1832 538 2201 697 leurs
2244 553 3128 749 Secrétaires,
3188 582 3345 723 &
3408 568 3605 717 les
3672 570 4108 753 forfait,

738 754 1155 893 reries
1222 748 1399 898 de
1450 746 1815 898 leurs
1898 754 2675 917 Aduocats.
2842 767 2964 912 Il
3082 770 3483 924 eftoit
3550 777 3636 930 à
3690 838 4103 1001 propoj

741 956 1365 1105 d’outrer
1401 1007 1597 1111 vn
1660 1009 1933 1169 peu
1997 955 2197 1109 les
2269 968 3209 1185 Perfonnages
3248 1033 3593 1187 pour
3656 986 3841 1139 les
3896 1052 4101 1161 em.

742 1154 1524 1365 pefcherde
1587 1164 1728 1313 fe
1791 1179 2779 1334 reconnoiftre.
2875 1191 3075 1329 Le
3119 1183 3599 1337 Public
3659 1246 3827 1343 ne
3879 1200 4104 1366 lait

729 1378 1010 1521 toit
1052 1423 1298 1576 pas
1365 1378 1534 1523 de
1617 1373 2302 1526 difcerner
2365 1383 2498 1536 le
2545 1437 2894 1603 vray
2953 1444 3134 1540 au
3189 1438 3706 1546 trauers
3757 1407 3930 1556 du
3985 1433 4101 1569 ri.

735 1576 1192 1727 dicule
1235 1653 1280 1769 ;
1359 1598 1508 1739 &
1571 1592 1704 1729 ie
1775 1584 2420 1739 m'assure
2475 1594 2828 1800 qu’il
2899 1650 3240 1758 vaut
3299 1616 3756 1759 mieux
3807 1641 4100 1794 auoij

737 1784 1283 1996 occupé
1445 1790 2542 2002 l’impertinente
2657 1802 3434 2012 éloquence
3549 1817 3722 1962 de
3837 1827 4102 1998 deux

743 1996 1436 2146 Orateurs
1475 2044 1976 2154 autour
2007 2011 2344 2157 d’vn
2391 2008 2868 2163 Chien
2899 2010 3424 2204 accusé,
3455 2072 3732 2225 que
3775 2023 3868 2172 fi
3899 2028 4100 2198 l’on

730 2215 1126 2352 auoit
1198 2218 1462 2359 mis
1498 2207 1718 2357 fur
1746 2209 1882 2362 la
1926 2211 2462 2367 sellette
2494 2273 2690 2369 vn
2733 2218 3406 2378 véritable
3521 2194 4132 2402 criminel!

744 2424 901 2566 &
935 2420 1381 2619 qu’on
1448 2424 1745 2569 euft
1800 2422 2433 2579 intéressé
2496 2424 2696 2581 les
2740 2438 3624 2644 Spectateurs
3664 2438 3753 2595 à
3812 2439 3936 2592 la
3955 2465 4108 2610 vie

730 2616 1075 2774 d’vn
1118 2628 1834 2786 Homme.

880 2842 1337 3050 Quoy
1372 2837 1725 3039 qu’il
1792 2894 1965 2994 en
2028 2844 2380 3035 soit,
2448 2848 2577 2992 iè
2647 2859 2957 3054 puis
3028 2848 3329 3003 dire
3387 2905 3669 3061 que
3740 2864 4105 3022 noftre

730 3039 1183 3191 Siecle
1246 3050 1479 3191 n’a
1522 3103 1763 3256 pas
1830 3051 2111 3200 efté
2178 3061 2355 3207 de
2426 3052 2727 3264 plus
2818 3060 3523 3212 mauuaife
3606 3058 4132 3222 humetm

724 3300 1017 3453 que
1048 3247 1181 3400 le
1248 3249 1625 3444 fien,
1692 3281 1845 3418 &
1916 3315 2201 3472 que
2268 3262 2365 3411 fi
2428 3267 2561 3412 le
2620 3265 2881 3419 but
2940 3268 3117 3413 de
3204 3326 3437 3420 ma
3500 3269 4109 3442 Comedie

719 3457 1135 3611 eftoit
1167 3460 1343 3610 de
1403 3462 1751 3621 faire
1806 3482 2131 3661 rire,
2162 3480 2651 3625 iamais
2690 3477 3391 3630 Comedie
3462 3485 3687 3630 n’a
3722 3492 4111 3642 mieux

717 3672 1266 3884 attrapé
1365 3678 1617 3827 Ton
1677 3677 1985 3839 but.
2101 3688 2325 3833 Ce
2393 3685 2738 3834 n’eft
2816 3739 3057 3895 pas
3132 3738 3417 3890 que
3509 3697 4114 3845 i’attends

711 3928 912 4026 vn
982 3886 1428 4091 grand
1491 3887 2136 4041 honneur
2235 3897 2772 4045 d’auoir
2871 3896 3232 4050 allez
3299 3895 4100 4114 long-temps

709 4081 1218 4305 réjoüy
1281 4089 1414 4242 le
1477 4102 2069 4260 monde.
2249 4114 2630 4257 Mais
2693 4114 2826 4251 ie
2889 4157 3118 4253 me
3181 4102 3510 4321 fçay
3576 4108 4106 4314 quelque

707 4302 960 4505 gré
1003 4303 1172 4448 de
1235 4301 1728 4461 I’auoir
1807 4310 2119 4500 fait,
2183 4305 2488 4462 fans
2579 4311 2932 4518 qu’il
2999 4322 3380 4463 m’en
3439 4325 3628 4466 ait
3723 4317 4100 4470 coufté

705 4553 906 4654 vn
961 4502 1255 4657 seul
1293 4513 1466 4667 de
1505 4571 1726 4673 ces
1777 4519 2122 4673 faîes
2165 4529 3109 4731 équiuoques,
3165 4546 3314 4683 &
3357 4523 3526 4672 de
3569 4574 3786 4675 ces
3829 4517 4102 4677 mal-

707 4712 1464 4875 honneftes
1531 4724 2532 4936 plaisanteries,
2563 4746 2821 4929 qui
2899 4734 3540 4887 couftent
3599 4748 4108 4887 mainte¬

702 4968 1055 5075 nant
1098 4928 1199 5076 fi
1245 4985 1514 5138 peu
1582 4944 1675 5093 à
1734 4945 1866 5090 la
1925 4937 2546 5156 plufpart
2610 4945 2786 5090 de
2846 4995 3106 5093 nos
3174 4950 3862 5092 Ecriuains
3913 5016 3954 5129 ;
4014 4906 4132 5102 &!

707 5142 961 5337 qui
1044 5135 1365 5290 font
1436 5151 2141 5304 retomber
2248 5150 2381 5299 le
2444 5149 3069 5305 Theatre
3132 5149 3473 5304 dans
3580 5149 3713 5299 la
3772 5158 4132 5358 turpi'

706 5346 1106 5532 tude,
1162 5352 1503 5503 d’où
1581 5362 2271 5580 quelques
2314 5357 3035 5519 Autheurs
3097 5358 3411 5574 plus
3502 5363 4107 5516 modeftes

700 5544 1385 5714 l’auoient
1452 5568 1768 5733 tiré.
