4109 7682
546 345 635 501 g
648 391 749 537 4
1228 334 1631 480 LES
1788 318 3230 521 PLAIDEURS,

540 551 744 667 De
790 540 1302 688 Monde,
1354 536 1504 661 de
1546 531 1960 687 cahos,
2006 531 2240 704 i’ay
2280 536 2396 662 la
2442 542 2726 670 tefte
2776 547 3342 682 troublée*

540 707 760 841 Hé
804 706 1428 838 concluez*

893 946 1692 1071 L'INTIME
1706 951 1732 993 9
1817 940 2692 1108 luypréfentant
2725 951 2874 1071 de
2897 955 3266 1111 petits
3295 956 3732 1086 Chiens*

1621 1189 2075 1330 Venez,
2141 1178 2597 1298 famille
2679 1179 3183 1313 defolée.

535 1338 2033 1506 Venez,’pauuresenfans,
2083 1348 2459 1512 qu'on
2499 1384 2779 1469 veut
2809 1355 3223 1475 rendre
3265 1348 3891 1520 orphelins,

531 1535 951 1651 Venez
997 1514 1293 1634 faire
1348 1519 1737 1676 parler
1767 1557 1977 1635 vos
2021 1509 2467 1672 foûpirs
2539 1511 3193 1639 enfantins,

536 1695 872 1854 Oüy,
914 1686 1578 1831 Meilleurs,
1618 1721 1914 1801 vous
1958 1721 2334 1842 voyez
2368 1680 2550 1848 icy
2580 1681 2980 1805 noftre
3010 1685 3472 1816 mifere.

536 1861 888 1977 Nous
930 1836 1448 1967 femmes
1478 1847 2132 2007 orphelins.
2192 1844 3058 1976 Rendez-nous
3094 1855 3478 1982 noftre
3524 1866 3830 2024 Pere,

540 2011 982 2143 Noftre
1022 2022 1298 2132 Pere
1332 2052 1542 2178 par
1576 2023 1780 2189 qui
1820 2059 2126 2138 nous
2162 2012 2604 2138 fufïnes
2654 2017 3384 2193 engendrez,

541 2177 988 2308 Noftre
1033 2188 1318 2308 Pere
1369 2187 1584 2355 qui
1655 2225 2152 2320 nous....

1809 2421 2095 2542 DA
2145 2420 2431 2546 ND
2497 2416 2789 2541 IN.

2271 2644 2681 2799 Tirez,
2737 2643 3085 2799 tirez,
3135 2647 3463 2790 tirez,

1742 2892 2583 3018 HNTIM
2632 2887 2805 3017 B\

530 3113 982 3252 Noftre
1032 3126 1366 3276 Pere,
1420 3119 2224 3256 Meffieurs.,..

1820 3369 1944 3483 D
1992 3368 2432 3488 AND
2484 3364 2540 3484 I
2592 3368 2770 3493 N.

1799 3571 2167 3701 Tirez
2209 3570 2571 3704 donc.
2607 3570 2991 3727 Quels
3031 3602 3627 3712 vacarmes
3657 3606 3679 3680 »

521 3747 691 3871 Ils
717 3778 941 3872 ont
971 3736 1261 3918 pillé
1291 3776 1505 3908 par
1545 3777 1857 3877 tout.

1773 3953 2831 4095 LEANDRE,

1860 4191 2524 4352 Moniteur,
2570 4232 2706 4317 ce
2768 4187 3036 4323 font
3066 4191 3368 4323 leurs
3404 4188 3856 4328 larmes*

1814 4429 1934 4549 D
1992 4429 2778 4565 ANDIN.

525 4669 837 4807 Ouf.
897 4680 1030 4798 le
1069 4710 1272 4794 me
1327 4658 1578 4789 fcns
1627 4663 1904 4835 déjà
1949 4664 2190 4825 pris
2239 4662 2392 4788 de
2445 4673 3229 4835 compatfîon.

525 4855 717 4969 Ce
763 4880 997 5010 que
1043 4838 1323 4960 c'eft
1379 4829 1659 5005 qu'à
1695 4875 2137 4995 propos
2193 4832 2695 4955 toucher
2737 4845 2857 4961 la
2891 4839 3395 5005 paflion!

515 5015 661 5135 le
707 5009 931 5135 fuis
981 5004 1261 5130 bien
1297 4999 1977 5167 empefché.
2021 5009 2189 5126 La
2223 5004 2603 5124 vérité
2637 5051 2841 5129 me
2881 5009 3281 5171 preiïè.

515 5181 691 5295 Le
733 5176 1111 5296 crime
1157 5170 1329 5294 eft
1375 5171 1775 5321 aueré,
1809 5170 2541 5337 luy-mefine
2607 5176 2691 5291 il
2737 5181 2841 5295 le
2881 5171 3437 5312 confellè.

520 5341 857 5467 Mais
914 5342 1091 5462 s'il
1126 5336 1297 5456 eft
1332 5341 2074 5488 condamné,
2120 5342 2811 5467 l’embarras
2866 5347 3039 5471 eft
3084 5351 3400 5513 égal,

520 5513 884 5637 Voila
928 5508 1204 5632 bien
1244 5496 1448 5627 des
1484 5553 1634 5627 en
1648 5507 1914 5627 fans
1954 5506 2400 5628 réduits
2446 5506 2514 5626 à
2550 5517 3240 5679 l’Holpital.

526 5677 858 5813 Mais
892 5672 1012 5808 ie
1044 5672 1272 5808 fuis
1312 5677 1816 5849 occupé,
1856 5673 1966 5803 ie
2012 5719 2158 5804 ne
2208 5720 2514 5804 veux
2554 5683 2814 5809 voir
2844 5681 3462 5859 perforine»
