4109 7643
540 1586 1070 1847 AV
1299 1527 3150 1816 LECTEVR

1126 2094 1751 2256 |Vahd
1918 2068 2063 2212 ie
2206 2057 2439 2217 lus
2578 2054 2783 2202 les
2970 2030 3603 2247 Guefpes

1200 2267 2366 2485 d’Ariftophane,
2444 2275 2581 2415 ie
2680 2311 2865 2409 ne
2960 2253 3613 2456 fongeois

1203 2543 1679 2703 gueres
1754 2535 2035 2694 que
2102 2490 2391 2633 i’en
2530 2469 2923 2625 dûfle
2994 2465 3347 2618 faire
3414 2450 3623 2602 les

1208 2703 1965 2859 Plaideurs,
2100 2697 2677 2839 I’auoue
2720 2673 3313 2885 qu’elles
3380 2712 3625 2815 me

1202 2918 2011 3067 diuertirent
2054 2902 2844 3101 beaucoup,
2886 2906 3043 3039 &
3078 2931 3359 3093 que
3422 2877 3624 3085 i’y

168 3180 750 3348 trouuay
820 3125 1437 3335 quantité
1500 3123 1681 3268 de
1764 3108 2693 3326 plaifànteries
2732 3102 2985 3305 qui
3048 3140 3273 3242 me
3312 3133 3633 3235 ten¬

178 3388 627 3495 tèrent
650 3347 963 3488 d’en
1038 3332 1367 3484 faire
1398 3370 1699 3541 part
1770 3376 1943 3474 au
1998 3316 2539 3527 public:
2646 3315 3023 3461 Mais
3086 3298 3635 3453 c’eftoit

176 3599 353 3701 en
404 3554 597 3702 les
660 3593 1245 3700 mettant
1300 3545 1629 3690 dans
1696 3530 1829 3690 la
1896 3524 2449 3680 bouche
2524 3517 2769 3683 dés
2836 3505 3465 3694 Italiens,
3536 3500 3633 3653 à

186 3766 431 3964 qui
506 3769 627 3906 ie
686 3755 875 3903 les
946 3758 1319 3902 auois
1382 3736 2147 3923 deftinées,
2214 3784 2771 3885 comme
2838 3773 3123 3880 vne
3206 3713 3635 3868 choie

188 3974 429 4168 qui
460 3966 749 4113 leur
808 3963 1669 4170 appartenoit
1736 3953 1913 4098 de
1944 3943 2317 4160 plain
2396 3949 2829 4096 droit.
2984 3937 3189 4082 Le
3280 3939 3633 4134 luge

186 4169 819 4377 quifaute
854 4220 1091 4378 par
1146 4167 1339 4319 les
1434 4161 2155 4342 feneftres,
2222 4149 2359 4305 le
2398 4150 2875 4304 Chien
2958 4133 3651 4325 criminel,

200 4395 357 4532 &
432 4378 621 4530 les
712 4375 1201 4526 larmes
1304 4377 1473 4522 de
1536 4371 1673 4524 fa
1760 4362 2293 4518 famille
2365 4484 2413 4556 ,
2508 4413 2741 4515 me
2804 4344 3657 4504 fembloienc

202 4630 671 4733 autant
734 4587 1467 4733 d’incidens
1542 4583 2015 4787 dignes
2058 4578 2231 4723 de
2282 4572 2423 4721 la
2478 4558 3019 4779 granité
3065 4561 3243 4710 de
3314 4562 3659 4706 Sca-

208 4786 1001 4941 ramouche.
1136 4795 1337 4936 Le
1424 4783 1897 4991 départ
2000 4787 2177 4932 de
2276 4831 2497 4937 cet
2568 4784 3113 4930 Aéteur
3208 4780 3661 4917 inter¬

214 5004 727 5205 rompit
782 5044 1111 5143 mon
1169 4995 1751 5178 dessein,
1826 5016 1975 5157 &
2073 4990 2243 5147 fit
2342 4989 2847 5139 naiftre
2949 4978 3463 5129 l’enuie
3565 4972 3663 5125 à

220 5197 1217 5405 quelques-vns
1263 5202 1433 5350 de
1492 5254 1785 5350 mes
1840 5206 2253 5386 amis,
2283 5200 2457 5349 de
2524 5204 2841 5347 voir
2899 5190 3129 5339 fur
3192 5189 3669 5340 noftre

217 5406 819 5559 Theatre
898 5407 1507 5618 quelque
1597 5406 2451 5561 échantillon
2517 5403 3667 5613 d’Ariftophane.

223 5620 377 5760 le
440 5669 613 5762 ne
676 5670 897 5767 me
944 5618 1393 5773 rendis
1432 5671 1665 5829 pas
1727 5621 1817 5778 à
1883 5620 2025 5765 la
2068 5623 2741 5827 première
2780 5603 3669 5824 propofition

234 5821 635 6024 qu’ils
694 5830 1063 5973 m’en
1133 5823 1603 5984 firent.
1789 5841 1947 5974 le
2021 5827 2331 5978 leur
2381 5831 2591 5979 dis
2678 5875 2959 6029 que
3054 5815 3679 6023 quelque

239 6019 933 6236 efpritque
971 6045 1097 6189 ie
1156 6026 1841 6190 trouvasse
1875 6036 2217 6194 dans
2280 6031 3245 6216 cetAutheur,
3320 6076 3669 6179 mon

2849 6246 3011 6444 S
3106 6288 3195 6441 u
