4109 7701
729 340 917 524 7*
1439 345 1845 492 LES
1997 339 3449 569 PLAIDEURS,

2038 630 2164 748 D
2218 630 2652 757 AND
2718 646 3004 778 IN.

1459 875 2194 996 Serez-vous
2229 870 2578 1044 long,
2623 885 3144 1021 Auocat?
3209 890 3871 1084 dites-moy,

1974 1119 3051 1256 L’INTIME'.

739 1346 877 1479 Ic
909 1384 1069 1474 ne
1124 1348 1561 1522 répons
1602 1343 1759 1474 de
1788 1348 2096 1489 rien,

2013 1596 2993 1738 DANDIN.

2370 1841 2481 1965 Il
2524 1839 2697 1966 eft
2732 1834 2879 1967 de
2934 1841 3331 1978 bonne
3366 1850 3606 2028 foy.

1071 2064 1286 2190 LT
1335 2068 1468 2189 N
1527 2068 1742 2189 TI
1793 2075 1946 2195 M
1995 2076 2126 2194 E’
2209 2073 2514 2201 d'<vn
2561 2110 2752 2211 Un
2780 2083 3300 2257 finijjant
3335 2142 3464 2225 en
3480 2110 3850 2269 fauctt
3848 2220 3885 2262 %

734 2292 1420 2435 Meilleurs.
1492 2312 1825 2429 Tout
1866 2349 2007 2430 ce
2051 2312 2268 2479 qui
2316 2354 2599 2480 peut
2644 2317 3149 2445 étonner
3178 2375 3337 2455 vn
3376 2355 3948 2527 coupable,

727 2468 1073 2588 .Tout
1102 2509 1239 2585 ce
1288 2509 1529 2636 que
1568 2473 1733 2595 les
1772 2484 2283 2600 mortels
2342 2524 2569 2605 ont
2608 2489 2759 2610 de
2795 2494 3057 2658 plus
3096 2498 3824 2678 redoutable,

724 2633 1245 2756 Semble
1284 2633 1685 2766 s’eftre
1730 2638 2307 2775 aflèmblé
2338 2696 2765 2777 contre
2800 2706 3109 2787 nous
3143 2708 3351 2828 par
3392 2670 3782 2839 bazar,

730 2807 871 2922 le
910 2842 1213 2922 veux
1242 2801 1513 2926 dire
1544 2810 1665 2932 la
1710 2816 2184 2984 brigue,
2230 2837 2349 2942 &
2388 2820 3174 2995 l’éloquence.
3230 2847 3475 2963 Car

730 2972 1073 3094 D'vn
1108 2973 1443 3098 collé
1480 2978 1593 3093 le
1626 2982 2013 3104 crédit
2052 2986 2221 3109 du
2256 2981 2725 3118 deffunt
2762 2997 3668 3170 m’épouuante,

730 3153 891 3264 Et
936 3133 1089 3255 de
1118 3137 1545 3264 l'autre
1594 3148 1929 3275 collé
1994 3153 2751 3332 l'éloquence
2798 3169 3397 3301 éclatante

734 3315 939 3430 De
988 3308 1499 3436 Maiftre
1550 3319 1867 3441 Petit
1918 3331 2215 3446 Iean
2254 3329 2942 3471 m’éblouit,

2043 3574 2987 3716 DANDIN.

3133 3759 3641 3924 Auocat,

755 3901 960 4022 De
997 3902 1394 4027 voftre
1429 3937 1650 4023 ton
1695 3907 2520 4038 vous-melme
2561 3912 3228 4053 adouciflèz
3263 3922 3689 4068 l'éclat.

1560 4146 1763 4266 L’I
1824 4154 1949 4275 N
1990 4156 2101 4275 T
2156 4156 2215 4266 I
2266 4155 2413 4277 M
2458 4161 2634 4292 E’.
2889 4155 2951 4282 *
2998 4164 3157 4288 du
3236 4171 3519 4296 beau
3578 4207 3763 4297 ton
3770 4259 3802 4292 .

765 4377 1307 4546 Ouy-da,
1335 4378 1578 4505 i’en
1611 4425 1758 4553 ay
1789 4388 2397 4552 plufleurs.
2430 4395 2500 4458 *
2545 4399 2878 4520 Mais
2922 4404 3436 4571 quelque
3475 4404 3960 4535 défiance

753 4549 1042 4703 Que
1087 4592 1400 4676 nous
1441 4549 1804 4677 doiue
1851 4554 2324 4681 donner
2353 4566 2476 4687 la
2515 4560 2948 4691 fufHite
2993 4566 3689 4737 éloquence,

755 4727 912 4842 Et
947 4721 1058 4841 le
1103 4715 1468 4843 fufdit
1503 4724 1888 4847 crédit
1933 4779 1960 4853 :
2057 4741 2240 4858 Ce
2281 4742 3071 4893 neanmoins,
3121 4743 3761 4909 Meilleurs,

749 4892 1254 5014 L’ancre
1289 4887 1442 5014 de
1481 4934 1696 5019 vos
1741 4893 2188 5024 boutez
2219 4945 2526 5029 nous
2571 4903 3008 5029 rafliire
3059 4909 3683 5050 d'ailleurs.

755 5059 1270 5181 Deuant
1299 5058 1410 5180 le
1450 5063 1842 5237 grand
1891 5068 2418 5195 Dandin
2457 5079 3218 5206 l’innocence
3251 5080 3424 5205 eft
3459 5080 3882 5253 hardi^

769 5229 1064 5393 Oiiy
1113 5223 1566 5355 deuant
1595 5275 1728 5356 ce
1777 5245 2184 5361 Caton
2223 5241 2376 5366 de
2415 5245 2730 5367 balle
2773 5250 3581 5409 Normandie,

769 5401 960 5517 Ce
999 5395 1380 5523 Soleil
1415 5397 1966 5578 d’équité
2000 5412 2216 5579 qui
2249 5415 2564 5543 n’eft
2623 5415 3056 5539 iamais
3111 5423 3465 5574 terni,

761 5567 1214 5700 ViËlrtX
1253 5571 1588 5737 eaufa
1637 5573 1882 5740 dijs
1894 5593 2360 5746 placuit
2368 5680 2443 5745 K
2435 5593 2640 5714 fed
2675 5592 3484 5746 vpfiaÇaiQnu

2120 5821 2387 5947 DA
2452 5831 2739 5953 ND
2806 5826 3082 5948 IN,

790 6001 1500 6171 Yraynient,
1554 6009 1639 6134 il
1673 6013 2080 6181 plaide
2149 6018 2486 6154 bien,
