4109 7691
1969 341 2105 481 L
2189 326 3341 500 ECTEVR.

632 538 1461 695 inclination
1564 600 1749 696 ne
1812 601 2041 693 me
2100 551 2789 753 porteroit
2860 599 3097 751 pas
3176 544 3261 696 à
3356 544 3489 697 le
3548 570 4061 753 prendre

628 805 996 954 pour
1044 748 1696 940 modèle,
1776 752 1872 905 fi
1940 762 2432 901 i’auois
2520 750 2608 898 à
2688 747 3032 903 faire
3068 808 3344 908 vne
3384 756 4056 974 Comédie;

631 977 792 1110 &
863 1014 1148 1162 que
1211 963 1344 1111 la
1407 957 2152 1168 régularité
2255 961 2432 1106 de
2507 962 3292 1116 Menandre
3363 980 3512 1117 &
3575 969 3744 1109 de
3819 981 4059 1130 Te-

623 1217 1043 1314 rence
1095 1163 2363 1321 mefembloicbien
2403 1166 2711 1374 plus
2755 1163 3495 1379 glorieuse,
3563 1189 3711 1325 &
3755 1194 4059 1338 me£

622 1421 859 1522 me
934 1374 1239 1582 plus
1310 1376 1959 1580 agréable
2018 1377 2111 1529 à
2174 1382 2726 1563 imiter,
2818 1427 3103 1587 que
3194 1380 3331 1532 la
3390 1373 3867 1534 liberté
3926 1398 4054 1550 de

626 1574 1118 1735 Plaute
1158 1603 1310 1743 &
1350 1589 2506 1793 d’Ariftophane.
2594 1594 2846 1743 On
2890 1639 3114 1736 me
3154 1588 3794 1800 répondit
3830 1645 4054 1798 que

613 1838 778 1938 ce
813 1790 1370 1943 n’eftoit
1433 1852 1677 2008 pas
1725 1848 2001 1948 vne
2037 1797 2741 1947 Comedie
2785 1803 3226 2003 qu’on
3269 1848 3494 1945 me
3533 1797 4045 1954 deman.

609 1997 1001 2182 doit,
1105 2019 1261 2159 &
1349 2016 1793 2207 qu’on
1857 2005 2417 2158 vouloit
2497 2003 3265 2159 feulement
3341 2013 3649 2156 voir
3741 2009 3837 2161 fi
3901 2010 4049 2174 les

612 2201 972 2354 bons
1064 2259 1440 2359 mots
1568 2216 2660 2426 d’Ariftophane
2744 2224 3392 2364 auroient
3496 2217 4060 2434 quelque

600 2466 1016 2630 grâce
1100 2419 1448 2571 dans
1528 2424 2000 2573 noftre
2104 2425 2676 2634 langue»
2864 2424 3260 2576 Àinfi
3360 2429 3840 2577 moitié
3916 2482 4048 2582 en

599 2630 1887 2836 m’encourageant,
1943 2638 2432 2786 moitié
2479 2690 2659 2786 en
2723 2676 3327 2784 mettant
3399 2638 4052 2786 eux-mef

599 2885 899 2982 mes
979 2834 1115 2987 la
1167 2847 1547 2991 main
1615 2840 1703 2996 à
1771 2844 2455 3034 l’œuure,
2531 2895 2827 2995 mes
2943 2856 3287 2995 amis
3403 2897 3631 2993 me
3695 2845 4051 3002 firent

590 3093 1482 3200 commencer
1574 3104 1858 3204 vne
1966 3057 2374 3206 Piece
2446 3058 2694 3262 qui
2874 3103 3054 3203 ne
3206 3052 3594 3205 carda
3690 3109 4054 3265 guère

590 3254 1766 3416 àeftreacheuée.

789 3466 1637 3679 Cependant
1701 3472 1829 3620 la
1901 3465 2533 3682 plufpart
2589 3474 2777 3623 du
2821 3472 3345 3623 monde
3409 3465 4045 3630 nefefou-

585 3678 789 3822 cie
872 3683 1277 3882 point
1325 3679 1497 3828 de
1549 3680 2417 3874 l’intention,
2501 3734 2693 3895 ny
2729 3683 2897 3831 de
2937 3679 3065 3828 la
3129 3680 3813 3889 diligence
3849 3689 4053 3830 des

576 3882 1368 4043 Autheurs.
1500 3896 1648 4044 O
1668 3944 1756 4040 n
1816 3901 2464 4041 examina
2484 3891 3064 4043 d’abord
3140 3948 3480 4040 mon
3536 3886 4052 4046 amuse¬

576 4142 1060 4287 ment,
1159 4151 1720 4252 comme
1827 4156 2016 4253 on
2116 4110 2576 4250 auroit
2640 4098 2900 4259 fait
2991 4152 3272 4252 vne
3335 4097 4064 4305 Tragédie»

579 4301 991 4458 Ceux
1023 4299 1619 4464 mefmes
1655 4316 1903 4516 qui
1983 4317 2823 4521 s’ÿeftoient
2879 4299 3027 4459 le
3083 4312 3391 4520 plus
3451 4312 4043 4502 diuertis,

570 4558 1067 4667 eurent
1142 4571 1487 4731 peur
1550 4528 1727 4672 de
1778 4525 2327 4673 n’auoir
2362 4574 2599 4734 pas
2654 4575 2823 4735 ry
2878 4519 3219 4668 dans
3294 4516 3499 4673 les
3582 4517 4055 4729 réglés,

574 4741 734 4882 Sc
770 4774 1590 4890 trouuerent
1634 4741 2262 4885 mauuais
2298 4786 2578 4942 que
2642 4742 2774 4883 ie
2814 4724 3322 4880 n’enfle
3358 4785 3598 4948 pas
3638 4729 4050 4942 Congé

557 4934 882 5154 plus
937 4938 1918 5096 ferieufement
1981 4945 2074 5093 à
2137 4941 2334 5094 les
2405 4938 2750 5095 faire
2825 4947 3153 5096 rire.
3301 4937 4030 5149 Quelques

561 5198 1025 5306 autres
1113 5160 2173 5368 s’imaginèrent
2197 5150 2549 5362 qu’il
2657 5151 3089 5307 eftoit
3153 5144 3869 5306 bienfeant
3973 5142 4045 5306 à

564 5417 833 5518 eux
928 5374 1109 5518 de
1172 5375 1385 5579 s’y
1452 5417 2160 5581 ennuyer,
2280 5386 2441 5522 8c
2508 5415 2797 5570 que
2856 5363 3061 5516 les
3128 5372 3769 5517 matières
3896 5362 4045 5506 de

564 5578 1040 5730 Palais'
1084 5627 1272 5731 ne
1332 5588 2116 5791 pouupient
2176 5626 2416 5786 pas
2496 5574 2852 5730 eftre
2920 5627 3116 5727 vn
3192 5576 3548 5784 fujet
3616 5581 3784 5729 de
3848 5577 4040 5718 di-

563 5790 1508 5947 BertilTement
1535 5844 1899 6004 pour
1931 5793 2172 5941 des
2259 5842 2599 5994 gens
2671 5791 2848 5939 de
2883 5787 3343 5940 Cour.
3431 5800 3632 5941 La
3679 5793 4040 5937 Piece

559 5989 791 6158 fut
847 6002 1535 6159 bien-toft;
1579 6052 1979 6220 apres
2007 5998 2435 6217 jouée
2471 5994 2571 6158 à
2595 5995 3423 6159 Verfailles.
3559 6005 3811 6153 On
3867 6038 4023 6146 ne
