4066 7910
1020 256 2505 493 COMEDIE..
3384 334 3469 490 5
3476 342 3549 490 j

338 669 1562 841 CHICANNEAV,
1641 672 1758 788 &
1845 655 2062 791 LA
2173 666 3202 815 COMTESSE.

71 1089 159 1226 y
159 1121 215 1205 0
215 1105 331 1197 us
359 1087 715 1224 voyez
763 1031 1215 1163 deuant
1255 1057 1551 1154 vous
1595 1056 1907 1144 mon
1967 1007 2479 1146 aduerfe
2527 1024 2987 1168 Partie.

1192 1381 1396 1506 LT
1464 1370 2292 1508 NTIME’,

89 1765 518 1916 Parblea,
549 1748 666 1880 ie
705 1783 913 1875 me
957 1778 1269 1867 veux
1305 1768 1757 1857 mettre
1793 1723 2093 1860 auffi
2133 1718 2293 1855 de
2337 1730 2461 1854 la
2497 1724 2954 1901 partie.

170 2094 1323 2245 CHICANNEAV,
1362 2093 1575 2217 LA
1658 2091 2239 2227 COMT.
2314 2094 2435 2210 &
2474 2081 3391 2231 L’INTIME’.

88 2453 620 2616 Monfieur,
659 2447 772 2579 ie
820 2447 1160 2579 viens
1199 2442 1396 2613 icy
1424 2468 1740 2609 pour
1788 2475 1956 2564 vn
2004 2430 2324 2603 petit
2371 2436 2916 2609 Exploit.

961 2791 2577 2930 CHICANNEAV.'

82 3157 274 3325 Hé,
302 3160 926 3315 Meilleurs,
978 3182 1258 3275 tour
1298 3145 1370 3265 à
1418 3177 1742 3296 tour,
1786 3143 2394 3307 expoloils
2442 3145 2862 3281 noftre
2902 3140 3286 3291 droit.

919 3509 1163 3639 LA
1315 3499 2567 3641 COMTESSE.

76 3881 289 4006 Son
324 3864 669 4001 droit?
700 3875 1013 3995 Tout
1056 3906 1193 3990 ce
1232 3857 1549 4042 qu’il
1588 3852 1781 3984 dit
1820 3847 2093 3980 font
2128 3897 2569 3986 autant
2616 3852 3541 4036 d’impoftures,

1265 4221 1398 4346 D
1445 4221 1550 4341 A
1597 4224 1726 4344 N
1781 4215 1910 4340 D
1977 4215 2030 4335 I
2085 4214 2270 4343 N.

78 4456 995 4644 Quÿs-ce‘qu’on
1030 4509 1327 4590 vous
1418 4509 1491 4585 a
1526 4456 1811 4596 fait?

199 4813 1336 4969 CHICANNEAV,
1415 4816 2328 4982 L’INTIME’,
2379 4837 2492 4950 &
2531 4817 2744 4949 LA
2803 4823 3400 4956 COMT.

1616 5072 1837 5200 On
1884 5067 2157 5192 m’a
2204 5062 2397 5194 dit
2436 5057 2649 5194 des
2692 5061 3217 5236 injures.

833 5430 1046 5558 LT
1097 5424 1882 5558 NTIME’
1958 5426 2698 5551 continuant.

94 5649 403 5781 Outre
438 5696 591 5784 vn
626 5655 1739 5828 IbufHet,Môfieur,
1786 5703 2031 5840 que
2070 5649 2719 5838 i’ayreçeû
2758 5654 3545 5833 plusqu’eux,'

951 5958 2548 6090 CHICANNEAV.

92 6181 669 6364 Moniteur,
704 6199 816 6331 ie
848 6199 1076 6335 fuis
1128 6201 1580 6338 Coulîn
1632 6204 1789 6340 de
1824 6204 2084 6339 l’vn
2124 6202 2280 6335 de
2332 6245 2552 6338 vos
2596 6209 3181 6335 Neveux.

2665 6372 2801 6525 C
2913 6380 3133 6580 iiij.
