4109 7879
3397 299 3551 451 îl

1065 298 2462 465 COMEDIE.

120 565 477 736 Quelle
502 538 987 676 maifon?
1042 516 1523 661 Maifon
1580 517 1735 645 de
1796 510 2207 641 noftre
2248 504 3099 681 propre'Iuge.

129 703 582 884 OÎTbrife
617 723 716 841 le
751 707 1114 837 fellier
1145 703 1358 872 qui
1393 735 1708 820 nous
1749 686 1974 820 fert
2009 680 2166 811 de
2195 680 2678 858 refuge.

120 940 269 1058 De
291 894 503 1058 vol,
540 893 679 1018 de
714 866 1513 1049 brigandage,
1552 913 1723 989 on
1758 898 2069 985 nous
2114 856 2593 984 déclaré
2640 888 3179 990 auteurs.

130 1110 286 1228 On
316 1110 582 1201 nous
617 1054 1070 1187 traifne.
1143 1057 1358 1176 On
1393 1079 1702 1165 nous
1737 1036 2048 1164 liure
2089 1078 2160 1160 a
2193 1072 2430 1156 nos
2461 1020 3274 1163 accusateurs.

125 1238 663 1398 AMaiftre
708 1223 1013 1355 Petit
1054 1232 1395 1371 Iean,
1440 1206 2133 1346 Meilleurs.
2204 1215 2341 1330 le
2390 1243 2695 1330 vous
2746 1196 3199 1331 atteftc

126 1423 318 1590 Qui
364 1403 1060 1580 nefçaitque
1101 1398 1502 1556 laLoy
1547 1397 1672 1510 Si
2423 1369 2962 1547 Digefte

125 1593 389 1736 Vevi
401 1668 445 1733 y
507 1566 1299 1748 Paragraphe,
1344 1561 2037 1717 Meilleurs,
2094 1561 2729 1723 Capsnibns

130 1773 274 1912 Eft
306 1742 1240 1887 manifeftetnent
1282 1732 1894 1860 contraire
1929 1727 2000 1855 à
2042 1768 2234 1856 cet
2274 1726 2632 1855 abus?

129 1960 233 2110 Et
263 1917 619 2110 quand
671 1917 757 2041 il
788 1906 1135 2036 feroit
1171 1954 1495 2079 vray,
1543 1949 1783 2078 que
1845 1907 2297 2030 Citron
2339 1891 2971 2031 maPartie

124 2103 456 2242 Auroit
496 2087 932 2264 mangé
974 2087 1659 2237 Meilleurs,
1696 2082 1808 2205 le
1856 2114 2174 2236 tout,
2222 2120 2388 2201 ou
2434 2071 2710 2204 bien
2758 2072 3146 2232 partie

125 2263 435 2412 Dudit
475 2257 1013 2429 Chapon.
1059 2258 1491 2423 Qujon
1527 2288 1915 2381 mette
1957 2294 2111 2371 en
2147 2236 3099 2418 compensation

130 2470 259 2588 Ce
290 2480 489 2619 que
528 2474 810 2561 nous
848 2474 1224 2557 auons
1260 2427 1490 2554 fait
1548 2469 1926 2550 auant
1966 2459 2292 2551 cette
2332 2425 2806 2556 aâion.

125 2608 488 2780 Quand
533 2649 732 2732 ma
779 2606 1168 2731 Partie
1207 2597 1671 2731 a-t'elle
1713 2595 1968 2730 efté
2009 2590 2929 2768 réprimandée?

124 2808 287 2922 Par
312 2788 493 2963 qui
538 2778 917 2907 voftre
958 2771 1433 2906 maifon
1466 2777 1937 2901 a-t'elle
1972 2766 2229 2895 efté
2262 2771 2781 2943 gardée?

131 2958 488 3128 Quand
533 2990 1258 3077 auons-nous
1299 2946 1852 3123 manqué
1893 2941 2744 3097 d’abboyerau
2785 2942 3248 3075 larron?

126 3132 557 3266 Témoin
602 3122 881 3251 trois
926 3137 1645 3255 Procureurs
1686 3116 2001 3245 dont
2050 3116 2451 3289 iceluy
2518 3113 2967 3246 Citron

125 3318 196 3436 A
221 3297 646 3431 déchiré
681 3297 794 3431 la
831 3298 1252 3430 robbe.
1303 3306 1516 3425 On
1557 3335 1718 3421 en
1759 3333 2106 3416 verra
2147 3292 2318 3415 les
2349 3292 2800 3459 pièces.

124 3488 365 3606 Pour
400 3467 1251 3649 nousjuftiiier,
1288 3471 2105 3601 voulez-vous
2164 3461 3237 3638 d'autresjPieces.?

1100 3800 1741 3935 PETIT
1876 3801 1937 3920 I
1998 3794 2471 3926 EAN.

129 3987 534 4121 Maiftre
581 3986 1162 4133 Adam....

1222 4167 2319 4311 T'INTIME'.

910 4400 1803 4546 taiilez-nous.

1133 4650 1772 4785 PETIT
1891 4661 1952 4778 I
2003 4666 2090 4785 E
2135 4659 2462 4790 AN*

1557 4889 2324 5024 T'Intimé...

1282 5133 1809 5267 TINT
1860 5143 1915 5267 I
1976 5133 2361 5267 ME'.

2348 5308 3246 5447 Laiilèz-n&us»

1101 5552 1752 5681 PETIT
1907 5553 2488 5686 IEAN.

120 5702 651 5851 S’enroue.

1245 5892 2106 6068 t>int;im
2183 5909 2366 6047 e\

410 6121 1437 6285 Hélaiflez»nous,
1499 6136 1813 6280 Euh.
1855 6136 2175 6286 Euh.
