4144 7711
709 383 904 549 7§
1394 330 1804 492 LES
1955 307 3408 509 PLAIDEVRS,

1663 611 1901 732 LE
2059 594 3325 722 SOVFFLEVR*

1203 804 1877 961 Le chien!
1800 1042 2453 1169 PETIT
2593 1032 3179 1158 IEAN.

2053 1243 2727 1390 Le chien.
1700 1519 1948 1642 LE
2086 1509 2167 1631 S
2226 1509 2349 1627 O
2392 1511 2505 1630 Y
2548 1505 2623 1620 F
2682 1505 2893 1624 PL
2938 1504 3023 1621 E
3068 1510 3175 1621 V
3214 1504 3369 1627 R.

2673 1707 2836 1825 Le
2897 1703 3242 1823 butor
3291 1718 3314 1818 !

1842 1934 3225 2090 PETIT IEAN.
3316 2103 3476 2234 Le
3530 2102 3896 2248 butor,

1659 2309 1890 2437 LE
2039 2284 3344 2427 SOVFFLEVR.

750 2533 1089 2671 Pefte
1134 2523 1293 2656 de
1326 2522 1403 2650 T
1414 2528 1889 2650 Auocat
1946 2534 1973 2633 î

1858 2673 2499 2806 PETIT
2632 2658 3199 2786 IEAN.

2121 2896 2317 3025 Ah
2359 2897 2684 3061 pefte
2719 2891 2868 3014 de
2923 2929 3123 3055 toy
3152 2881 3701 3023 -meûnei

762 3119 1173 3268 Voyez
1222 3126 1413 3212 cet
1456 3121 1787 3211 autre
1832 3115 2129 3201 auec
2189 3070 2311 3201 fa
2355 3064 2623 3189 Face
2673 3064 2821 3191 de
2875 3049 3481 3190 Carefme.

756 3272 1277 3399 Va-t'en
1322 3302 1480 3388 au
1518 3255 1967 3385 diable.

2054 3407 3028 3544 DANDIN.

1939 3662 2089 3779 Et
2134 3682 2477 3798 vous,
2528 3673 2905 3767 venez
2948 3671 3101 3753 au
3141 3619 3403 3761 fait,
3447 3641 3625 3766 Vn
3670 3667 3917 3757 mot

770 3853 985 3975 Du
1030 3833 1308 3974 fait*

1904 3992 2558 4121 PETIT
2682 3978 3248 4105 IEAN.

1351 4238 1531 4375 Eh
1571 4233 2005 4365 faut-il
2050 4264 2327 4355 tant
2366 4259 2863 4348 tourner
2898 4255 3325 4340 autour
3363 4212 3523 4335 du
3562 4243 3813 4381 pot?

780 4431 949 4557 Ils
988 4457 1195 4548 me
1228 4410 1505 4542 font
1556 4414 1813 4536 dire
1852 4400 2139 4531 auflî
2179 4399 2389 4522 des
2434 4430 2763 4516 mots
2797 4391 3153 4556 longs
3233 4384 3585 4505 d'vne
3624 4374 3927 4530 roift,

780 4601 992 4725 De
1035 4585 1766 4765 grâdsmots
1800 4576 2015 4751 qui
2060 4566 2815 4698 tiendroient
2854 4555 3170 4723 d'icy
3206 4545 3663 4727 jufqu’à
3706 4539 4118 4723 Pontoife^

790 4773 1116 4895 Pour
1161 4800 1506 4920 moy,
1538 4754 1656 4874 ie
1701 4790 1854 4873 ne
1912 4749 2172 4921 içay
2237 4738 2588 4905 point
2633 4768 2900 4855 tant
2952 4722 3246 4854 faire
3300 4727 3444 4854 de
3488 4717 3860 4890 façon,

795 4949 1112 5073 Pour
1149 4929 1406 5056 dire
1447 4929 1828 5098 qu’vn
1881 4911 2358 5050 Maftin
2403 4903 2742 5031 vient
2802 4898 2952 5025 de
2995 4897 3496 5066 prendre
3537 4934 3682 5015 vu
3733 4882 4130 5045 Cbapon,

787 5121 1127 5243 Tant
1156 5149 1225 5270 y
1276 5143 1345 5218 a
1390 5096 1693 5270 qu'il
1726 5086 2337 5213 n’eft.rien
2371 5117 2608 5255 que
2647 5070 3044 5197 voftre
3093 5065 3490 5197 Chien
3529 5100 3668 5180 ne
3707 5090 4089 5217 prenne,

791 5278 1157 5439 Qifil
1198 5314 1271 5393 a
1302 5261 1771 5436 mangé
1819 5257 2223 5385 U-bas
2258 5296 2421 5374 vn
2461 5247 2705 5372 bon
2751 5235 3277 5404 Chapon
3317 5237 3481 5362 du
3515 5232 3937 5378 Maine;

802 5453 1095 5609 Que
1134 5450 1249 5564 la
1290 5439 1881 5606 première
1914 5428 2151 5555 fois
2194 5460 2431 5597 que
2470 5419 2583 5539 ie
2632 5419 2790 5586 l'y
2840 5449 3511 5575 trouueray,

812 5635 1080 5758 Son
1113 5647 1546 5788 procez
1583 5604 1756 5737 eft
1801 5641 2068 5733 tout
2094 5596 2368 5752 fait,
2428 5611 2544 5720 &
2580 5590 2698 5711 ie
2740 5574 3652 5741 ralfommeray.

2025 5864 2262 5987 IE
2312 5853 2422 5979 A
2465 5859 2598 5981 N
2652 5849 2770 5974 D
2816 5850 2926 5972 R
2968 5849 3102 5972 E.

813 6119 1143 6252 Belle
1172 6105 1911 6282 conclufiou,
1987 6119 2103 6236 &
2141 6095 2525 6272 digne
2575 6089 2726 6215 de
2761 6074 3278 6214 l'exorde
3307 6094 3330 6194 J
