4109 7682
551 262 192 320 82

1243 236 1968 282 LES PLAIDEVRS,

1805 596 950 130 DANDIN.

2907 777 917 164 Repoſez-vous.

552 927 821 149 Et concluez.

1256 1049 2077 263 L’INTIME' d'vn ton peſant.

1085 1425 2796 181 Puis donc, qu’on nous, permet, de prendre,

551 1589 3379 186 Haleine, & que l'on nous, defend, de nous, eſtendre,

546 1761 3088 182 Ie vais, ſans rien obmettre, & ſans préuariquer,

552 1925 2663 180 Compendieuſement énoncer, expliquer,

551 2093 2460 178 Expoſer, à vos yeux, l’idée vniuerſelle

551 2258 2984 173 De ma cauſe, & des faits, renfermez, en icelle.

1856 2508 948 170 DANDIN.

560 2740 2783 179 Il auroit plûtoſt fait de dire tout vingt fois,

567 2911 3330 186 Que de l'abbreger vne. Homme, ou qui que tu ſois,

561 3077 3233 188 Diable, conclus, ou bien que le Ciel te confonde.

1815 3327 1081 140 L'INTIME'.

576 3492 508 153 Ie finis.

1874 3665 987 150 DANDIN.

1193 3835 244 141 Ah!

1795 4010 1081 136 L'INTIME'.

1598 4239 2092 146 Auant la naiſſance du Monde....

1551 4481 1616 140 DANDIN baaillant.

591 4710 1997 185 Auocat, ah paſſons au Déluge.

1846 4959 1072 133 L'INTIME'.

2860 5123 809 158 Auant donc,

603 5285 2558 160 La naiſſance du Monde, & ſa création.

609 5456 2963 169 Le Monde, l'Vniuers, Tout, la Nature entiere

624 5625 2522 142 Eſtoit enſeuelie au fonds de la matiere,

618 5794 2832 163 Les elemens, le feu, l'air, & la terre, & l'eau,

628 5959 3105 182 Enfoncez, entaſſez, ne faiſoient qu'vn monceau,
