<?xml version="1.0" encoding="UTF-8"?>
<alto xmlns:xsi="http://www.w3.org/2001/XMLSchema-instance"
      xmlns="http://www.loc.gov/standards/alto/ns-v4#"
      xsi:schemaLocation="http://www.loc.gov/standards/alto/ns-v4# https://gitlab.inria.fr/scripta/escriptorium/-/raw/develop/app/escriptorium/static/alto-4-1-baselines.xsd">
  <Description>
    <MeasurementUnit>pixel</MeasurementUnit>
    <sourceImageInformation>
      <fileName>Racine1669_Plaideurs_corrected_0086.png</fileName>
    </sourceImageInformation>
  </Description>
  
  <Tags>
    <OtherTag ID="BT1" LABEL="Title" DESCRIPTION="block type Title"/><OtherTag ID="BT2" LABEL="Main" DESCRIPTION="block type Main"/><OtherTag ID="BT409" LABEL="Damage" DESCRIPTION="block type Damage"/><OtherTag ID="BT410" LABEL="Decoration" DESCRIPTION="block type Decoration"/><OtherTag ID="BT411" LABEL="DropCapital" DESCRIPTION="block type DropCapital"/><OtherTag ID="BT412" LABEL="Figure" DESCRIPTION="block type Figure"/><OtherTag ID="BT413" LABEL="Margin" DESCRIPTION="block type Margin"/><OtherTag ID="BT414" LABEL="Numbering" DESCRIPTION="block type Numbering"/><OtherTag ID="BT416" LABEL="MusicNotation" DESCRIPTION="block type MusicNotation"/><OtherTag ID="BT417" LABEL="Seal" DESCRIPTION="block type Seal"/><OtherTag ID="BT418" LABEL="Signatures" DESCRIPTION="block type Signatures"/><OtherTag ID="BT419" LABEL="Table" DESCRIPTION="block type Table"/><OtherTag ID="BT420" LABEL="RunningTitle" DESCRIPTION="block type RunningTitle"/><OtherTag ID="BT421" LABEL="Stamp" DESCRIPTION="block type Stamp"/>
    <OtherTag ID="LT154" LABEL="Default" DESCRIPTION="line type Default"/><OtherTag ID="LT155" LABEL="DropCapitalLine" DESCRIPTION="line type DropCapitalLine"/><OtherTag ID="LT156" LABEL="Interlinear" DESCRIPTION="line type Interlinear"/><OtherTag ID="LT157" LABEL="MusicLine" DESCRIPTION="line type MusicLine"/><OtherTag ID="LT158" LABEL="Rubric" DESCRIPTION="line type Rubric"/>
  </Tags>
  
  <Layout>
    <Page WIDTH="4156"
          HEIGHT="7769"
          PHYSICAL_IMG_NR="18"
          ID="eSc_dummypage_">
      <PrintSpace HPOS="0"
                  VPOS="0"
                  WIDTH="4156"
                  HEIGHT="7769">
        
        <TextBlock HPOS="817"
                   VPOS="245"
                   WIDTH="304"
                   HEIGHT="245"
                   ID="eSc_textblock_2da9d5a6"
                   TAGREFS="BT414">
          <Shape><Polygon POINTS="817 245 829 479 1121 490 1121 245"/></Shape>
          
          
          <TextLine ID="tl_1"
                    TAGREFS="LT154"
                    BASELINE="861 454 952 454 1052 402 1121 401" 
                    HPOS="823"
                    VPOS="271"
                    WIDTH="292"
                    HEIGHT="195">
            <Shape><Polygon POINTS="855 453 823 271 1069 278 1115 394 1102 433 868 466"/></Shape>
	    <String CONTENT="70"
                    HPOS="823"
                    VPOS="271"
                    WIDTH="292"
                    HEIGHT="195"></String>
          </TextLine>

          
        </TextBlock>
        
        <TextBlock HPOS="1529"
                   VPOS="163"
                   WIDTH="2090"
                   HEIGHT="292"
                   ID="eSc_textblock_6507da73"
                   TAGREFS="BT420">
          <Shape><Polygon POINTS="1529 163 1529 455 3619 455 3619 163"/></Shape>
          
          
          <TextLine ID="eSc_line_b6299e1e"
                    TAGREFS="LT154"
                    BASELINE="1541 393 1962 386 3568 375" 
                    HPOS="1536"
                    VPOS="168"
                    WIDTH="2029"
                    HEIGHT="252">
            <Shape><Polygon POINTS="1536 388 1543 181 1620 220 2074 181 2120 220 2178 181 2269 200 2288 174 3034 213 3086 168 3183 168 3235 207 3546 207 3565 369 3546 407 3364 407 3306 381 3215 381 3189 407 2852 388 2826 414 2651 388 2483 414 2321 388 2236 420 2074 420 2042 394 1971 420 1899 394 1543 407"/></Shape>
	    <String CONTENT="LES PLAIDEVRS,"
                    HPOS="1536"
                    VPOS="168"
                    WIDTH="2029"
                    HEIGHT="252"></String>
          </TextLine>

          
        </TextBlock>
        
        <TextBlock HPOS="735"
                   VPOS="479"
                   WIDTH="3421"
                   HEIGHT="5778"
                   ID="eSc_textblock_6a3ca55d"
                   TAGREFS="BT2">
          <Shape><Polygon POINTS="735 479 735 6257 4156 6257 4156 479"/></Shape>
          
          
          <TextLine ID="tl_2"
                    TAGREFS="LT154"
                    BASELINE="871 598 1020 586 1370 578 1658 577 2302 566 2413 565 3282 572 3810 629" 
                    HPOS="871"
                    VPOS="433"
                    WIDTH="2939"
                    HEIGHT="209">
            <Shape><Polygon POINTS="871 433 3810 433 3810 642 871 642"/></Shape>
	    <String CONTENT="Et dans vne pourſuite à vous-meſme funeſte,"
                    HPOS="871"
                    VPOS="433"
                    WIDTH="2939"
                    HEIGHT="209"></String>
          </TextLine>

          
          
          <TextLine ID="tl_3"
                    TAGREFS="LT154"
                    BASELINE="866 765 1208 748 1398 750 1872 739 2354 733 2952 733 3244 740 3374 738 3743 765" 
                    HPOS="866"
                    VPOS="606"
                    WIDTH="2877"
                    HEIGHT="172">
            <Shape><Polygon POINTS="866 606 3743 606 3743 778 866 778"/></Shape>
	    <String CONTENT="Vous en voulez encore abſorber tout le reſte."
                    HPOS="866"
                    VPOS="606"
                    WIDTH="2877"
                    HEIGHT="172"></String>
          </TextLine>

          
          
          <TextLine ID="tl_4"
                    TAGREFS="LT154"
                    BASELINE="872 933 1076 922 2077 906 2578 937 2893 901 3354 944 3648 918 4156 947" 
                    HPOS="872"
                    VPOS="758"
                    WIDTH="3284"
                    HEIGHT="238">
            <Shape><Polygon POINTS="872 758 4156 758 4156 996 872 996"/></Shape>
	    <String CONTENT="Ne vaudroit-il pas mieux, ſans soucis, ſans chagrins,"
                    HPOS="872"
                    VPOS="758"
                    WIDTH="3284"
                    HEIGHT="238"></String>
          </TextLine>

          
          
          <TextLine ID="tl_5"
                    TAGREFS="LT154"
                    BASELINE="870 1101 1025 1090 1223 1084 1491 1083 2055 1074 2657 1073 2905 1073 3423 1112" 
                    HPOS="870"
                    VPOS="914"
                    WIDTH="2557"
                    HEIGHT="219">
            <Shape><Polygon POINTS="870 914 3427 915 3427 1133 870 1132"/></Shape>
	    <String CONTENT="Et de vos reuenus regalant vos voiſins,"
                    HPOS="870"
                    VPOS="914"
                    WIDTH="2557"
                    HEIGHT="219"></String>
          </TextLine>

          
          
          <TextLine ID="tl_6"
                    TAGREFS="LT154"
                    BASELINE="870 1269 1250 1255 1450 1254 1800 1251 2240 1242 2450 1245 2774 1241 2962 1247 3124 1242 3649 1288" 
                    HPOS="870"
                    VPOS="1116"
                    WIDTH="2779"
                    HEIGHT="184">
            <Shape><Polygon POINTS="870 1116 3649 1116 3649 1300 870 1300"/></Shape>
	    <String CONTENT="Viure en Pere jaloux du bien de la famille,"
                    HPOS="870"
                    VPOS="1116"
                    WIDTH="2779"
                    HEIGHT="184"></String>
          </TextLine>

          
          
          <TextLine ID="tl_7"
                    TAGREFS="LT154"
                    BASELINE="871 1430 1193 1426 1385 1426 1805 1421 2007 1420 2339 1413 2479 1414 2883 1409 2987 1421 3417 1414 3773 1409" 
                    HPOS="871"
                    VPOS="1282"
                    WIDTH="2903"
                    HEIGHT="184">
            <Shape><Polygon POINTS="871 1282 3774 1282 3774 1466 871 1466"/></Shape>
	    <String CONTENT="Pour en laiſſer vn jour le fonds à voſtre Fille;"
                    HPOS="871"
                    VPOS="1282"
                    WIDTH="2903"
                    HEIGHT="184"></String>
          </TextLine>

          
          
          <TextLine ID="tl_8"
                    TAGREFS="LT154"
                    BASELINE="861 1635 1156 1598 1340 1597 1852 1591 2056 1592 2280 1586 3020 1582 3622 1624" 
                    HPOS="861"
                    VPOS="1454"
                    WIDTH="2761"
                    HEIGHT="182">
            <Shape><Polygon POINTS="861 1454 3622 1454 3622 1636 861 1636"/></Shape>
	    <String CONTENT="Que de nourrir vn tas d’Officiers affamez,"
                    HPOS="861"
                    VPOS="1454"
                    WIDTH="2761"
                    HEIGHT="182"></String>
          </TextLine>

          
          
          <TextLine ID="tl_9"
                    TAGREFS="LT154"
                    BASELINE="865 1803 1134 1766 1438 1765 2026 1764 2228 1760 2784 1755 3062 1760 3396 1754 3720 1769 4092 1829" 
                    HPOS="865"
                    VPOS="1625"
                    WIDTH="3227"
                    HEIGHT="218">
            <Shape><Polygon POINTS="865 1625 4092 1625 4092 1843 865 1843"/></Shape>
	    <String CONTENT="Qui moiſſonnent les champs que vous auez ſemez,"
                    HPOS="865"
                    VPOS="1625"
                    WIDTH="3227"
                    HEIGHT="218"></String>
          </TextLine>

          
          
          <TextLine ID="tl_10"
                    TAGREFS="LT154"
                    BASELINE="862 1943 1225 1943 1371 1938 1759 1937 2339 1927 2821 1962 2979 1933 3565 1927 4135 2004" 
                    HPOS="862"
                    VPOS="1798"
                    WIDTH="3273"
                    HEIGHT="221">
            <Shape><Polygon POINTS="862 1798 4135 1798 4135 2019 862 2019"/></Shape>
	    <String CONTENT="Dont la main toûjours pleine, &amp; toûjours indigente,"
                    HPOS="862"
                    VPOS="1798"
                    WIDTH="3273"
                    HEIGHT="221"></String>
          </TextLine>

          
          
          <TextLine ID="tl_11"
                    TAGREFS="LT154"
                    BASELINE="866 2114 1155 2110 1600 2101 2507 2100 2690 2095 2940 2095 3565 2099 3743 2105 4077 2133" 
                    HPOS="866"
                    VPOS="1966"
                    WIDTH="3211"
                    HEIGHT="197">
            <Shape><Polygon POINTS="866 1966 4077 1966 4077 2163 866 2163"/></Shape>
	    <String CONTENT="S’engraiſſe impunément de vos Chapons de rente?"
                    HPOS="866"
                    VPOS="1966"
                    WIDTH="3211"
                    HEIGHT="197"></String>
          </TextLine>

          
          
          <TextLine ID="tl_12"
                    TAGREFS="LT154"
                    BASELINE="871 2278 1041 2272 1377 2278 1809 2269 2261 2268 2569 2267 3181 2262 3375 2262 3974 2322" 
                    HPOS="871"
                    VPOS="2140"
                    WIDTH="3103"
                    HEIGHT="196">
            <Shape><Polygon POINTS="871 2140 3974 2140 3974 2336 871 2336"/></Shape>
	    <String CONTENT="Le beau plaiſir d’aller tout mourant de ſommeil,"
                    HPOS="871"
                    VPOS="2140"
                    WIDTH="3103"
                    HEIGHT="196"></String>
          </TextLine>

          
          
          <TextLine ID="tl_13"
                    TAGREFS="LT154"
                    BASELINE="866 2445 982 2445 1123 2446 1501 2445 1831 2445 2243 2466 2845 2434 3093 2434 3601 2477" 
                    HPOS="866"
                    VPOS="2306"
                    WIDTH="2735"
                    HEIGHT="192">
            <Shape><Polygon POINTS="866 2306 3601 2306 3601 2498 866 2498"/></Shape>
	    <String CONTENT="A la porte d’vn Iuge, attendre ſon reſveil,"
                    HPOS="866"
                    VPOS="2306"
                    WIDTH="2735"
                    HEIGHT="192"></String>
          </TextLine>

          
          
          <TextLine ID="tl_14"
                    TAGREFS="LT154"
                    BASELINE="865 2618 1016 2612 1622 2611 1764 2613 2098 2613 2350 2603 2680 2603 3140 2608 3418 2604 3940 2654" 
                    HPOS="865"
                    VPOS="2475"
                    WIDTH="3075"
                    HEIGHT="193">
            <Shape><Polygon POINTS="865 2475 3940 2475 3940 2668 865 2668"/></Shape>
	    <String CONTENT="Et d’eſſuyer le vent qui vous ſouffle aux oreilles,"
                    HPOS="865"
                    VPOS="2475"
                    WIDTH="3075"
                    HEIGHT="193"></String>
          </TextLine>

          
          
          <TextLine ID="tl_15"
                    TAGREFS="LT154"
                    BASELINE="849 2793 1325 2785 1601 2781 2267 2780 2622 2807 2781 2781 3117 2780 3375 2774 4020 2833" 
                    HPOS="849"
                    VPOS="2652"
                    WIDTH="3171"
                    HEIGHT="195">
            <Shape><Polygon POINTS="849 2652 4020 2652 4020 2847 849 2847"/></Shape>
	    <String CONTENT="Tandis que Monſieur dort, &amp; cuue vos bouteilles;"
                    HPOS="849"
                    VPOS="2652"
                    WIDTH="3171"
                    HEIGHT="195"></String>
          </TextLine>

          
          
          <TextLine ID="tl_16"
                    TAGREFS="LT154"
                    BASELINE="872 2959 1086 2952 1422 2954 1554 2959 1894 2949 2386 2979 2584 2943 3020 2943 3322 2944 3522 2943 3826 2959" 
                    HPOS="872"
                    VPOS="2818"
                    WIDTH="2955"
                    HEIGHT="189">
            <Shape><Polygon POINTS="872 2818 3827 2818 3827 3007 872 3007"/></Shape>
	    <String CONTENT="Ou bien ſi vous entrez, de paſſer tout vn jour"
                    HPOS="872"
                    VPOS="2818"
                    WIDTH="2955"
                    HEIGHT="189"></String>
          </TextLine>

          
          
          <TextLine ID="tl_17"
                    TAGREFS="LT154"
                    BASELINE="856 3125 973 3125 1474 3157 1691 3121 2402 3151 2611 3115 3213 3116 3403 3116 3569 3119 3915 3136" 
                    HPOS="856"
                    VPOS="2986"
                    WIDTH="3059"
                    HEIGHT="191">
            <Shape><Polygon POINTS="856 2986 3915 2986 3915 3177 856 3177"/></Shape>
	    <String CONTENT="A conter, en grondant, les carreaux de ſa cour!"
                    HPOS="856"
                    VPOS="2986"
                    WIDTH="3059"
                    HEIGHT="191"></String>
          </TextLine>

          
          
          <TextLine ID="tl_18"
                    TAGREFS="LT154"
                    BASELINE="856 3299 1109 3330 1825 3331 2705 3325 3207 3288 3547 3293 4003 3305" 
                    HPOS="856"
                    VPOS="3159"
                    WIDTH="3147"
                    HEIGHT="190">
            <Shape><Polygon POINTS="856 3159 4003 3159 4003 3349 856 3349"/></Shape>
	    <String CONTENT="Hé, Monſieur, croyez-moy, quittez cette miſere."
                    HPOS="856"
                    VPOS="3159"
                    WIDTH="3147"
                    HEIGHT="190"></String>
          </TextLine>

          
          
          <TextLine ID="tl_19"
                    TAGREFS="LT154"
                    BASELINE="1824 3609 3406 3608" 
                    HPOS="1824"
                    VPOS="3478"
                    WIDTH="1582"
                    HEIGHT="137">
            <Shape><Polygon POINTS="1824 3478 3406 3478 3406 3615 1824 3615"/></Shape>
	    <String CONTENT="CHICANNEAV."
                    HPOS="1824"
                    VPOS="3478"
                    WIDTH="1582"
                    HEIGHT="137"></String>
          </TextLine>

          
          
          <TextLine ID="tl_20"
                    TAGREFS="LT154"
                    BASELINE="851 3911 1570 3938 1916 3900 2160 3905 2686 3901 2894 3900 3386 3896 3966 3941" 
                    HPOS="851"
                    VPOS="3771"
                    WIDTH="3115"
                    HEIGHT="184">
            <Shape><Polygon POINTS="851 3771 3966 3771 3966 3955 851 3955"/></Shape>
	    <String CONTENT="Vrayment, vous me donnez vn conſeil ſalutaire,"
                    HPOS="851"
                    VPOS="3771"
                    WIDTH="3115"
                    HEIGHT="184"></String>
          </TextLine>

          
          
          <TextLine ID="tl_21"
                    TAGREFS="LT154"
                    BASELINE="850 4079 1008 4079 1500 4078 1834 4073 2112 4074 2432 4104 2590 4073 2946 4070 3144 4069 3700 4078" 
                    HPOS="850"
                    VPOS="3940"
                    WIDTH="2851"
                    HEIGHT="189">
            <Shape><Polygon POINTS="850 3940 3701 3940 3701 4129 850 4129"/></Shape>
	    <String CONTENT="Et deuant qu&#39;il ſoit peu, ie veux en profiter."
                    HPOS="850"
                    VPOS="3940"
                    WIDTH="2851"
                    HEIGHT="189"></String>
          </TextLine>

          
          
          <TextLine ID="tl_22"
                    TAGREFS="LT154"
                    BASELINE="861 4253 1193 4248 1343 4247 1685 4241 1979 4246 2181 4247 2631 4241 2831 4240 3151 4235 3789 4246" 
                    HPOS="861"
                    VPOS="4112"
                    WIDTH="2928"
                    HEIGHT="179">
            <Shape><Polygon POINTS="861 4112 3789 4112 3789 4291 861 4291"/></Shape>
	    <String CONTENT="Mais ie vous prie au moins de bien ſolliciter."
                    HPOS="861"
                    VPOS="4112"
                    WIDTH="2928"
                    HEIGHT="179"></String>
          </TextLine>

          
          
          <TextLine ID="tl_23"
                    TAGREFS="LT154"
                    BASELINE="855 4419 1136 4414 1408 4419 2088 4414 2654 4413 2842 4408 3348 4408 3962 4439" 
                    HPOS="855"
                    VPOS="4275"
                    WIDTH="3111"
                    HEIGHT="192">
            <Shape><Polygon POINTS="855 4276 3966 4275 3966 4466 855 4467"/></Shape>
	    <String CONTENT="Puis que Monſieur Dandin va donner audiance,"
                    HPOS="855"
                    VPOS="4275"
                    WIDTH="3111"
                    HEIGHT="192"></String>
          </TextLine>

          
          
          <TextLine ID="tl_24"
                    TAGREFS="LT154"
                    BASELINE="862 4581 999 4587 1291 4587 1623 4586 2009 4582 2267 4587 2601 4587 2789 4581 3495 4591" 
                    HPOS="862"
                    VPOS="4451"
                    WIDTH="2633"
                    HEIGHT="192">
            <Shape><Polygon POINTS="862 4451 3495 4451 3495 4643 862 4643"/></Shape>
	    <String CONTENT="Ie vais faire venir ma Fille en diligence."
                    HPOS="862"
                    VPOS="4451"
                    WIDTH="2633"
                    HEIGHT="192"></String>
          </TextLine>

          
          
          <TextLine ID="tl_25"
                    TAGREFS="LT154"
                    BASELINE="861 4759 1071 4760 1401 4759 2256 4791 2527 4760 2741 4759 2931 4754 3375 4750 3658 4781" 
                    HPOS="861"
                    VPOS="4626"
                    WIDTH="2797"
                    HEIGHT="185">
            <Shape><Polygon POINTS="861 4626 3658 4626 3658 4811 861 4811"/></Shape>
	    <String CONTENT="On peut l’interroger, elle eſt de bonne foy,"
                    HPOS="861"
                    VPOS="4626"
                    WIDTH="2797"
                    HEIGHT="185"></String>
          </TextLine>

          
          
          <TextLine ID="tl_26"
                    TAGREFS="LT154"
                    BASELINE="846 4931 1490 4932 1758 4927 2224 4927 2684 4927 3318 4930 3920 4925" 
                    HPOS="846"
                    VPOS="4793"
                    WIDTH="3074"
                    HEIGHT="192">
            <Shape><Polygon POINTS="846 4793 3920 4793 3920 4985 846 4985"/></Shape>
	    <String CONTENT="Et meſme elle ſçaura mieux répondre que moy."
                    HPOS="846"
                    VPOS="4793"
                    WIDTH="3074"
                    HEIGHT="192"></String>
          </TextLine>

          
          
          <TextLine ID="tl_27"
                    TAGREFS="LT154"
                    BASELINE="2102 5264 2339 5264 2491 5263 3195 5268" 
                    HPOS="2102"
                    VPOS="5140"
                    WIDTH="1093"
                    HEIGHT="132">
            <Shape><Polygon POINTS="2102 5140 3195 5140 3195 5272 2102 5272"/></Shape>
	    <String CONTENT="LEANDRE."
                    HPOS="2102"
                    VPOS="5140"
                    WIDTH="1093"
                    HEIGHT="132"></String>
          </TextLine>

          
          
          <TextLine ID="tl_28"
                    TAGREFS="LT154"
                    BASELINE="835 5591 1225 5623 1401 5592 2025 5623 2323 5580 2669 5581 2951 5577 3459 5588" 
                    HPOS="835"
                    VPOS="5447"
                    WIDTH="2624"
                    HEIGHT="191">
            <Shape><Polygon POINTS="835 5447 3459 5447 3459 5638 835 5638"/></Shape>
	    <String CONTENT="Allez, &amp; reuenez, l&#39;on vous fera juſtice."
                    HPOS="835"
                    VPOS="5447"
                    WIDTH="2624"
                    HEIGHT="191"></String>
          </TextLine>

          
          
          <TextLine ID="tl_29"
                    TAGREFS="LT154"
                    BASELINE="1753 5909 1982 5911 2246 5916 2418 5911 2576 5912 3450 5910" 
                    HPOS="1753"
                    VPOS="5781"
                    WIDTH="1697"
                    HEIGHT="141">
            <Shape><Polygon POINTS="1753 5781 3450 5781 3450 5922 1753 5922"/></Shape>
	    <String CONTENT="LE SOVFFLEVR."
                    HPOS="1753"
                    VPOS="5781"
                    WIDTH="1697"
                    HEIGHT="141"></String>
          </TextLine>

          
          
          <TextLine ID="tl_30"
                    TAGREFS="LT154"
                    BASELINE="851 6179 1187 6147 1810 6157" 
                    HPOS="851"
                    VPOS="6016"
                    WIDTH="959"
                    HEIGHT="163">
            <Shape><Polygon POINTS="851 6016 1810 6016 1810 6179 851 6179"/></Shape>
	    <String CONTENT="Quel homme!"
                    HPOS="851"
                    VPOS="6016"
                    WIDTH="959"
                    HEIGHT="163"></String>
          </TextLine>

          
        </TextBlock>
        

        
      </PrintSpace>
    </Page>
  </Layout>
</alto>
