4109 7682
544 294 282 250 84

1217 262 2007 275 LES PLAIDEURS,

538 492 2801 218 De Monde, de cahos, i’ay la teſte troublée.

540 705 888 137 Hé concluez.

891 877 2839 243 L'INTIME' luy préſentant de petits Chiens.

1621 1177 1562 154 Venez, famille deſolée.

535 1337 3356 183 Venez, pauures enfans, qu'on veut rendre orphelins,

530 1507 2663 172 Venez faire parler vos ſoûpirs enfantins.

536 1677 2936 181 Oüy, Meſſieurs, vous voyez icy noſtre miſere.

536 1835 3294 189 Nous ſommes orphelins. Rendez-nous noſtre Pere,

540 2009 2844 185 Noſtre Pere par qui nous fuſmes engendrez,

541 2177 1611 179 Noſtre Pere qui nous....

1809 2415 980 132 DANDIN.

2271 2642 1192 158 Tirez, tirez, tirez,

1742 2885 1063 134 L'INTIME'.

530 3113 1694 165 Noſtre Pere, Meſſieurs....

1820 3363 950 130 DANDIN.

1799 3569 1880 159 Tirez donc. Quels vacarmes!

521 3735 1336 184 Ils ont piſſé par tout.

1773 3953 1058 142 LEANDRE.

1860 4185 1996 169 Monſieur, ce ſont leurs larmes.

1814 4429 964 136 DANDIN.

525 4657 2705 180 Ouf. Ie me ſens déja pris de compaſſion.

525 4827 2870 187 Ce que c'eſt qu'à propos toucher la paſſion!

515 4997 2766 174 Ie ſuis bien empeſché. La verité me preſſe.

515 5167 2922 173 Le crime eſt aueré, luy-meſme il le confeſſe.

520 5335 2881 179 Mais s'il eſt condamné, l’embarras eſt égal,

520 5495 2720 184 Voila bien des enfans reduits à l’Hoſpital.

526 5671 2936 189 Mais ie ſuis occupé, ie ne veux voir perſonne.
