4156 7809
755 266 222 235 68

1452 221 2065 312 LES PLAIDEVRS,

1809 706 1407 157 PETIT IEAN.

754 1015 3230 237 Ie vous entens. Oüy, mais d’vne premiere cauſe,

750 1189 3070 221 Monſieur, a l’Auocat reuient-il quelque choſe?

1941 1555 1122 153 LEANDRE.

739 1863 3197 246 Ah fy. Garde-roy bien d’en vouloir rien toucher.

742 2032 3116 223 C’eſt la cauſe d'honneur, on l'achete bien cher.

738 2202 2622 225 On ſeme des billets par toute la famille;

732 2380 2352 225 Et le petit Garçon, & la petite Fille,

742 2549 3331 236 Oncle, Tante, Couſins, tout vient, juſques au Chat,

732 2721 2862 225 Dormir au Plaidoyé de Monſieur l'Auocat.

2019 3098 1024 147 DANDIN.

721 3403 3432 252 Allons nous préparer. Cà, Meſſieurs, point d’intrigue.

742 3583 3220 232 Fermons l'œil aux préſens, & l'oreille à la brigue.

742 3756 3036 217 Vous, Maiſtre Petit Iean, ſerez le demandeur.

734 3924 2929 226 Vous, Maiſtre l'intimé, ſoyez le défendeur.

1680 4265 1767 226 Fin du Second Acte.
