4109 7701
706 295 269 244 78

1438 263 2022 276 LES PLAIDEURS,

2038 628 968 150 DANDIN.

1459 861 2414 223 Serez-vous long, Auocat? dites-moy.

1974 1113 1078 143 L’INTIME'.

739 1332 1358 199 Ie ne répons de rien.

2012 1592 984 157 DANDIN.

2369 1830 1238 199 Il eſt de bonne foy.

1070 2059 2816 213 L'INTIME’ d'vn ton finiſſant en faucet.

733 2289 3216 238 Meſſieurs. Tout ce qui peut étonner vn coupable,

722 2462 3103 218 Tout ce que les mortels ont de plus redoutable,

723 2624 3060 215 Semble s’eſtre aſſemblé contre nous par hazar,

729 2795 2746 208 Ie veux dire la brigue, & l’éloquence. Car

729 2961 2940 209 D'vn coſté le credit du deffunt m’épouuante,

729 3131 2668 214 Et de l'autre coſté l'éloquence éclatante

734 3303 2209 168 De Maiſtre Petit Iean m’ébloüit.

2043 3570 945 146 DANDIN.

3132 3759 510 165 Auocat,

755 3889 2935 179 De voſtre ton vous-meſme adouciſſez l'éclat.

1560 4139 2243 167 L’INTIME’. * du beau ton.

765 4371 3195 210 Ouy-da, i’en ay pluſieurs. * Mais quelque défiance

753 4537 2937 205 Que nous doiue donner la ſuſdite éloquence,

755 4711 3007 198 Et le ſuſdit crédit: Ce neaumoins, Meſſieurs,

749 4879 2935 171 L’ancre de vos bontez nous raſſure d'allieurs.

754 5047 3128 218 Deuant le grand Dandin l’innocence eſt hardie;

768 5219 2814 204 Oüy deuant ce Caton de baſſe Normandie,

768 5387 2698 213 Ce Soleil d’équité qui n’eſt iamais terni,

760 5561 2724 203 Victrix cauſa dijs placuit, ſed victa Cantoni.

2120 5817 963 142 DANDIN.

789 5999 1698 191 Vrayment, il plaide bien.
