4077 7930
948 199 1429 179 COMEDIE.

3269 270 176 150 73

2693 6350 179 258 D

436 6344 993 270 * Démocratique

948 486 1358 153 PETIT IEAN.

1674 684 1568 179 Ho, prenez-le plus bas;

41 861 3026 234 Si vous ſoufflez ſi haut, l’on ne m’entendra pas.

24 1107 649 164 Meſſieurs....

1092 1224 1015 144 DANDIN.

558 1484 970 124 Couurez-vous.

954 1679 1343 143 PETIT IEAN.

1131 1894 780 146 Oh! Meſ....

1132 2131 996 133 DANDIN.

1414 2346 1833 198 Couurez-vous, vous dis-je.

918 2572 1404 138 PETIT IEAN.

35 2807 3381 214 Oh, Monſieur, ie ſçay bien à quoy l'honneur m’oblige.

1125 3071 956 128 DANDIN.

35 3241 1291 174 Ne te couure donc pas.

484 3491 2252 180 PETIT IEAN ſe couurant.

1205 3709 2048 173 Meſſieurs.... Vous doucement;

30 3884 3223 191 Ce que ie ſçay le mieux, c’eſt mon commencement.

30 4021 2778 230 Meſſieurs, quand ie regarde auec exactitude,

30 4232 2561 184 L'inconſtance du monde, & ſa viciſſitude;

32 4412 3012 192 Lors que ie voy parmy tant d’Hommes differens,

32 4574 2677 195 Pas-vne Eſtoile fixe, & tant d’Aſtres errans;

20 4736 3226 219 Quand ie voy les Céſars, quand ie voy leur fortune,

25 4913 3013 222 Quand ie voy le Soleil, & quand ie voy la Lune;

1574 5101 881 179 * Babiloniens

21 5256 2565 223 Quand ie voy les Eſtats des * Babiboniens

717 5451 2003 205 * Perſans * Macedoniens

13 5577 2786 284 Transferé des * Serpens, aux * Nacedoniens;

919 5799 2198 207 * Romains *Despotique

6 5967 3131 211 Quand ie voy les* Lorrains de l’Eſtat * Dépotique

6 6092 2978 390 Paſſer au * Démocrite, & puis au Monarchique;
