4109 7691
1392 325 1949 177 AV LECTEVR.

632 537 3429 221 inclination ne me porteroit pas à le prendre

628 741 3428 233 pour modele, ſi i’auois à faire vne Comédie;

631 953 3429 221 & que la regularité de Menandre & de Te¬

623 1157 3436 225 rence me ſembloit bien plus glorieuſe, & meſ¬

622 1365 3433 225 me plus agreable à imiter, que la liberté de

626 1573 3428 229 Plaute & d’Ariſtophane. On me répondit que

613 1789 3433 225 ce n’eſtoit pas vne Comedie qu’on me deman¬

609 1997 3440 217 doit, & qu’on vouloit ſeulement voir ſi les

612 2201 3449 233 bons mots d’Ariſtophane auroient quelque

600 2417 3448 221 grace dans noſtre langue. Ainſi moitié en

599 2629 3453 213 m’encourageant, moitié en mettant eux-meſ¬

599 2833 3452 205 mes la main à l’œuure, mes amis me firent

590 3045 3464 221 commencer vne Piece qui ne tarda guere

590 3253 1176 163 à eſtre acheuée.

789 3458 3256 228 Cependant la pluſpart du monde ne ſe ſou¬

584 3673 3469 225 cie point de l’intention, ny de la diligence des

576 3877 3476 173 Autheurs. On examina d’abord mon amuſe¬

575 4089 3489 217 ment, comme on auroit fait vne Tragedie.

579 4293 3464 233 Ceux meſmes qui s’y eſtoient le plus diuertis,

570 4509 3485 229 eurent peur de n’auoir pas ry dans les regles,

574 4717 3476 233 & trouuerent mauuais que ie n’euſſe pas ſongé

557 4929 3473 233 plus ſerieuſement à les faire rire. Quelques

561 5133 3484 241 autres s’imaginerent qu’il eſtoit bienſeant à

564 5353 3481 233 eux de s’y ennuyer, & que les matieres de

564 5569 3476 229 Palais ne pouuoient pas eſtre vn ſujet de di¬

563 5781 3477 229 uertiſſement pour des gens de Cour. La Piece

559 5989 3464 237 fut bien-toſt apres joüée à Verſailles. On ne
