4054 7643
719 279 1958 206 AV LECTEVR.

0 489 3465 301 fit point de ſcrupule de s’y réjoüir; & ceux qui

0 689 3471 269 auoient crû ſe deſ-honnorer de rire à Paris,

3 897 3487 297 furent peut-eſtre obligez de rire à Verſailles,

38 1149 1583 269 pour ſe faire honneur.

195 1319 3280 263 Ils auroient tort à la verité, s’ils me repro¬

0 1529 3478 265 choient d’auoir fatigué leurs oreilles de trop

0 1741 3484 257 de chicane, c'eſt vne langue qui m’eſt plus

1 1949 3507 289 étrangere qu’à perſonne; & ie n’en ay em¬

0 2161 3486 293 ployé que quelques mots barbares, que ie puis

0 2377 3501 253 auoir retenus dans le cours d’vn procez, que

9 2581 3503 281 ny moy, ny mes Iuges, n’ont iamais bien en¬

40 2851 482 159 tendu.

214 3001 3295 262 Si i’apprehende quelque choſe, c’eſt que

17 3209 3495 273 des perſonnes vn peu ſerieuſes ne traittent de

4 3420 3538 262 badineries le procez du Chien, & les extraua¬

19 3637 3498 257 gances du Iuge: Mais enfin ie traduis Ariſto¬

21 3841 3503 261 phane, & l’on doit ſe ſouuenir qu’il auoit

20 4053 3490 257 affaire à des Spectateurs aſſez difficiles. Les

27 4257 3506 261 Atheniens ſçauoient apparemment, ce que

33 4469 3499 257 c’eſtoit que le Sel Attique, & ils eſtoient bien

32 4677 3503 269 ſeurs quand ils auoient ry d’vne choſe, qu’ils

35 4901 2266 237 n’auoient pas ry d’vne ſottiſe.

245 5097 3291 254 Pour moy ie trouue qu’Ariſtophane a eü

52 5293 3487 285 raiſon, de pouſſer les choſes au delà du vray-

39 5501 3490 281 ſemblable. Les Iuges de l’Aréopage n’au¬

38 5721 3486 261 roient pas peut-eſtre trouué bon, qu’il euſt

48 5921 3455 277 marqué au naturel leur auidité de gagner, les
