4109 7672
646 249 237 249 80

1472 217 1996 326 LES PLAIDEVRS,

1925 558 1034 174 DANDIN.

632 784 1328 189 Ho, ie te vais juger.

1878 1030 1084 186 L'INTIME'.

1531 1270 2218 197 * viſte. Ho, vous eſtes ſi promt.

617 1420 3164 217 Voicy le fait. * Vn Chien vient dans vne cuiſine,

607 1594 2930 205 Il y trouue vn Chapon, lequel a bonne mine.

615 1760 2632 205 Or celuy pour lequel ie parle eſt affamé.

615 1932 2700 206 Celuy contre lequel ie parle autem plumé.

595 2097 2978 210 Et celuy pour lequel ie ſuis, prend en cachette

602 2268 2727 206 Celuy contre lequel ie parle. L’on decrete.

608 2444 2893 198 On le prend. Auocat pour & contre appellé.

596 2606 2818 207 Iour pris. Ie doy parler, ie parle, i'ay parlé,

1905 2862 980 151 DANDIN.

590 3089 3036 199 Ta, ta, ta, ta. Voila bien inſtruire vne affaire.

596 3258 2894 212 Il dit fort poſément ce dont on n'a que faire,

596 3432 2988 217 Et court le grand galop quand il eſt à ſon fait.

1870 3688 1036 148 L’INTIME'.

601 3898 2640 203 Mais le premier, Monſieur, c’eſt le beau.

1905 4158 969 153 DANDIN.

3173 4339 747 160 C'eſt le laid.

597 4478 2758 205 A-t-on iamais plaidé d’vne telle methode?

601 4652 1802 196 Mais qu'en dit l’aſſemblée?

1858 4910 1068 146 LEANDRE.

2282 5155 1295 160 Il eſt fort à la mode.

1202 5443 2316 184 L'INTIME' d'vn ton vehement.

603 5750 3409 198 Qu'arriue-t'il, Meſſieurs? On vient. Cõment vient-on?

612 5918 2982 213 On pourſuit ma Partie. On force vne maiſon.
