4132 7691
1514 319 1993 193 AV LECTEVR.

752 528 3357 230 bons tours de leurs Secretaires, & les forfan¬

738 740 3366 262 teries de leurs Aduocats. Il eſtoit à propos

740 944 3362 250 d’outrer vn peu les Perſonnages pour les em¬

742 1152 3362 242 peſcher de ſe reconnoiſtre. Le Public ne laiſ¬

728 1364 3374 250 ſoit pas de diſcerner le vray au trauers du ri¬

735 1572 3365 242 dicule; & ie m'aſſure qu’il vaut mieux auoir

737 1780 3365 242 occupé l’impertinente eloquence de deux

743 1988 3358 242 Orateurs autour d’vn Chien accuſé, que ſi l’on

729 2164 3403 238 auoit mis ſur la ſellette vn veritable criminel,

743 2408 3366 246 & qu’on euſt intereſſé les Spectateurs à la vie

730 2616 1105 170 d’vn Homme.

879 2830 3226 244 Quoy qu’il en ſoit, ie puis dire que noſtre

730 3032 3402 246 Siecle n’a pas eſté de plus mauuaiſe humeur

724 3244 3386 246 que le ſien, & que ſi le but de ma Comedie

718 3456 3394 222 eſtoit de faire rire, iamais Comedie n’a mieux

716 3668 3398 242 attrapé ſon but. Ce n’eſt pas que i’attends

710 3872 3390 246 vn grand honneur d’auoir aſſez long-temps

708 4080 3398 250 réjoüy le monde. Mais ie me ſçay quelque

707 4288 3393 246 gré de l’auoir fait, ſans qu’il m’en ait couſté

705 4488 3398 258 vn ſeul de ces ſales équiuoques, & de ces mal¬

707 4712 3402 246 honneſtes plaiſanteries, qui couſtent mainte¬

701 4876 3431 298 nant ſi peu à la pluſpart de nos Ecriuains ; &

707 5124 3425 242 qui font retomber le Theatre dans la turpi¬

705 5336 3402 262 tude, d’où quelques Autheurs plus modeſtes

700 5512 1077 251 l’auoient tiré.
