4109 7643
539 1525 2702 322 AV LECTEVR.

1126 2028 2478 240 VAND ie lûs les Gueſpes

1200 2248 2414 243 d’Ariſtophane, ie ne ſongeois

547 2496 179 204 Q

1195 2446 2429 258 gueres que i’en dûſſe faire les

1208 2668 2418 231 Plaideurs. I’auouë qu’elles me

1198 2853 2426 263 diuertirent beaucoup, & que i’y

168 3092 3466 261 trouuay quantité de plaiſanteries qui me ten¬

178 3296 3458 257 terent d’en faire part au public: Mais c’eſtoit

176 3500 3457 225 en les mettant dans la bouche des Italiens, à

186 3712 3450 252 qui ie les auois deſtinées, comme vne choſe

188 3928 3446 248 qui leur appartenoit de plain droit. Le Iuge

186 4132 3466 253 qui ſaute par les feneſtres, le Chien criminel,

200 4340 3457 236 & les larmes de ſa famille, me ſembloient

202 4552 3457 248 autant d’incidens dignes de la grauité de Sca¬

207 4760 3454 244 ramouche. Le départ de cet Acteur inter¬

213 4972 3450 236 rompit mon deſſein, & fit naiſtre l’enuie à

219 5168 3450 240 quelques-vns de mes amis, de voir ſur noſtre

217 5376 3450 264 Theatre quelque échantillon d’Ariſtophane.

223 5588 3446 260 Ie ne me rendis pas à la première propoſition

233 5792 3446 260 qu’ils m’en firent. Ie leur dis que quelque

239 5988 3430 256 eſprit que ie trouvaſſe dans cet Autheur, mon

2849 6244 346 200 ã ij
