4109 7769
699 194 182 233 74

1406 155 2054 278 LES PLAIDEVRS,

698 420 1689 176 Quand ie voy le Iapon....

1951 659 1075 147 L’INTIME'.

2320 887 1621 167 Quand aura-t’il tout veû?

1861 1140 1347 130 PETIT IEAN.

714 1354 2903 198 Oh pourquoy celuy-là m’a-t’il interrompu?

713 1533 1385 183 Ie ne diray plus rien,

2050 1707 974 130 DANDIN.

2273 1920 1390 170 Auocat incommode,

719 2084 2625 187 Que ne luy laiſſez-vous finir ſa période?

720 2257 2707 186 Ie ſuois ſang & eau, pour voir ſi du Iapon

731 2418 3005 195 Il viendroit à bon port au fait de ſon Chapon,

730 2594 2980 187 Et vous l'interrompez par vn diſcours friuole.

741 2779 1420 168 Parlez donc, Auocat,

1850 3020 1368 138 PETIT IEAN.

2426 3210 1311 184 I'ay perdu la parole.

2011 3435 1071 135 LEANDRE.

751 3658 2864 193 Acheue, Petit Iean, c’eſt fort bien débutté.

761 3832 3019 201 Mais que font là tes bras pendans à ton coſté?

768 4003 3075 186 Te voila ſur tes pieds droit comme vne Statuë,

761 4175 3249 208 Dégourdy-toy, Courage; Allons, qu’on s’éuertuë.

1306 4416 2457 151 PETIT IEAN remuant les bras.

783 4625 2331 190 Quand... ie voy... Quand... ie voy...

2038 4871 1077 139 LEANDRE.

2609 5076 1479 189 Dy donc ce que tu vois.

1898 5330 1341 142 PETIT IEAN.

819 5541 3137 180 Oh dame, on ne court pas deux Lievres à la fois.

1708 5799 1689 154 LE SOVFFLEVR.

823 5981 547 140 On lit...
