4109 7879
1065 296 1397 169 COMEDIE.

3395 297 154 153 81

120 502 2979 234 Quelle maiſon? Maiſon de noſtre propre Iuge.

129 677 2549 207 On briſe le ſellier qui nous ſert de refuge.

120 852 3059 208 De vol, de brigandage, on nous declare auteurs.

129 1017 3145 211 On nous traiſne. On nous liure à nos accuſateurs.

124 1195 3075 203 A Maiſtre Petit Iean, Meſſieurs. Ie vous atteſte

125 1369 2837 221 Qui ne ſçait que la Loy Si quis Canis, Digeſte

124 1551 2604 201 De vi, Paragrapho, Meſſieurs, Caponibus

129 1720 2503 192 Eſt manifeſtement contraire à cet abus?

128 1891 2844 219 Et quand il ſeroit vray, que Citron ma Partie

124 2068 3023 200 Auroit mangé Meſſieurs, le tout, ou bien partie

125 2234 2975 198 Dudit Chapon. Qu'on mette en compenſation

130 2418 2677 202 Ce que nous auons fait auant cette action.

125 2589 2805 191 Quand ma Partie a-t'elle eſté réprimandée?

124 2762 2657 202 Par qui voſtre maiſon a-t'elle eſté gardée?

131 2933 3117 199 Quand auons-nous manqué d’abboyer au larron?

126 3109 2841 193 Témoin trois Procureurs dont iceluy Citron

125 3284 2675 188 A déchiré la robbe. On en verra les pieces.

124 3453 3113 201 Pour nous juſtifier, voulez-vous d'autres Pieces?

1100 3794 1371 142 PETIT IEAN.

129 3982 1033 156 Maiſtre Adam....

1222 4161 1097 157 L'INTIME'.

910 4396 893 156 Laiſſez-nous.

1133 4642 1329 156 PETIT IEAN.

1557 4885 767 143 L'Intimé...

1282 5127 1079 146 L'INTIME'.

2347 5305 899 148 Laiſſez-nous.

1101 5544 1387 150 PETIT IEAN.

120 5699 531 155 S’enrouë.

1245 5889 1121 182 L'INTIME'.

410 6112 1765 185 Hé laiſſez-nous, Euh. Euh.
