4066 7819
957 318 1401 166 COMEDIE.

3246 354 224 194 63

434 1245 2528 310 SCENE XII.

202 1687 3064 212 LA COMTESSE, LEANDRE,

860 1981 1635 144 LA COMTESSE.

312 2163 2489 247 Iſerable! il s’en va luy préuenir l'eſprit.

52 2195 273 365 M

776 2397 1030 159 Par le ſoupirail.

70 2564 3084 188 Monſieur, ne croyez rien de tout ce qu’il vous dit.

61 2738 2691 175 Il n’a point de témoins. C’eſt vn menteur.

1129 2991 1118 140 LEANDRE.

2577 3117 650 243 Madame,

59 3321 3412 184 Que leur contez-vous là? Peut-eſtre ils rendent l'ame.

850 3577 1670 138 LA COMTESSE.

70 3814 2740 182 Il luy fera, Monſieur, croire ce qu’il voudra.

66 3982 1180 181 Souffrez que i’entre.

1151 4239 1097 130 LEANDRE.

1228 4470 1903 180 Oh non, perſonne n’entrera.

919 4719 1624 130 LA COMTESSE.

70 4952 2815 182 Ie le voy bien, Monſieur, le vin muſcat opere

70 5130 2762 190 Auſſi bien ſur le Fils que ſur l’eſprit du Pere.

76 5294 2672 193 Patience, Ie vais proteſter comme il faut,

82 5462 2908 204 Contre Monſieur le Iuge, & contre le cartaut.

1171 5747 1087 124 LEANDRE.

75 5958 2798 192 Allez donc, & ceſſez de nous rompre la teſte.

75 6116 2636 205 Que de fous! Ie ne fus iamais à telle feſte.
