4144 7711
694 282 258 418 76

1396 231 2008 283 LES PLAIDEVRS,

1663 584 1662 160 LE SOVFFLEVR.

1203 804 674 157 Le chien!

1799 1030 1380 146 PETIT IEAN.

2053 1243 674 147 Le chien.

1700 1493 1669 155 LE SOVFFLEVR.

2673 1698 641 129 Le butor!

1842 1934 1383 156 PETIT IEAN.

3316 2098 580 158 Le butor.

1659 2275 1685 162 LE SOVFFLEVR.

750 2512 1223 159 Peſte de l'Auocat!

1858 2655 1341 155 PETIT IEAN.

2121 2868 1582 200 Ah peſte de toy-meſme!

761 3046 2721 225 Voyez cet autre auec ſa Face de Careſme.

756 3250 1211 149 Va-t'en au diable.

2054 3404 974 147 DANDIN.

1939 3605 1979 234 Et vous, venez au fait. Vn mot

770 3832 538 149 Du fait.

1904 3971 1344 152 PETIT IEAN.

1351 4203 2462 208 Eh faut-il tant tourner autour du pot?

780 4374 3148 213 Ils me font dire auſſi des mots longs d'vne toiſe,

780 4539 3337 231 De grãds mots qui tiendroient d'icy juſqu’à Pontoiſe

790 4711 3070 226 Pour moy, ie ne ſçay point tant faire de façon,

795 4879 3336 228 Pour dire qu’vn Maſtin vient de prendre vu Chapon.

787 5053 3302 226 Tant y a qu'il n’eſt rien que voſtre Chien ne prenne,

791 5222 3146 225 Qu'il a mangé là-bas vn bon Chapon du Maine;

802 5405 2710 212 Que la premiere fois que ie l'y trouueray,

812 5566 2840 226 Son procez eſt tout fait, & ie l'aſſommeray.

2025 5844 1077 143 LEANDRE.

813 6072 2518 224 Belle concluſion, & digne de l'exorde!
