4267 5758
1071 365 2857 507 14 Discours.

1091 523 3865 691 contrains, ne ſçauroient eſtre ſi bien policez, que ceux

1096 661 3867 839 qui dés le commencement qu’ils ſe ſont aſſemblez, ont

1096 813 3867 983 obſerué les conſtitutions de quelque prudent Legiſla¬

1096 959 3866 1133 teur. Comme il eſt bien certain que l’Eſtat de la vraye

1095 1109 3864 1283 religion, dont Dieu ſeul a fait les ordonnances, doit eſtre

1099 1253 3868 1423 incomparablement mieux reglé que tous les autres. Et

1097 1403 3867 1571 pour parler des choſes humaines, ie croy que ſi Sparte a

1102 1545 3865 1701 eſté autrefois tres floriſſante, ce n’a pas eſté à cauſe de

1096 1681 3865 1851 la bonté de chaſcune de ſes loix en particulier, vû que

1098 1831 3866 2003 pluſieurs eſtoient fort eſtranges, & meſme contraires

1099 1985 3866 2149 aux bonnes meurs, mais a cauſe que n’ayant eſté inuen¬

1099 2127 3860 2295 tées que par vn ſeul, elles tendoient toutes a meſme fin.

1097 2271 3869 2439 Et ainſi ie penſay que les ſciences des liures au moins cel¬

1096 2421 3855 2587 les dont les raiſons ne ſont que probables, & qui n’ont au¬

1102 2569 3859 2741 cunes demonſtrations, s’eſtant compoſées & groſſies

1096 2717 3862 2893 peu a peu des opiniõs de pluſieurs diuerſes perſonnes, ne

1096 2865 3862 3047 ſont point, ſi approchantes de la verité, que les ſimples

1093 3011 3858 3173 raiſonnemens que peut faire naturellement vn hõme de

1095 3163 3859 3333 bon ſens touchant les choſes qui ſe preſentent. Et ainſi

1097 3309 3875 3481 encore ie penſay, que pourceque nous auons tous eſté

1098 3451 3857 3627 enfans auant que d’eſtre hommes, & qu'il nous a fallu

1096 3607 3861 3771 longtems eſtre gouuernez par nos appetis & nos Prece¬

1096 3757 3854 3917 pteurs, qui eſtoient ſouuent contraires les vns aux au¬

1101 3899 3856 4063 tres, & qui ny les vns ny les autres ne nous conſeilloient

1095 4039 3858 4211 peut eſtre pas touſiours le meilleur, Il eſt preſq; impoſſi¬

1093 4179 3857 4357 ble que nos iugemens ſoient ſi purs, ny ſi ſolides qu’ils au¬

1092 4333 3857 4505 raient eſté, ſi nous auions eu l’vſage entier de no¬

1092 4473 3850 4653 ſtre raiſon dés le point de noſtre naiſſance, & que nous

1090 4623 3198 4789 n’euſſions jamais eſté conduits que par elle.

1213 4775 3854 4951 Il eſt vray que nous ne voyons point qu’on iette par

3609 4972 3850 5043 terre
