4267 5775
1243 347 3209 455 De La Méthode. 15

449 497 3211 635 terre toutes les maiſons d’vne ville, pour le ſeul deſſein

445 641 3213 781 de les refaire d’autre façon; & d’en rendre les ruës plus

445 785 3213 923 belles; mais on voit bien que pluſieurs font abatre les leur

435 935 3207 1089 pour les rebaſtir, & que meſme quelquefois ils y ſont

439 1087 3201 1225 contrains, quand elles ſont en danger de tomber d’elles

441 1225 3197 1365 meſmes, & que les fondemens n’en ſont pas bien fermes.

441 1381 3205 1517 A l’exemple dequoy ie me perſuaday, qu’il n’y auroit

437 1525 3205 1661 veritablement point d’apparence, qu’vn particulier fiſt

443 1671 3205 1807 deſſein de reformer vn Eſtat, en y changeant tout dés les

435 1811 3197 1943 fondemens, & en le renuerſant pour le redreſſer; Ny,

431 1953 3201 2095 meſme auſſy de reformer le cors des ſciences, ou l’ordre

435 2107 3207 2245 eſtabli dans les eſcholes pour les enſeigner. Mais que

429 2253 3193 2391 pour toutes les opinions que i’auois receuës iuſques alors

429 2401 3203 2535 en ma creance, ie ne pouuois mieux faire que d’entre¬

423 2551 3201 2687 prendre vne bonne fois de les en oſter, affin d’y en re¬

429 2703 3203 2831 mettre par apres, ou d'autres meilleures, oubien les meſ¬

427 2845 3201 2977 mes, lorſque ie les aurois aiuſtées au niueau de la raiſon.

423 2997 3203 3137 Et ie creu fermement que par ce moyen ie reuſſirois a

423 3151 3205 3287 conduire ma vie beaucoup mieux, que ſi ie ne batiſſois

425 3275 3201 3443 que ſur de vieux fondemens, & que ie ne m’appuiaſſe

421 3441 3203 3591 que ſur les principes que ie m’eſtois laiſſé perſuader en

421 3589 3201 3719 ma ieuneſſe, ſans auoir jamais examiné s’ils eſtoient

419 3745 3189 3885 vrais. Car bienque ie remarquaſſe en cecy diuerſes diffi¬

413 3893 3207 4047 cultez, elles n’eſtoient point toutefois ſans remede, ny

419 4039 3207 4173 comparables a celles qui ſe trouuent en la reformation

413 4179 3189 4339 des moindres choſes qui touchent le public. Ces grans

417 4331 3211 4475 cors ſont trop malayſez à releuer eſtant abatus, ou meſ¬

417 4483 3205 4631 me a retenir eſtant esbranſlez, & leurs cheutes ne peu¬

417 4629 3203 4777 uent eſtre que tres rudes. Puis pour leurs imperfections,

421 4767 3209 4927 s'ils en ont, comme la ſeule diuerſité qui eſt entre eux

2965 4931 3243 5035 ſuffit
