4267 5796
1258 384 3209 535 De La Méthode. 7

425 548 3185 701 eux quelques vns, qu’on deſtinoit a remplir les places de

421 692 3190 851 nos maiſtres: Et enfin noſtre ſiecle me ſembloit auſſy

424 836 3191 991 fleuriſſant, & auſſy fertile en bons eſprits, qu’ait eſté au¬

423 982 3187 1137 cun des precedens. Ce qui me faiſoit prendre la liberté,

421 1134 3190 1293 de iuger par moy de tous les autres, & de penſer qu’il n’y

422 1276 3185 1429 auoit aucune doctrine dans le monde qui fuſt telle, qu’on

419 1428 1979 1571 m’auoit auparauant fait eſperer.

545 1566 3188 1716 Ie ne laiſſois pas toutefois d’eſtimer les exercices, auſ¬

426 1720 3187 1877 quels on s’occupe dans les eſcholes. Ie ſçauois que les

419 1870 3189 2019 langues qu’on y apprent ſont neceſſaires pour l’intelli¬

407 2012 3178 2171 gence des liures anciens; Que la gentilleſſe des fables

408 2160 3187 2301 reueille l’eſprit; Que les actions memorables des hiſtoi¬

405 2310 3181 2449 res le releuent, & qu’eſtant leuës auec diſcretion elles

403 2450 3174 2601 aydent a former le iugement; Que la lecture de tous les

404 2594 3181 2741 bons liures eſt comme vne conuerſation auec les plus

401 2746 3181 2895 honneſtes gens des ſiecles paſſez, qui en ont eſté les au¬

401 2892 3188 3041 theurs; & meſme vne conuerſation eſtudiée, en laquelle

400 3044 3183 3191 ils ne nous découurent que les meilleures de leurs pen¬

399 3184 3185 3335 ſées; Que l'Eloquence a des forces & des beautez in¬

402 3336 3184 3481 comparables; Que la Poëſie a des delicateſſes & des

398 3488 3185 3633 douceurs tres rauiſſantes; Que les Mathematiques ont

399 3638 3186 3785 des inuentions tres ſubtiles, & qui peuuent beaucoup

396 3782 3184 3933 ſeruir, tant a contenter les curieux, qu’a faciliter tous les

396 3930 3189 4071 arts, & diminuer le trauail des hommes; Que les eſcris

399 4074 3182 4227 qui traitent des meurs contienent pluſieurs enſeigne¬

396 4218 3196 4375 mens, & pluſieurs exhortations a la vertu qui ſont fort

396 4374 3197 4535 vtiles; Que la Theologie enſeigne a gaigner le ciel; Que

397 4516 3192 4673 la Philoſophie donne moyen de parler vrayſemblable¬

396 4682 3194 4823 ment de toutes choſes, & ſe faire admirer des moins

394 4824 3197 4993 ſçauans; Que la Iuriſprudence, la Medecine, & les autres

2907 4982 3206 5089 ſcien¬
