4267 5738
1262 458 3295 644 DISCOURS 3

579 745 3227 968 DE LA METHODE

681 1036 3142 1249 Pour bien conduire ſa raiſon, & chercher

1137 1234 2653 1407 la verité dans les ſciences.

530 1529 3277 1693 Si ce diſcours ſemble trop long pour eſtre tout leu en vne fois, on le pour¬

638 1647 3272 1800 ra diſtinguer en ſix parties. Et en la premiere on trouvera diuerſes

633 1761 3268 1920 conſiderations touchant les ſciences. En la ſeconde, les principales regles

630 1875 3265 2026 de la Methode que l'Autheur a cherchée. En la 3, quelques vues de

628 1991 3259 2142 celles de la Morale qu'il a tirée, de cete Methode. En la 4, les raiſons

621 2103 3258 2256 par leſquelles il prouue l'exiſtence de Dieu, & de l'ame humaine, qui

617 2217 3258 2374 ſont les fondemens de ſa Metaphyſique. En la 5, l'ordre des queſtions

622 2333 3251 2492 de Phyſique qu'il a cherchées, & particulierement l'explication du

614 2449 3250 2608 mouuement du cœur, & de quelques autres difficulteZ qui appartie¬

607 2562 3248 2718 nent a la Medecine, puis auſſy la difference qui eſt entre noſtre ame &

605 2672 3243 2832 celle des beſtes. Et en la derniere, quelles choſes il croit eſtre requiſes

600 2792 3231 2946 pour aller plus auant en la recherche de la Nature qu'il n'a eſté, &

596 2904 1750 3035 quelles raiſons l'ont fait eſcrire.

1223 3162 3217 3296 E bon ſens eſt la choſe du monde la

1225 3316 3221 3474 mieux partagée: car chaſcun penſe en

1217 3458 3217 3616 eſtre ſi bien pouruû, que ceux meſme qui

1211 3610 3215 3764 ſont les plus difficiles a contenter en tou¬

1211 3760 3215 3916 te autre choſe, n’ont point couſtume d’en

456 3895 3211 4064 deſirer plus qu’ils en ont. En quoy il n’eſt pas vray ſem¬

460 4043 3211 4210 blable que tous ſe trõpent: Mais plutoſt cela teſmoigne

454 4183 3207 4352 que la puiſſance de bien iuger, & distinguer le vray

446 4331 3201 4502 d’auec le faux, qui eſt proprement ce qu'on nomme le

444 4477 3192 4648 bon sens, ou la raiſon, eſt naturellement eſgale en tous

438 4620 3194 4792 les hommes; Et ainſi que la diuerſité de nos opinions ne

438 4776 3192 4948 vient pas de ce que les vns ſont plus raiſonnables que les

3242 3213 3571 3270 PREMIERE

3246 3270 3498 3330 PARTIE.

1984 4970 3188 5076 a 2 autres.
