4267 5788
1265 369 3235 473 De La Metrtode. 11

464 520 3241 665 noiſtre aſſés qu’elles valoient, pour n’eſtre plus ſuiet a

462 662 3238 815 eſtre trompé, ny par les promeſſes d’vn Alchemiſte, ny

461 816 3235 975 par les predictions d’vn Aſtrologue, ny par les impoſtu¬

464 958 3249 1107 res d’vn Magicien, ny par les artifices ou la venterie

456 1104 3236 1257 d’aucun de ceux qui ſont profeſſion de ſçauoir plus qu’ils

459 1276 1000 1412 ne ſçauent.

590 1410 3235 1561 C’eſt pourquoy ſitoſt que l’aage me permit de ſortir

464 1564 3236 1703 de la ſuietion de mes Precepteurs, ie quittay entiere¬

469 1700 3232 1823 ment l’eſtude des lettres. Et me reſoluant de ne cher¬

467 1850 3243 1995 cher plus d’autre ſcience, que celle qui ſe pourroit trou¬

458 1992 3243 2147 uer en moymeſme, oubien dans le grand liure du mon¬

459 2148 3238 2293 de, I'employay le reſte de ma ieuneſſe à voyager, à voir

459 2292 3237 2437 des cours, & des armées, à frequenter des gens de diuer¬

454 2438 3235 2593 ſes humeurs & conditions, à receuillir diuerſes experi¬

456 2580 3240 2725 ences, à m'éſprouuer moymefme dans les rencontres que

453 2724 3232 2873 la fortune me propoſoit, & partout à faire telle reflexion

458 2868 3229 3025 ſur les choſes qui ſe preſentoient que i’en puſſe tirer

458 3024 3238 3177 quelque profit. Car il me ſembloit que ie pourrois ren¬

459 3176 3230 3317 contrer beaucoup plus de verité dans les raiſonnemens

457 3318 3235 3477 que chaſcun fait, touchant les affaires qui luy importent,

460 3468 3241 3627 & dont l’euenement le doit punir bientoſt aprés s’il a mal

453 3618 3240 3765 iugé; que dans ceux que fait vn homme de lettres dans

453 3764 3247 3917 ſon cabinet touchant des speculations qui ne produiſent

450 3914 3247 4067 aucun effect, & qui ne luy font d’autre conſequence, ſi¬

452 4072 3248 4219 non que peuteſtre il en tirera d’autant plus de vanité

451 4214 3244 4363 qu’elles ſeront plus eſloignées du ſens commun: a cauſe

452 4364 3245 4513 qu’il aura deu employer d’autant plus d’eſprit & d’arti¬

448 4502 3250 4653 fice à taſcher de les rendre vrayſemblables. Et i’auois

451 4652 3252 4807 touſiours vn extreme deſir d’apprendre a diſtinguer

453 4806 3261 4957 le vray d’auec le faux, pour voir clair en mes actions,

2092 4954 3279 5059 b 2 &
