4267 5758
1012 347 2806 447 6 Discours.

1023 507 3786 650 des preceptes, ſe doiuent eſtimer plus habiles, que ceux

1011 649 3787 788 auſquels ils des donnent, & s’ils manquent en la moin¬

1021 793 3781 934 dre choſe, ils en ſont blaſmables. Mais ne propoſant cet

1020 939 3781 1086 eſcrit, que comme vne histoire, ou ſi vous l’aymez mieux

1020 1091 3780 1246 que comme vne fable, en laquelle parmi quelques exem¬

1019 1249 3790 1388 ples qu’on peut imiter, on en trouuera peuteſtre auſſy

1013 1389 3785 1540 pluſieurs autres qu’on aura raiſon de ne pas ſuiure; i’eſpe¬

1019 1545 3789 1698 re qu’il ſera vtile a quelques vns, ſans eſtre nuiſible a per¬

1018 1689 3589 1831 ſonne, & que tous me ſçauront gré de ma franchiſe.

1154 1833 3788 1982 I’ay eſté nourri aux lettres dés mon enfance, & pour¬

1022 1983 3792 2130 ce qu’on me perſuadoit que par leur moyen on pouuoit

1013 2131 3793 2278 acquerir vne connoiſſance claire & aſſuree de tout ce qui

1027 2283 3791 2424 eſt vtile a la vie, i’auois vn extreme deſir de les appren¬

1028 2421 3791 2562 dre. Mais ſitoſt que i'eu acheué tout ce cours d’eſtudes,

1026 2569 3790 2712 au bout duquel on a couſtume d'eſtre receu au rang des

1028 2713 3798 2854 doctes, ie changay entierement d’opinion, car ie me

1025 2859 3802 2998 trouuois embaraſſé de tant de doutes & d’erreurs, qu’il

1021 3003 3795 3142 me ſembloit n’auoir fait autre profit en taſchant de m'in¬

1022 3157 3799 3294 struire; ſinon que i’auois découuert de plus en plus mon

1020 3307 3802 3452 ignorance. Et neanmoins i'eſtois en l’vne des plus cele¬

1024 3453 3798 3594 bres eſcholes de l’Europe, où ie penſois qu’il deuoit y

1023 3595 3798 3736 auoir de ſçauans hommes s'il y en auoit en aucun endroit

1021 3741 3799 3890 de la terre: I’y auois appris tout ce que les autres y ap¬

1018 3892 3791 4035 prenoient; & meſme ne m’eſtant pas contenté des scien¬

1020 4043 3792 4182 ces qu’on nous enſeignoit, i’auois parcouru tous les ſcien¬

1018 4187 3794 4332 ces, traitans de celles qu'on eſtime les plus curieuſes &

1013 4333 3786 4476 les plus rares, qui auoient pû tomber entre mes mains:

1017 4477 3789 4626 Auec cela ie ſçauois les iugemens que les autres faiſo¬

1010 4629 3787 4772 ient de moy; & ie ne voyois point qu’on m'eſtimaſt infe¬

1010 4785 3790 4932 rieur a mes condiſciples, bienqu’il y en euſt deſia entre

3612 4967 3790 5034 eux
