4267 5796
1188 336 3182 456 De La Methode. 9

422 486 3194 628 Poëſie: Mais ie penſois que l’vne & l’autre eſtoient des

419 634 3174 776 dons de l’eſprit, plutoſt que des fruits de l’eſtude. Ceux

415 782 3177 928 qui ont le raiſonnement le plus fort, & qui digerent le

413 926 3179 1066 mieux leurs penſées affin de les rendre claires & intelli¬

416 1076 3181 1220 gibles, peuuent toujours le mieux perſuader ce qu’ils

410 1226 3176 1372 propoſent, encore qu’ils ne parlaſſent que bas Breton, &

414 1370 3172 1522 qu’ils n’euſſent jamais apris de Rhetorique : Et ceux qui

413 1510 3174 1652 ont les inuentions les plus agreables & qui les ſçauent

419 1660 3167 1812 exprimer auec le plus d’ornement & de douceur ne lair¬

415 1814 3165 1952 roient pas d'eſtre les meilleurs Poëtes, encore que l’art

408 1950 1727 2087 Poëtique leur fuſt inconnu.

534 2094 3172 2244 Ie me plaiſois ſur tout aux Mathematiques, a cauſe de

406 2252 3166 2382 la certitude & de l’euidence de leurs raiſons, mais ie ne

405 2394 3168 2544 remarquois point encore leur vray vſage, & penſant

403 2540 3167 2692 qu'elles ne ſeruoient qu’aux arts Mechaniques, ie m’eſ¬

399 2690 3161 2842 tonnois de ce que leurs fondemens eſtans ſi fermes & ſi

394 2844 3165 2996 ſolides, on n’auoit rien baſti deſſus de plus releué. Com¬

400 3002 3162 3148 me au contraire ie comparois les eſcris des anciens

394 3146 3154 3296 payens qui traitent des meurs, à des palais fort ſuperbes,

399 3292 3162 3440 & fort magnifiques, qui n’eſtoient baſtis que ſur du ſa¬

395 3440 3157 3580 ble, & ſur de la bovë; Ils eſleuent fort haut les vertus, &

395 3586 3159 3742 les font paroiſtre eſtimables par deſſus toutes des choſes

392 3740 3153 3892 qui ſont au monde, mais ils n’enſeignent pas aſſez a les

392 3886 3156 4036 connoiſtre, & ſouuent ce qu'ils appelent d’vn ſi beau

388 4028 3160 4184 nom n’eſt qu'vne inſenſibilité, ou vn orgueil, ou vn deſe¬

389 4178 1454 4310 ſpoir, ou vn parricide.

511 4324 3155 4478 Ie reuerois noſtre Theologie, & pretendois autant

393 4468 3159 4624 qu’aucun autre a gaigner le ciel; mais ayant apris com¬

390 4616 3153 4782 me choſe tres aſſurée, que le chemin n’en eſt pas moins

392 4782 3160 4928 ouuert aux plus ignorans qu’aux plus doctes, & que les

1940 4926 3166 5026 b veritez
