4267 5758
1088 364 2910 468 8 Discours.

1080 520 3858 664 ſciences apportent des honneurs & des richeſſes a ceux

1081 672 3864 814 qui les cultiuent; Et enfin qu'il eſt bon de les auoir tou¬

1083 824 3857 976 tes examinées, meſme les plus ſuperſtitieuſes & les plus

1087 974 3863 1124 fauſſes, affin de connoiſtre leur iuſte valeur, & ſe garder

1084 1126 1985 1258 d’en eſtre trompé.

1218 1263 3864 1406 Mais ie croyois auoir deſia donné aſſez de tems aux

1082 1416 3864 1564 langues; & meſme auſſy a la lecture des liures anciens, &

1089 1556 3864 1700 a leurs hiſtoires, & a leurs fables. Car c’eſt quaſi le meſ¬

1085 1704 3865 1852 me de conuerſer auec ceux des autres ſiecles, que de

1087 1858 3867 1996 voyager. Il eſt bon de ſçauoir quelque choſe des meurs

1085 2006 3865 2156 de diuers peuples, affin de iuger des noſtres plus saine¬

1086 2152 3861 2304 ment, & que nous ne penſions pas que tout ce qui eſt

1086 2298 3864 2440 contre nos modes ſoit ridicule, & contre raiſon; ainſi

1088 2444 3858 2590 qu'ont couſtume de faire ceux qui n’ont rien vû: Mais

1083 2586 3854 2732 lorſqu'on employe trop de tems a voyaſger on deuient

1085 2734 3857 2882 enfin eſtranger en ſon païs; & lorſqu'on eſt trop curieux

1079 2880 3851 3028 des choſes qui ſe pratiquoient aux ſiecles paſſez, on de¬

1082 3030 3857 3172 meure ordinairement fort ignorant de celles qui ſe pra¬

1078 3172 3854 3318 tiquent en cetuycy. Outre que les fables font imaginer

1082 3322 3856 3462 pluſieurs euenemens comme poſſibles qui ne le ſont

1079 3476 3856 3616 point; Et que meſme les hiſtoires les plus fideles, ſi elles

1075 3618 3851 3764 ne changent ny n’augment la valeur des choſes pour les

1075 3766 3853 3910 rendre plus dignes d’eſtre leuës, au moins en omettent

1077 3904 3853 4056 elles preſque touſiours les plus baſſes & moins illuſtres

1078 4060 3847 4202 circonſtances, d’où vient que le reſte ne paroiſt pas tel

1076 4208 3844 4358 qu’il eſt, & que ceux qui reglent leurs meurs par les

1074 4358 3844 4496 exemples qu’ils en tirent, ſont ſuiets a tomber dans les

1077 4512 3840 4652 extrauagances des Paladins de nos romans, & a conce¬

1075 4654 3075 4796 uoir des deſſeins qui passent leurs forces.

1191 4799 3843 4946 I’eſtimois fort l’Eloquence; & i'eſtois amoureux de la

3484 4961 3837 5062 Poëſie:
