4267 5758
1054 329 2832 441 12 DISCOURS

1038 487 3050 593 & marcher auec aſſurance en cete vie.

1160 632 3830 775 Il eſt vray que pendant que ie ne faiſois que conſide¬

1032 782 3818 925 rer les meurs des autres hommes, ie n'y trouuois gueres

1034 934 3831 1067 dequoy m’aſſurer; & que i’y remarquois quaſi autant de

1037 1068 3827 1217 diuerſité que i’auois fait auparauant entre les opinions

1035 1224 3823 1377 des Philoſophos. En ſorte que le plus grand profit que

1033 1376 3823 1513 i’en retirois, eſtoit que voyant pluſieurs choſes, qui bien¬

1037 1512 3827 1655 qu’elles nous ſemblent fort extrauagantes & ridicules,

1033 1670 3822 1811 ne laiſſent pas d’eſtre communement receuës & approu¬

1036 1814 3822 1951 uées par d'autres grans peuples, i'apprenois a ne rien

1036 1958 3824 2101 croire trop fermement de ce qui ne m'auoit eſté perſua¬

1036 2106 3822 2247 dé que par l’exemple & par la couſtume: Et ainſi ie me

1038 2252 3814 2389 deliurois peu a peu de beaucoup d’erreurs, qui peuuent

1038 2394 3821 2539 offuſquer noſtre lumiere naturelle, & nous rendre moins

1039 2544 3823 2681 capables d’entendre raiſon. Mais aprés que i’eu employé

1041 2692 3801 2843 quelques années a eſtudier ainſi dans le liure du monde,

1043 2844 3817 2981 & a taſcher d’acquerir quelque experience, ie pris vn

1039 2986 3819 3121 iour reſolution d’eſtudier auſſy en moymeſme, & d’em¬

1037 3130 3814 3285 ployer toutes les forces de mon eſprit a choyſir les che¬

1036 3270 3818 3413 mins que ie deuois ſuiure. Ce qui me reuſſit beaucoup

1038 3412 3806 3555 mieux, ce me ſemble, que ſi ie ne me fuſſe iamais eſloi¬

1034 3565 2926 3707 gné, ny de mon païs, ny de mes liures.

1087 3708 3812 3846 I’étois alors en Allemaigne ou l’occaſion des guerres

1032 3858 3814 4016 qui n'y ſont pas encore finies m’auoit appelé, & comme

1040 4006 3817 4137 ie retournois du couronnement de l’Empereur vers l’ar¬

1047 4152 3815 4287 mée, le commencement de l’hyuer m’areſta en vn quar¬

1041 4300 3817 4435 tier ou ne trouuant aucune conuerſation qui me diuer¬

1039 4450 3815 4585 tiſt, & n’ayant d’ailleurs par bonheur aucuns ſoins ny

1039 4596 3819 4737 paſſions qui me troublaſſent, ie demeurois tout le iour

1033 4736 3814 4881 enfermé ſeul dans vn poëſle, ou i’auois tout loyſir de

677 3740 1004 3839 Secõde

641 3860 935 3969 partie.

3526 4902 3812 4966 m’en¬
