<?xml version="1.0" encoding="UTF-8"?>
<PcGts xmlns="http://schema.primaresearch.org/PAGE/gts/pagecontent/2013-07-15" xmlns:xsi="http://www.w3.org/2001/XMLSchema-instance" xmlns:xs="http://www.w3.org/2001/XMLSchema" xmlns:pr="http://schema.primaresearch.org/PAGE/gts/pagecontent/2013-07-15" xsi:schemaLocation="http://schema.primaresearch.org/PAGE/gts/pagecontent/2013-07-15 http://schema.primaresearch.org/PAGE/gts/pagecontent/2013-07-15/pagecontent.xsd">
  <Metadata>
        <Creator/>
        <Created>2018-12-20T19:43:51.813+01:00</Created>
        <LastChange>2019-06-02T20:26:39.879+02:00</LastChange>
        <Comments>
                Measurement unit: pixel
                PrimaryLanguage: English
                Language: FrenchStandard
                Producer: ABBYY FineReader Engine 11</Comments>
        <TranskribusMetadata docId="149278" pageId="5549118" pageNr="10" tsid="10740293" status="DONE" userId="10612" imgUrl="https://files.transkribus.eu/Get?id=VWIXNNTDHIQUANNTKAVFAHTF&amp;fileType=view" xmlUrl="https://files.transkribus.eu/Get?id=LPJZQKNXPRKFMZNODMQLGDKV" imageId="2074357"/>
    </Metadata>
  <Page imageFilename="Descartes1637_Discours_btv1b86069594_corrected_0010.png" imageWidth="4267" imageHeight="5758">
    <PrintSpace>
            <Coords points="0,68 4264,68 4264,5758 0,5758"/>
        </PrintSpace>
    <ReadingOrder>
            <OrderedGroup id="ro_1604219704039" caption="Regions reading order">
                <RegionRefIndexed index="0" regionRef="r_1_1"/>
                <RegionRefIndexed index="1" regionRef="r_1_2"/>
                <RegionRefIndexed index="2" regionRef="r_1_3"/>
                <RegionRefIndexed index="3" regionRef="r_1_4"/>
            </OrderedGroup>
        </ReadingOrder>
    <TextRegion type="paragraph" id="r_1_1" custom="readingOrder {index:0;}">
      <Coords points="969,378 2750,378 2750,520 969,520"/>
      <TextLine id="tl_1" primaryLanguage="English" custom="structure {type:default;} readingOrder {index:0;}">
        <Coords points="970,379 2749,379 2749,519 970,519"/>
        <Baseline points="970,519 1033,519 2749,465"/>
        <Word id="w_w2aab1b1b2b1b1ab1">
          <Coords points="970,379 2749,379 2749,519 970,519"/>
          <TextEquiv>
            <Unicode>4 Discours</Unicode>
          </TextEquiv>
          <TextStyle fontFamily="Times New Roman" fontSize="7.5" bold="true"/>
        </Word>
      </TextLine>
    </TextRegion>
    <TextRegion type="paragraph" id="r_1_2" custom="readingOrder {index:1;}">
      <Coords points="966,519 3782,519 3782,1878 966,1878"/>
      <TextLine id="tl_2" primaryLanguage="English" custom="structure {type:default;} readingOrder {index:0;}">
        <Coords points="975,520 3769,520 3769,679 975,679"/>
        <Baseline points="976,657 1313,672 1576,643 2110,636 2290,634 2444,630 2680,628 2954,627 3546,623 3768,624"/>
        <Word id="w_w2aab1b1b2b3b1ab1">
          <Coords points="975,520 3769,520 3769,679 975,679"/>
          <TextEquiv>
            <Unicode>autres, mais ſeulement de ce que nous conduiſons nos</Unicode>
          </TextEquiv>
          <TextStyle fontFamily="Times New Roman" fontSize="8.0"/>
        </Word>
      </TextLine>
      <TextLine id="tl_3" primaryLanguage="English" custom="structure {type:default;} readingOrder {index:1;}">
        <Coords points="967,664 3774,664 3774,841 967,841"/>
        <Baseline points="967,841 1342,797 1534,791 1960,785 2412,783 2554,777 3166,769 3348,769 3508,771 3774,752"/>
        <Word id="w_w2aab1b1b2b3b3ab1">
          <Coords points="967,664 3774,664 3774,841 967,841"/>
          <TextEquiv>
            <Unicode>penſées par diuerſes voyes, &amp; ne conſiderons pas les meſ¬</Unicode>
          </TextEquiv>
          <TextStyle fontFamily="Times New Roman" fontSize="8.0"/>
        </Word>
      </TextLine>
      <TextLine id="tl_4" primaryLanguage="English" custom="structure {type:default;} readingOrder {index:2;}">
        <Coords points="968,818 3754,818 3754,977 968,977"/>
        <Baseline points="969,953 1553,941 1827,932 1987,935 2255,932 2451,930 2733,923 3127,919 3499,919 3754,938"/>
        <Word id="w_w2aab1b1b2b3b5ab1">
          <Coords points="968,818 3754,818 3754,977 968,977"/>
          <TextEquiv>
            <Unicode>mes choſes. Car ce n’eſt pas aſſez d’auoir l’eſprit bon,</Unicode>
          </TextEquiv>
          <TextStyle fontFamily="Times New Roman" fontSize="8.0"/>
        </Word>
      </TextLine>
      <TextLine id="tl_5" primaryLanguage="English" custom="structure {type:default;} readingOrder {index:3;}">
        <Coords points="970,962 3771,962 3771,1131 970,1131"/>
        <Baseline points="970,1099 1201,1093 1315,1092 1785,1081 1939,1082 2083,1080 2661,1070 2925,1067 3131,1067 3353,1065 3771,1080"/>
        <Word id="w_w2aab1b1b2b3b7ab1">
          <Coords points="970,962 3771,962 3771,1131 970,1131"/>
          <TextEquiv>
            <Unicode>mais le principal eſt de l’appliquer bien. Les plus grandes</Unicode>
          </TextEquiv>
          <TextStyle fontFamily="Times New Roman" fontSize="8.0"/>
        </Word>
      </TextLine>
      <TextLine id="tl_6" primaryLanguage="English" custom="structure {type:default;} readingOrder {index:4;}">
        <Coords points="972,1114 3777,1114 3777,1277 972,1277"/>
        <Baseline points="972,1251 1223,1243 1453,1242 1902,1232 2088,1226 2320,1227 2616,1222 2967,1243 3269,1252 3530,1213 3776,1215"/>
        <Word id="w_w2aab1b1b2b3b9ab1">
          <Coords points="972,1114 3777,1114 3777,1277 972,1277"/>
          <TextEquiv>
            <Unicode>ames ſont capables des plus grans vices, auſſy bien que</Unicode>
          </TextEquiv>
          <TextStyle fontFamily="Times New Roman" fontSize="8.0"/>
        </Word>
      </TextLine>
      <TextLine id="tl_7" primaryLanguage="English" custom="structure {type:default;} readingOrder {index:5;}">
        <Coords points="979,1270 3772,1270 3772,1437 979,1437"/>
        <Baseline points="979,1403 1362,1399 1780,1393 2166,1381 2330,1379 2612,1377 2822,1372 2990,1375 3530,1373 3772,1371"/>
        <Word id="w_w2aab1b1b2b3c11ab1">
          <Coords points="979,1270 3772,1270 3772,1437 979,1437"/>
          <TextEquiv>
            <Unicode>des plus grandes vertus: Et ceux qui ne marchent que</Unicode>
          </TextEquiv>
          <TextStyle fontFamily="Times New Roman" fontSize="8.0"/>
        </Word>
      </TextLine>
      <TextLine id="tl_8" primaryLanguage="English" custom="structure {type:default;} readingOrder {index:6;}">
        <Coords points="985,1416 3770,1416 3770,1577 985,1577"/>
        <Baseline points="985,1551 1176,1547 1752,1535 2194,1525 2629,1518 3164,1551 3770,1538"/>
        <Word id="w_w2aab1b1b2b3c13ab1">
          <Coords points="985,1416 3770,1416 3770,1577 985,1577"/>
          <TextEquiv>
            <Unicode>fort lentement peuuent auancer beaucoup d’auantage,</Unicode>
          </TextEquiv>
          <TextStyle fontFamily="Times New Roman" fontSize="8.0"/>
        </Word>
      </TextLine>
      <TextLine id="tl_9" primaryLanguage="English" custom="structure {type:default;} readingOrder {index:7;}">
        <Coords points="986,1562 3781,1562 3781,1725 986,1725"/>
        <Baseline points="987,1697 1167,1693 1561,1685 2041,1676 2159,1675 2441,1672 2877,1692 3115,1665 3281,1668 3513,1667 3781,1665"/>
        <Word id="w_w2aab1b1b2b3c15ab1">
          <Coords points="986,1562 3781,1562 3781,1725 986,1725"/>
          <TextEquiv>
            <Unicode>s’ils ſuiuent touſiours le droit chemin, que ne font ceux</Unicode>
          </TextEquiv>
          <TextStyle fontFamily="Times New Roman" fontSize="8.0"/>
        </Word>
      </TextLine>
      <TextLine id="tl_10" primaryLanguage="English" custom="structure {type:default;} readingOrder {index:8;}">
        <Coords points="988,1717 2729,1717 2729,1877 988,1877"/>
        <Baseline points="988,1877 1147,1831 1595,1849 1745,1828 1941,1817 2005,1819 2155,1815 2728,1807"/>
        <Word id="w_w2aab1b1b2b3c17ab1">
          <Coords points="988,1717 2729,1717 2729,1877 988,1877"/>
          <TextEquiv>
            <Unicode>qui courent, &amp; qui s'en eſloignent.</Unicode>
          </TextEquiv>
          <TextStyle fontFamily="Times New Roman" fontSize="8.0"/>
        </Word>
      </TextLine>
    </TextRegion>
    <TextRegion type="paragraph" id="r_1_3" custom="readingOrder {index:2;}">
      <Coords points="968,1847 3806,1847 3806,3924 968,3924"/>
      <TextLine id="tl_11" primaryLanguage="English" custom="structure {type:default;} readingOrder {index:0;}">
        <Coords points="1123,1848 3782,1848 3782,2019 1123,2019"/>
        <Baseline points="1123,1987 1370,1981 1629,2015 1750,1977 1978,2005 2324,1965 2766,1961 2974,1957 3256,1952 3558,1953 3782,1952"/>
        <Word id="w_w2aab1b1b2b5b1ab1">
          <Coords points="1123,1848 3782,1848 3782,2019 1123,2019"/>
          <TextEquiv>
            <Unicode>Pour moy ie n'ay iamais preſumé que mon eſprit fuſt</Unicode>
          </TextEquiv>
          <TextStyle fontFamily="Times New Roman" fontSize="8.0"/>
        </Word>
      </TextLine>
      <TextLine id="tl_12" primaryLanguage="English" custom="structure {type:default;} readingOrder {index:1;}">
        <Coords points="989,2000 3786,2000 3786,2169 989,2169"/>
        <Baseline points="989,2135 1110,2134 1332,2130 1556,2127 1906,2118 2144,2113 2430,2110 2606,2107 3102,2106 3152,2107 3568,2103 3786,2135"/>
        <Word id="w_w2aab1b1b2b5b3ab1">
          <Coords points="989,2000 3786,2000 3786,2169 989,2169"/>
          <TextEquiv>
            <Unicode>en rien plus parfait que ceux du commun: meſme i’ay</Unicode>
          </TextEquiv>
          <TextStyle fontFamily="Times New Roman" fontSize="8.0"/>
        </Word>
      </TextLine>
      <TextLine id="tl_13" primaryLanguage="English" custom="structure {type:default;} readingOrder {index:2;}">
        <Coords points="994,2142 3789,2142 3789,2303 994,2303"/>
        <Baseline points="994,2279 1387,2275 1857,2204 2241,2252 2369,2251 2735,2249 3031,2280 3511,2239 3581,2264 3789,2238"/>
        <Word id="w_w2aab1b1b2b5b5ab1">
          <Coords points="994,2142 3789,2142 3789,2303 994,2303"/>
          <TextEquiv>
            <Unicode>ſouuent ſouhaité d’auoir la penſee auſſy prompte, ou</Unicode>
          </TextEquiv>
          <TextStyle fontFamily="Times New Roman" fontSize="8.0"/>
        </Word>
      </TextLine>
      <TextLine id="tl_14" primaryLanguage="English" custom="structure {type:default;} readingOrder {index:3;}">
        <Coords points="1002,2288 3793,2288 3793,2459 1002,2459"/>
        <Baseline points="1002,2427 1677,2412 1955,2441 2241,2404 2359,2406 2843,2420 2989,2395 3101,2394 3578,2387 3792,2376"/>
        <Word id="w_w2aab1b1b2b5b7ab1">
          <Coords points="1002,2288 3793,2288 3793,2459 1002,2459"/>
          <TextEquiv>
            <Unicode>l’imagination auſſy nette &amp; diſtincte, ou la memoire auſ¬</Unicode>
          </TextEquiv>
          <TextStyle fontFamily="Times New Roman" fontSize="8.0"/>
        </Word>
      </TextLine>
      <TextLine id="tl_15" primaryLanguage="English" custom="structure {type:default;} readingOrder {index:4;}">
        <Coords points="995,2436 3800,2436 3800,2603 995,2603"/>
        <Baseline points="995,2569 1097,2602 1882,2586 2320,2546 2588,2543 3064,2538 3448,2534 3800,2530"/>
        <Word id="w_w2aab1b1b2b5b9ab1">
          <Coords points="995,2436 3800,2436 3800,2603 995,2603"/>
          <TextEquiv>
            <Unicode>ſy ample, ou auſſy preſente, que quelques autres. Et ie</Unicode>
          </TextEquiv>
          <TextStyle fontFamily="Times New Roman" fontSize="8.0"/>
        </Word>
      </TextLine>
      <TextLine id="tl_16" primaryLanguage="English" custom="structure {type:default;} readingOrder {index:5;}">
        <Coords points="1003,2578 3782,2578 3782,2749 1003,2749"/>
        <Baseline points="1003,2711 1120,2714 1472,2706 1770,2701 1918,2698 2348,2689 2554,2689 2864,2688 3209,2680 3598,2680 3675,2678 3782,2678"/>
        <Word id="w_w2aab1b1b2b5c11ab1">
          <Coords points="1003,2578 3782,2578 3782,2749 1003,2749"/>
          <TextEquiv>
            <Unicode>ne ſçache point de qualitez que celles cy, qui ſeruent a la</Unicode>
          </TextEquiv>
          <TextStyle fontFamily="Times New Roman" fontSize="8.0"/>
        </Word>
      </TextLine>
      <TextLine id="tl_17" primaryLanguage="English" custom="structure {type:default;} readingOrder {index:6;}">
        <Coords points="1010,2722 3801,2722 3801,2893 1010,2893"/>
        <Baseline points="1011,2893 1537,2850 1685,2848 2077,2840 2261,2836 2515,2833 2623,2834 2973,2855 3129,2827 3239,2826 3515,2847 3801,2804"/>
        <Word id="w_w2aab1b1b2b5c13ab1">
          <Coords points="1010,2722 3801,2722 3801,2893 1010,2893"/>
          <TextEquiv>
            <Unicode>perfection de l’eſprit: car pour la raiſon, ou le ſens, d’au¬</Unicode>
          </TextEquiv>
          <TextStyle fontFamily="Times New Roman" fontSize="8.0"/>
        </Word>
      </TextLine>
      <TextLine id="tl_18" primaryLanguage="English" custom="structure {type:default;} readingOrder {index:7;}">
        <Coords points="1018,2868 3791,2868 3791,3033 1018,3033"/>
        <Baseline points="1018,3001 1215,2999 1585,2991 1741,2990 1853,2986 2121,2982 2427,2979 2613,2978 2863,2980 3137,2975 3643,2990 3791,2975"/>
        <Word id="w_w2aab1b1b2b5c15ab1">
          <Coords points="1018,2868 3791,2868 3791,3033 1018,3033"/>
          <TextEquiv>
            <Unicode>tant qu’elle eſt la ſeule choſe qui nous rend hommes, &amp;</Unicode>
          </TextEquiv>
          <TextStyle fontFamily="Times New Roman" fontSize="8.0"/>
        </Word>
      </TextLine>
      <TextLine id="tl_19" primaryLanguage="English" custom="structure {type:default;} readingOrder {index:8;}">
        <Coords points="1009,3020 3792,3020 3792,3183 1009,3183"/>
        <Baseline points="1010,3147 1244,3145 1724,3138 1918,3136 2250,3132 2402,3131 2606,3129 2664,3128 3026,3126 3390,3121 3548,3123 3792,3106"/>
        <Word id="w_w2aab1b1b2b5c17ab1">
          <Coords points="1009,3020 3792,3020 3792,3183 1009,3183"/>
          <TextEquiv>
            <Unicode>nous diſtingue des beſtes ie veux croyre qu’elle eſt tou¬</Unicode>
          </TextEquiv>
          <TextStyle fontFamily="Times New Roman" fontSize="8.0"/>
        </Word>
      </TextLine>
      <TextLine id="tl_20" primaryLanguage="English" custom="structure {type:default;} readingOrder {index:9;}">
        <Coords points="1009,3162 3798,3162 3798,3327 1009,3327"/>
        <Baseline points="1009,3299 1106,3294 1504,3286 1668,3282 1850,3281 2220,3273 2372,3297 2556,3282 2894,3274 3328,3303 3798,3268"/>
        <Word id="w_w2aab1b1b2b5c19ab1">
          <Coords points="1009,3162 3798,3162 3798,3327 1009,3327"/>
          <TextEquiv>
            <Unicode>te entiere en vn chaſcun; &amp; ſuiure en cecy l’opinion</Unicode>
          </TextEquiv>
        </Word>
      </TextLine>
      <TextLine id="tl_21" primaryLanguage="English" custom="structure {type:default;} readingOrder {index:10;}">
        <Coords points="1012,3312 3801,3312 3801,3481 1012,3481"/>
        <Baseline points="1013,3447 1527,3436 1777,3427 2419,3426 2513,3451 2747,3423 3089,3426 3353,3419 3543,3453 3629,3418 3801,3416"/>
        <Word id="w_w2aab1b1b2b5c21ab1">
          <Coords points="1012,3312 3801,3312 3801,3481 1012,3481"/>
          <TextEquiv>
            <Unicode>commune des Philoſophes, qui diſent qu’il n'y a du</Unicode>
          </TextEquiv>
          <TextStyle fontFamily="Times New Roman" fontSize="8.0"/>
        </Word>
      </TextLine>
      <TextLine id="tl_22" primaryLanguage="English" custom="structure {type:default;} readingOrder {index:11;}">
        <Coords points="1012,3466 3805,3466 3805,3631 1012,3631"/>
        <Baseline points="1012,3631 1215,3589 1345,3594 1517,3584 1873,3580 2363,3577 2435,3574 2649,3576 3055,3594 3223,3575 3475,3566 3805,3564"/>
        <Word id="w_w2aab1b1b2b5c23ab1">
          <Coords points="1012,3466 3805,3466 3805,3631 1012,3631"/>
          <TextEquiv>
            <Unicode>plus &amp; du moins qu’entre les accidens, &amp; non point</Unicode>
          </TextEquiv>
        </Word>
      </TextLine>
      <TextLine id="tl_23" primaryLanguage="English" custom="structure {type:default;} readingOrder {index:12;}">
        <Coords points="1019,3614 3802,3614 3802,3767 1019,3767"/>
        <Baseline points="1020,3739 1282,3736 1360,3731 1575,3762 1984,3725 2412,3721 2530,3724 2716,3719 3408,3710 3802,3706"/>
        <Word id="w_w2aab1b1b2b5c25ab1">
          <Coords points="1019,3614 3802,3614 3802,3767 1019,3767"/>
          <TextEquiv>
            <Unicode>entre les formes ou natures des indiuidus d’vne meſme</Unicode>
          </TextEquiv>
        </Word>
      </TextLine>
      <TextLine id="tl_24" primaryLanguage="English" custom="structure {type:default;} readingOrder {index:13;}">
        <Coords points="969,3791 1404,3791 1404,3923 969,3923"/>
        <Baseline points="969,3887 1358,3879"/>
        <Word id="w_w2aab1b1b2b5c27ab1">
          <Coords points="969,3791 1404,3791 1404,3923 969,3923"/>
          <TextEquiv>
            <Unicode>eſpece.</Unicode>
          </TextEquiv>
          <TextStyle fontFamily="Times New Roman" fontSize="8.5" italic="true"/>
        </Word>
      </TextLine>
    </TextRegion>
    <TextRegion type="paragraph" id="r_1_4" custom="readingOrder {index:3;}">
      <Coords points="1021,3905 3821,3905 3821,5048 1021,5048"/>
      <TextLine id="tl_25" primaryLanguage="English" custom="structure {type:default;} readingOrder {index:0;}">
        <Coords points="1150,3906 3802,3906 3802,4067 1150,4067"/>
        <Baseline points="1150,4031 1389,4029 1501,4028 1643,4027 2154,4058 2337,4019 2481,4020 2709,4016 2953,4013 3065,4010 3359,4007 3661,4002 3801,4004"/>
        <Word id="w_w2aab1b1b2b7b1ab1">
          <Coords points="1150,3906 3802,3906 3802,4067 1150,4067"/>
          <TextEquiv>
            <Unicode>Mais ie ne craindray pas de dire que ie penſe auoir eu</Unicode>
          </TextEquiv>
          <TextStyle fontFamily="Times New Roman" fontSize="8.0"/>
        </Word>
      </TextLine>
      <TextLine id="tl_26" primaryLanguage="English" custom="structure {type:default;} readingOrder {index:1;}">
        <Coords points="1022,4056 3807,4056 3807,4215 1022,4215"/>
        <Baseline points="1022,4185 1511,4210 1897,4194 2049,4168 2431,4167 2947,4163 3161,4161 3361,4157 3807,4154"/>
        <Word id="w_w2aab1b1b2b7b3ab1">
          <Coords points="1022,4056 3807,4056 3807,4215 1022,4215"/>
          <TextEquiv>
            <Unicode>beaucoup d’heur, de m’eſtre rencontré dés ma ieuneſſe</Unicode>
          </TextEquiv>
          <TextStyle fontFamily="Times New Roman" fontSize="8.0"/>
        </Word>
      </TextLine>
      <TextLine id="tl_27" primaryLanguage="English" custom="structure {type:default;} readingOrder {index:2;}">
        <Coords points="1025,4204 3813,4204 3813,4368 1025,4368"/>
        <Baseline points="1026,4340 1142,4336 1564,4329 2049,4346 2252,4318 2576,4319 2992,4311 3072,4308 3256,4310 3812,4286"/>
        <Word id="w_w2aab1b1b2b7b5ab1">
          <Coords points="1025,4204 3813,4204 3813,4368 1025,4368"/>
          <TextEquiv>
            <Unicode>en certains chemins, qui m’ont conduit à des conſidera¬</Unicode>
          </TextEquiv>
          <TextStyle fontFamily="Times New Roman" fontSize="8.0"/>
        </Word>
      </TextLine>
      <TextLine id="tl_28" primaryLanguage="English" custom="structure {type:default;} readingOrder {index:3;}">
        <Coords points="1023,4348 3810,4348 3810,4513 1023,4513"/>
        <Baseline points="1023,4485 1272,4478 1394,4482 1604,4471 2114,4490 2374,4463 2570,4497 2901,4393 3090,4454 3614,4472 3810,4446"/>
        <Word id="w_w2aab1b1b2b7b7ab1">
          <Coords points="1023,4348 3810,4348 3810,4513 1023,4513"/>
          <TextEquiv>
            <Unicode>tions &amp; des maximes, dont i’ay formé vne Methode, par</Unicode>
          </TextEquiv>
          <TextStyle fontFamily="Times New Roman" fontSize="8.0"/>
        </Word>
      </TextLine>
      <TextLine id="tl_29" primaryLanguage="English" custom="structure {type:default;} readingOrder {index:4;}">
        <Coords points="1030,4496 3814,4496 3814,4660 1030,4660"/>
        <Baseline points="1030,4622 1429,4623 1513,4618 1695,4618 2093,4612 2325,4612 2556,4639 2929,4601 3609,4590 3813,4590"/>
        <Word id="w_w2aab1b1b2b7b9ab1">
          <Coords points="1030,4496 3814,4496 3814,4660 1030,4660"/>
          <TextEquiv>
            <Unicode>laquelle il me ſemble que i’ay moyen d'augmenter par</Unicode>
          </TextEquiv>
          <TextStyle fontFamily="Times New Roman" fontSize="8.0"/>
        </Word>
      </TextLine>
      <TextLine id="tl_30" primaryLanguage="English" custom="structure {type:default;} readingOrder {index:5;}">
        <Coords points="1034,4648 3813,4648 3813,4810 1034,4810"/>
        <Baseline points="1034,4774 2375,4765 3167,4747 3253,4748 3453,4744 3587,4741 3813,4740"/>
        <Word id="w_w2aab1b1b2b7c11ab1">
          <Coords points="1034,4648 3813,4648 3813,4810 1034,4810"/>
          <TextEquiv>
            <Unicode>degrez ma connoiſſance, &amp; de l’eſleuer peu a peu au plus</Unicode>
          </TextEquiv>
          <TextStyle fontFamily="Times New Roman" fontSize="8.0"/>
        </Word>
      </TextLine>
      <TextLine id="tl_31" primaryLanguage="English" custom="structure {type:default;} readingOrder {index:6;}">
        <Coords points="1035,4794 3819,4794 3819,4958 1035,4958"/>
        <Baseline points="1036,4922 1257,4921 1918,4910 2024,4911 2608,4907 2752,4903 2998,4899 3298,4897 3418,4901 3526,4893 3818,4868"/>
        <Word id="w_w2aab1b1b2b7c13ab1">
          <Coords points="1035,4794 3819,4794 3819,4958 1035,4958"/>
          <TextEquiv>
            <Unicode>haut point, auquel la mediocrité de mon eſprit &amp; la cour¬</Unicode>
          </TextEquiv>
          <TextStyle fontFamily="Times New Roman" fontSize="8.0"/>
        </Word>
      </TextLine>
      <TextLine id="tl_32" primaryLanguage="English" custom="structure {type:default;} readingOrder {index:7;}">
        <Coords points="3505,4946 3820,4946 3820,5047 3505,5047"/>
        <Baseline points="3505,5045 3606,5044 3820,5022"/>
        <Word id="w_w2aab1b1b2b7c15ab1">
          <Coords points="3505,4946 3820,4946 3820,5047 3505,5047"/>
          <TextEquiv>
            <Unicode>te du.</Unicode>
          </TextEquiv>
          <TextStyle fontFamily="Times New Roman" fontSize="8.0"/>
        </Word>
      </TextLine>
    </TextRegion>
    <SeparatorRegion id="r_2" custom="readingOrder {index:4;}">
            <Coords points="3550,68 3890,68 3890,87 3550,87"/>
        </SeparatorRegion>
    <SeparatorRegion id="r_3" custom="readingOrder {index:5;}">
            <Coords points="0,5745 2244,5745 2244,5758 0,5758"/>
        </SeparatorRegion>
    <SeparatorRegion id="r_4" custom="readingOrder {index:6;}">
            <Coords points="2244,5745 4264,5745 4264,5758 2244,5758"/>
        </SeparatorRegion>
    <SeparatorRegion id="r_5" custom="readingOrder {index:7;}">
            <Coords points="72,743 81,743 81,835 72,835"/>
        </SeparatorRegion>
    <SeparatorRegion id="r_6" custom="readingOrder {index:8;}">
            <Coords points="4198,2013 4213,2013 4213,2333 4198,2333"/>
        </SeparatorRegion>
  </Page>
</PcGts>
