4267 5767
1266 343 3269 492 De La Méthode, 5

499 490 3265 668 te durée de ma vie luy pourront permettre d’atteindre.

496 634 3266 814 Car i'en ay deſia receuilly de tels fruits, qu’encore

490 778 3266 968 qu’aux iugemens que ie fais de moymeſme, ie taſche

477 927 3253 1104 touſiours de pencher vers le coſté de la defiance, plutoſt

479 1073 3249 1268 que vers celuy de la preſomption; & que regardant d’vn

477 1211 3244 1396 œil de Philoſophe les diuerſes actions & entrepriſes de

472 1363 3246 1542 tous les hommes, il n’y en ait quaſi aucune qui ne me

474 1513 3243 1690 ſemble vaine & inutile, Ie ne laiſſe pas de receuoir vne

477 1652 3241 1834 extreme ſatiſfaction du progrés que ie penſe auoir deſia

467 1795 3235 1962 fait en la recherche de la verité, & de conceuoir de telles

458 1945 3234 2122 eſperances pour l’auenir, que ſi entre les occupations des

458 2089 3240 2270 hommes, purement hommes, il y en a quelqu'vne qui

453 2243 3227 2424 ſoit ſolidement bonne & importante, i'oſe croyre que

453 2395 1699 2548 c’eſt celle que iay choiſie.

572 2533 3232 2718 Toutefois il ſe peut faire que ie me trompe. & ce n’eſt

442 2681 3220 2868 peuteſtre qu’vn peu de cuiure & de verre que ie prens

435 2833 3213 3012 pour de l’or & des diamans. Ie ſcay combien nous ſom¬

435 2979 3221 3162 mes ſuiets a nous méprendre en ce qui nous touche; &

434 3133 3218 3318 combien auſſy les iugemens de nos amis nous doiuent

434 3285 3212 3466 eſtre ſuſpects, lorſqu'ils ſont en noſtre faueur. Mais ie

429 3417 3203 3618 ſeray bien ayſe de faire voir en ce diſcours quels ſont les

429 3575 3207 3768 chemins que iay ſuiuis, & d’y repreſenter ma vie com¬

426 3733 3200 3920 me en vn tableau, affin que chaſcun en puiſſe iuger, &

424 3887 3203 4072 qu’apprenant du bruit commun les opinions qu’on en

421 4031 3201 4224 aura, ce ſoit vn nouueau moyen de m'inſtruire, que i’ad¬

423 4185 2825 4363 iouſteray a ceux dont i’ay couſtume de me ſeruir.

534 4333 3198 4524 Ainſi mon deſſein n’eſt pas d’enſeigner icy la Metho¬

414 4471 3192 4663 de que chaſcun doit ſuiure pour bien conduire ſa raison:

417 4625 3213 4818 mais ſeulement de faire voir en quelle forte i’ay taſché

413 4767 3199 4968 de conduire la miene. Ceux qui ſe meſlent de donner

2074 4969 3190 5118 a 5 des
