4267 5758
1089 358 2865 467 10 Discours.

1084 512 3868 655 veritez reuelées qui y conduiſent, ſont au deſſus de no¬

1078 656 3867 801 ſtre intelligence, ie n’euſſe oſe les ſoumettre à la foibleſ¬

1077 806 3863 953 ſe de mes raiſonnemens, & ie penſois que pour entre¬

1075 958 3860 1107 prendre de les examiner, & y reuſſir, il eſtoit beſoin

1078 1096 3866 1241 d’auoir quelque extrordinaire aſſiſtence du ciel, &

1080 1256 2239 1389 d’eſtre plus qu’homme.

1207 1394 3861 1537 Ie ne diray rien de la Philoſophie, ſinon que voyant

1083 1532 3858 1685 qu’elle a eſté cultiuée par les plus excellens eſprits qui

1080 1682 3858 1825 ayent veſcu depuis pluſieurs ſiecles, & que neanmoins

1074 1832 3852 1974 il ne s'y trouue encore aucune choſe dont on ne diſpute,

1080 1970 3863 2117 & par conſequent qui ne ſoit douteuſe, ie n'auois point

1079 2114 3861 2257 aſſés de preſomption pour eſperer d'y rencontrer mieux

1083 2260 3862 2411 que les autres; Et que conſiderant combien il peut y

1078 2404 3860 2546 auoir de diuerſes opinions touchant vne meſme matie¬

1072 2556 3861 2704 re, qui ſoient ſouſtenuës par des gens doctes, sans qu’il y

1079 2696 3857 2846 en puiſſe auoir iamais plus d'vne ſeule qui ſoit vraye, ie

1077 2846 3858 2996 reputois preſque pour faux tout ce qui n'eſtoit que vray¬

1078 3004 1612 3100 ſemblable.

1190 3136 3861 3283 Puis pour les autres ſciences d’autant qu’elles emprun¬

1081 3286 3859 3434 tent leurs principes de la Philoſophie, ie iugeois qu’on

1075 3430 3858 3584 ne pouuoit auoir rien baſti qui fuſt ſolide, ſur des fonde¬

1078 3584 3854 3732 mens ſi peu fermes; Et ny l’honneur, ny le gain qu'elles

1076 3730 3857 3878 promettent, n’eſtoient ſuffiſans, pour me conuier à les

1079 3876 3861 4026 apprendre; Car ie ne me ſentois point, graces a Dieu, de

1079 4024 3860 4176 condition, qui m’obligeaſt a faire vn meſtier de la ſcien¬

1080 4180 3860 4336 ce, pour la ſoulagement de ma fortune; Et quoy que ie

1074 4324 3861 4476 ne fiſſe pas profeſſion de meſpriſer la gloire en Cynique,

1079 4476 3863 4618 ie faiſois neanmoins fort peu d'eſtat de celle que ie

1079 4622 3864 4768 n’eſperois point pouuoir acquerir qu’a faux titres. Et

1086 4766 3864 4916 enfin pour les manuuaiſes doctrines, ie penſois deſia con¬

3519 4899 3864 5000 noiſtre
