4267 5775
1230 350 2380 454 De La Methode.

3133 390 3238 485 13

471 500 3240 658 m’entretenir de mes penſées. Entre leſqu’elles l’vne des

462 650 3240 808 premieres, fut que ie m’auiſay de conſiderer, que ſou¬

460 804 3243 964 uent il n’y a pas tant de perfection dans les ouurages

453 946 3238 1094 compoſez de pluſieurs pieces, & faits de la main de di¬

454 1096 3189 1242 uers maiſtres, qu’en ceux auſquels vn ſeul a trauaillé.

449 1242 3225 1388 Ainſi voit on que les baſtimens qu’vn ſeul Architecte a

453 1384 3226 1532 entrepris & acheuez, ont couſtume d’eſtre plus beaux &

456 1530 3221 1672 mieux ordonnez, que ceux que pluſieurs ont taſché de

459 1668 3214 1828 racommoder, en faiſant ſeruir de vieilles murailles qui

446 1818 3210 1944 auoient eſté baſties a d’autres fins. Ainſi ces ancienes

447 1962 3215 2112 citez, qui n’ayant eſté au commencement que des bour¬

437 2104 3218 2261 gades, ſont deuenuës par ſucceſſion de tems de grandes

436 2248 3211 2407 villes, ſont ordinairement ſi mal compaſſées, au pris de

443 2402 3206 2559 ces places regulieres qu’vn Ingenieur trace a ſa fantaiſie

436 2558 3205 2711 dans vne plaine, qu’encore que conſiderant leurs edifi¬

435 2712 3205 2857 ces chaſcun a part on y trouue ſouuent autant ou plus

433 2858 3206 3017 d’art qu’en ceux des autres; toutefois a voir comme ils

430 3010 3199 3163 ſont arrangez, icy vn grand, là vn petit, & comme ils

425 3154 3198 3301 rendent les rues courbées & ineſgales, on diroit que c’eſt

426 3302 3199 3467 plutoſt la fortune, que la volonté de quelques hommes

429 3456 3193 3607 vſans de raiſon, qui les a ainſi diſpoſez. Et ſi on conſide¬

423 3602 3198 3761 re qu’il y a eu neanmoins de tout tems quelques offi¬

420 3754 3193 3905 ciers, qui ont eu charge de prendre garde aux baſtimens

421 3900 3194 4059 des particuliers, pour les faire ſeruir a l’ornement du pu¬

420 4052 3194 4203 blic; on connoiſtra bien qu’il eſt malayſé, en ne trauail¬

414 4192 3195 4353 lant que ſur les ouurages d’autruy, de faire des choſes

415 4348 3184 4501 fort accomplies. Ainſi ie m’imaginay que les peuples,

418 4494 3193 4649 qui ayant eſté autrefois demiſauuages, & ne s'eſtant ci¬

415 4638 3194 4803 uilisez que peu a peu, n’ont fait leurs loix qu’a meſure

422 4788 3196 4953 que l'incommodité des crimes & des querelles les y a

1946 4922 3201 5067 b 3 con¬
