4267 7298
988 344 3258 569 DE CLEVES. 11

611 576 3262 838 ſoûtenuë de toutes les au¬

619 867 3274 1206 tres grandes qualitez: il

606 1167 3278 1490 avoit un eſprit vaſte &

618 1455 3286 1802 profond, une ame noble

630 1755 3290 2086 & élevée, & une égale ca¬

638 2051 3294 2386 pacité pour la guerre, &

638 2343 3305 2678 pour les affaires. Le Car¬

650 2635 3312 2894 dinal de Lorraine ſon frere

653 2931 3312 3190 eſtoit né avec une ambi¬

665 3227 3305 3530 tion demeſurée, avec un

657 3531 3321 3866 eſprit vif & une éloquence

657 3819 3332 4114 admirable, & il avoit ac¬

673 4111 3325 4446 quis une ſcience profon¬

673 4407 3332 4738 de, dont il ſe ſervoit pour

673 4703 3323 4962 ſe rendre conſiderable en

680 4999 3332 5334 défendant la Religion Ca¬

692 5295 3328 5641 tholique, qui çommen¬
