4267 7414
1104 466 3416 752 36 LA PRINCESSE

1097 709 3768 987 miration dans un lieu où

1092 1001 3768 1276 l’on eſtoit ſi accoûtumé

1086 1302 3767 1638 à voir de belles perſon¬

1087 1607 3766 1868 nes. Elle eſtoit de la meſ¬

1078 1904 3765 2232 me maiſon que la Vidame

1077 2203 3764 2501 de Chartres, & une des

1068 2498 3760 2833 plus grandes heritieres de

1068 2808 3767 3129 France; Son pere eſtoit

1063 3103 3767 3403 mort jeune, & l'avoit

1063 3396 3767 3652 laiſſée ſous la conduite de

1058 3697 3766 3954 Madame de Chartres ſa

1062 3990 3765 4307 femme, dont le bien, la

1061 4300 3764 4602 vertu, & le merite, eſtoient

1055 4600 3759 4930 extraordinaires. Aprés a¬

1059 4900 3755 5231 voir perdu ſon mary, elle

1067 5199 3750 5529 avoir paſſé pluſeurs an¬

1063 5492 3741 5773 nées ſans revenir à la
