4267 7405
955 480 3180 730 DE CLEVES, 35

472 720 3181 964 dant l’évenement de ce

474 1020 3195 1336 voyage, il alla voir le Duc

475 1320 3200 1632 de Savoye qui eſtoit alors

476 1624 3206 1920 à Bruxelles avec le Roy

494 1920 3199 2236 d’Eſpagne; La mort de

495 2224 3204 2528 Marie d’Angleterre ap¬

500 2516 3226 2832 porta de grands obſtacles

502 2812 3223 3088 à la Paix; L’Aſſemblée ſe

515 3116 3252 3424 rompit à la fin de No¬

516 3412 3246 3724 vembre, & le Roy revint

526 3728 1311 3956 à Paris.

751 4016 3256 4327 Il parut alors une beau¬

540 4319 3262 4632 té à la Cour, qui attira les

546 4623 3267 4924 yeux de tout le monde,

551 4923 3268 5240 & l’on doit croire que c’é¬

564 5223 3270 5536 toit une beauté parfaite,

566 5523 3275 5840 puis qu'elle donna de l’ad¬
