4267 7405
870 476 3171 782 DE CLEVES. 25

472 708 3166 1082 perance qu'il euſt dans

474 1008 3168 1370 cette paſſion, il ne pou¬

459 1308 3169 1662 voit ſe reſoudre à prendre

461 1624 3166 1966 un engagement qui parta¬

458 1908 3164 2270 geroit ſes ſoins. Le Ma¬

457 2204 3154 2482 reſchal de ſaint André

451 2504 3139 2786 eſtoit le ſeul dans la Cour

451 2808 3136 3158 qui n’euſt point pris de

444 3112 3138 3450 party: Il eſtoit un des Fa¬

434 3404 3119 3726 voris, & ſa faveur ne te¬

431 3676 3114 4062 noit qu'à ſa perſonne: Le

429 4004 3102 4334 Roy l’avoit aimé dés le

430 4304 3092 4657 temps qu’il eſtoit Dau¬

412 4583 3090 4953 phin; & depuis il l'avoit

399 4879 3079 5181 fait Mareſchal de France

410 5171 3061 5557 dans un âge où l'on n’a

393 5499 3042 5821 pas encore acoûtumé de

679 5785 2532 6062 I. Part C
