4267 7447
1042 424 3323 632 DE CLEVES. 21

620 657 3317 908 meſme alliance. Il ne ſe

621 969 3307 1284 contentoit pas d’avoir ma¬

608 1261 3317 1504 rié ſon fils aiſné avec Ma¬

609 1565 3315 1876 dame Diane fille du Roy,

612 1873 3321 2108 & d’une Dame de Pied¬

609 2165 3315 2488 mont, qui ſe fit Religieuſe

607 2433 3305 2792 auſſi.toſt qu’elle fut ac¬

609 2769 3311 3092 couchée. Ce mariage a¬

615 3073 3305 3388 voit eu beaucoup d’obſta¬

617 3365 3319 3696 cles, par les promeſſes que

615 3665 3301 3912 Monſieur de Montmo¬

613 3977 3303 4280 rency avoit faites à Made¬

611 4269 3297 4563 moiſelle de Piennes, une

621 4557 3287 4815 des filles d’honneur de la

618 4877 3292 5195 Reine: Et bien que le

621 5165 3290 5463 Roy les euſt ſurmontez

618 5501 3296 5800 avec une patience & une
