4267 7473
938 443 3259 738 DE CLEVES. 45

539 678 3265 1046 ſçavoir qui elle eſtoit; mais

536 974 3270 1343 il fut bien ſurpris quand

529 1278 3247 1650 il ſçeut qu’on ne la con¬

525 1582 3256 1954 noiſſoit point: Il demeura

527 1882 3253 2214 ſi touché de ſa beauté, &

535 2190 3254 2555 de l'air modeſte qu'il avoit

524 2490 3258 2867 remarqué dans ſes a actions,

529 2790 3247 3167 qu’on peut dire qu’il con¬

534 3098 3240 3455 ceut pour elle dés ce mo¬

527 3402 3237 3759 ment une paſſion & une

525 3698 3218 3982 eſtime extraordinaires: Il

514 3990 3227 4294 alla le ſoir chez Madame

505 4286 1900 4627 ſœur du Roy.

751 4608 3216 4894 Cette Princeſſe eſtoit

499 4894 3209 5270 dans une grande conſide¬

487 5210 3198 5582 ration, par le credit qu'el¬

488 5482 3215 5871 le avait ſur le Roy ſon
