4267 7266
969 493 3222 677 8 LA PRINCESSE

965 721 3597 1009 toute la politeſſe, & elle

964 1021 3609 1233 eſtoit née avec tant de diſ¬

964 1297 3608 1589 poſition pour toutes les

975 1593 3612 1893 belles choſes, que malgré

967 1873 3612 2177 ſa grande jeuneſſe, elle les

971 2177 3619 2461 aimoit, & s’y connoiſſoit

974 2465 3619 2761 mieux que perſonne. La

974 2757 3626 3021 Reine ſa belle mere, &

985 3049 3630 3337 Madame ſœur du Roy,

985 3341 3637 3609 aimoient auſſi les Vers, la

993 3629 3625 3929 Comedie, & la Muſique:

992 3929 3645 4225 Le gouſt que le Roy Fran¬

1000 4241 3644 4513 çois premier avoit eü pour

1003 4513 3656 4809 la Poeſie & pour les Let¬

999 4833 3651 5109 tres, regnoit encore en

994 5097 3655 5389 France; & le Roy ſon fils

1002 5393 3666 5621 aimant les exercices du
