4267 7422
944 470 3229 776 DE CLEVES. 39

525 703 3233 987 clat & d'élevation à une

530 999 3240 1359 perſonne qui, avoit de la

514 1307 3226 1579 beauté & de la naiſſan¬

532 1607 3225 1951 ce: Mais elle luy faiſoit

536 1907 3239 2184 voir auſſi combien il eſtoit

542 2211 3242 2484 difficile de conſerver cette

539 2519 3244 2860 vertu, que par une extré¬

546 2807 3231 3160 me défiance de ſoy-meſ¬

541 3119 3225 3464 me & par un grand ſoin

551 3412 3236 3768 de s’attacher à ce qui ſeul

542 3707 3235 4056 peut faire le bon-heur

548 4008 3233 4368 d’une femme, qui eſt d’ai¬

543 4312 3240 4664 mer ſon mary & d'en eſtre

551 4616 1219 4836 aimée.

785 4924 3245 5192 Cette heritiere eſtoit

555 5208 3248 5576 alors un des grands partis

569 5512 3250 5856 qu’il y eut en France; &
