4267 7372
940 460 3182 750 DE CLEVES. 17

488 689 3183 1062 paſſion, n’a voient pas laiſſé

489 985 3180 1354 d’en avoir pour luy. Il avoit

483 1257 3177 1578 tant de douceur & tant de

473 1580 3128 1953 diſpoſition à la galanterie,

469 1884 3156 2250 qu’il ne pouvoit refuſer

474 2177 3153 2558 quelques ſoins à celles qui

462 2476 3157 2842 tâchoiẽt de lui plaire: Ainſi

466 2777 3149 3142 il avoit pluſieurs Maîtreſ¬

468 3065 3146 3402 ſes, mais il eſtoit difficile

471 3373 3138 3738 de deviner celle qu’il ai¬

461 3669 3122 3966 moit veritablement. Il al¬

465 3961 3082 4269 loit ſouvent chez la Reine

456 4261 3131 4618 Dauphine; la beauté de

441 4565 3119 4898 cette Princeſſe, ſa dou¬

440 4853 3115 5234 ceur, le ſoin qu’elle avoit

449 5145 3108 5506 de plaire à tout le mon¬

453 5441 3104 5826 de, & l’eſtime particuliere

723 5756 2604 6029 I.Part. B
