4267 7498
939 483 3299 727 46 LA PRINCESSE

931 726 3656 1011 frere; & ce credit eſtoit ſi

936 1026 3666 1387 grand, que le Roy en fai¬

937 1322 3670 1571 ſant la Paix conſentoit à

942 1626 3671 1939 rendre le Piémont, pour

943 1930 3677 2251 luy faire épouſer le Duc

953 2242 3686 2551 de Savoye. Quoy qu'elle

961 2538 3690 2783 euſt deſiré toute ſa vie de

959 2846 3707 3143 ſe marier, elle n'avoit ja¬

964 3146 3701 3467 mais voulu épouſer qu'un

969 3454 3705 3739 Souverain, & elle avoit

970 3758 3703 4075 refuſé pour cette raiſon le

979 4066 3712 4375 Roy de Navarre lors qu'il

988 4370 3704 4647 eſtoit Duc de Vendoſme;

985 4674 3718 4967 & avoit toûjours ſouhai¬

994 4974 3723 5279 té Monſieur de Savoye,

995 5274 3735 5515 elle avoit conſervé de l'in¬

996 5586 3729 5907 clination pour luy depuis
