4267 7372
993 485 3209 784 DE CLEVES. 13

556 718 3229 1064 la vie eſtoit glorieuſe par

559 1022 3228 1372 la guerre, & par les grands

554 1318 3231 1664 emplois qu’il avoit eus,

556 1618 3233 1972 quoy que dans un âge un

563 1910 3232 2264 peu avancé, faiſoit les de¬

560 2210 3231 2480 lices de la Cour. Il avoit

565 2506 3234 2848 trois fils parfaitement

560 2802 3233 3156 bien faits; le ſecond qu’on

559 3102 3236 3449 appelloit le Prince de Cle¬

558 3406 3226 3744 ves, eſtoit digne de ſoû¬

560 3702 3233 4041 tenir la gloire de ſon nom,

555 3998 3228 4349 il eſtoit brave & magnifi¬

558 4298 3223 4641 que, & il avoit une pru¬

561 4598 3221 4937 dence qui ne ſe trouve

556 4890 3224 5217 gueres avec la jeuneſſe.

559 5186 3219 5509 Le Vidame de Chartres,

570 5467 3226 5761 deſcendu de cette ancien¬
