4267 7266
982 377 3203 582 10 LA PRINCESSE

959 617 3590 929 Il excelloit dans la guerre,

961 901 3603 1213 & le Duc de Guiſe luy don¬

951 1193 3601 1513 noit une émulation qui

953 1485 3603 1797 l'avoit porté pluſieurs fois

943 1769 3593 2089 à quitter ſa place de Gene¬

937 2069 3599 2373 ral, pour aller combattre

930 2361 3600 2669 auprés de luy comme un

924 2645 3598 2961 ſimple ſoldat, dans les

926 2941 3604 3257 lieux les plus perilleux. Il

932 3237 3606 3553 eſt vray auſſi que ce Duc

925 3533 3604 3853 avoit donné des marques

936 3821 3609 4113 d'une valeur ſi admirable,

938 4113 3607 4353 & avoir eu de ſi heureux

939 4409 3613 4729 ſuccez, qu’il n'y avoit

945 4709 3607 5021 point de grand Capitaine

954 5001 3609 5321 qui ne dûſt le regarder

961 5301 3614 5549 avec envie. Sa valeur eſtoit
