4267 7364
1112 493 3438 751 32 LA PRINCESSE

1094 749 3760 1042 n’y avoit rien que Mon¬

1091 1021 3774 1346 ſieur de Nemours ne pûſt

1089 1321 3771 1634 pretendre auprés de cette

1103 1613 3769 1930 Princeſſe, & qu’il ne dou¬

1100 1913 3767 2230 toit point qu’elle ne fuſt

1098 2205 3768 2518 capable de l'epouſer. Le

1092 2505 3766 2818 Roy en parla à ce Prince

1097 2797 3763 3114 dés le soir meſme, il luy

1087 3089 3765 3410 fit conter par Monſieur

1093 3393 3759 3638 de Randan toutes ſes con¬

1066 3688 3768 3982 verſations avec Elizabeth,

1072 3989 3766 4298 & luy conſeilla de ten¬

1073 4285 3756 4614 ter cette grande fortune.

1067 4585 3765 4838 Monſieur de Nemours

1072 4881 3755 5214 crût d’abord que le Roy

1074 5181 3768 5506 ne luy parloit pas ſerieu¬

1072 5481 3754 5786 sement, mais comme il
