4267 7347
1033 426 3282 641 16 LA PRINCESSE

1018 668 3687 969 s’habiller qui eſtoit toû¬

1007 956 3681 1257 jours ſuivie de tout le

1005 1252 3678 1557 monde, ſans pouvoir eſtre

1006 1544 3676 1833 imitée; & enfin un air dans

1004 1840 3669 2153 toute ſa perſonne, qui fai¬

1005 2140 3679 2457 ſoit qu’on ne pouvoit re¬

1007 2432 3668 2749 garder que luy dans tous

1000 2680 3661 3029 les lieux où il paroiſſoit.

989 3032 3663 3325 Il n’y avoit aucune Dame

999 3320 3664 3625 dans la Cour, dont la gloi¬

988 3616 3661 3853 re n'euſt eſté flatée de le

990 3912 3667 4213 voir attaché à elle; peu de

991 4208 3665 4521 celles à qui il s’eſtoit atta¬

997 4504 3658 4809 ché, ſe pouvoient vanter

994 4792 3655 5089 de luy avoir reſiſté, & meſ¬

991 5092 3653 5409 me pluſieurs à qui il n’a¬

993 5392 3650 5701 voit point témoigné de

2842 5684 3636 5992 paſſion,
