4267 7405
1019 452 3240 698 DE CLEVES. 33

538 682 3247 914 vid le contraire: Au moins

536 978 3230 1294 Sire, luy dit-il, ſi je m’em¬

543 1282 3248 1598 barque dans une entre¬

550 1574 3255 1894 priſe chimerique par le

553 1878 3246 2186 conſeil & pour le ſervice

559 2182 3252 2470 de vôtre Majeſté, je la

554 2478 3251 2790 ſuplie de me garder le ſe¬

545 2778 3254 3094 cret, juſqu'à ce que le ſuc¬

563 3078 3257 3386 cez me juſtifie vers le pu¬

574 3374 3255 3646 blic, & de vouloir bien

561 3674 3254 3986 ne me pas faire paroître

555 3970 3257 4298 remply d'une aſſez gran¬

562 4270 3252 4582 de vanité, pour preten¬

561 4570 3250 4894 dre qu’une Reine qui ne

560 4874 3249 5154 m'a jamais veu, me veüil¬

566 5158 3248 5482 le épouſer par amour. Le

569 5470 3230 5790 Roy luy promit de ne par¬
