4267 7266
994 456 3224 701 6 LA PRINCESSE

976 692 3639 1001 n’eſtoit pas amoureux; Il

983 976 3646 1269 demeuroit tous les jours

994 1268 3636 1517 chez la Reine à l’heure

1001 1556 3655 1877 du Cercle, où tout ce qu’il

999 1847 3670 2169 y avoit de plus beau, & de

1006 2135 3672 2389 mieux fait de l’un & de

1005 2439 3676 2749 l’autre ſexe, ne manquoit

1016 2735 2838 3052 pas de ſe trouver.

1230 3023 3693 3330 Jamais Cour n'a eü tant

1029 3307 3704 3628 de belles perſonnes, &

1040 3603 3698 3852 d’hommes admirable¬

1035 3891 3701 4184 ment bien faits, & il ſem¬

1041 4195 3708 4528 bloit que la nature euſt

1044 4487 3715 4820 pris plaiſir à placer, ce

1055 4775 3718 5112 qu'elle donne de plus beau

1058 5075 3709 5400 dans les plus grandes Prin¬

1068 5359 3723 5680 ceſſes, & dans les plus
