4267 7473
924 521 3194 778 DE CLEVES. 31

490 762 3216 1090 blis, qu’il luy eſtoit avan¬

496 1062 3226 1398 tageux de ſe voir recon¬

486 1369 3220 1694 nuë par le Roy. Ce Com¬

492 1670 3210 1910 te la trouva inſtruite des

494 1978 3219 2214 intereſts de la Cour de

495 2282 3221 2562 France, & du merite de

488 2574 3203 2898 ceux qui la compoſoient;

483 2885 3244 3122 mais ſur tout il la trouva

488 3178 3234 3510 ſi remplie de la reputa¬

502 3486 3212 3738 tion du Duc de Nemours.

495 3786 3226 4110 Elle luy parla tant de fois

509 4094 3231 4398 de ce Prince, & avec

503 4402 3233 4734 tant d’empreſſement, que

504 4710 3239 5014 quand Monſieur de Ran¬

498 5002 3232 5346 dan fut revenu, & qu’il

512 5310 3226 5650 rendit compte au Roy de

525 5590 3232 5954 ſon voyage, il luy dit qu’il

2159 5966 2737 6243 C iiij
