4267 7430
854 459 3147 720 DE CLEVES. 37

457 697 3154 948 Cour. Pendant cette ab¬

463 1001 3152 1288 ſence, elle avoit donné

469 1301 3155 1548 ſes ſoins a l'éducation de

476 1601 3165 1880 ſa fille; mais elle ne tra¬

478 1897 3159 2204 vailla pas ſeulement à cul¬

492 2193 3158 2508 tiver ſon eſprit & ſa beau¬

490 2497 3164 2812 té, elle ſongea auſſi à luy

497 2797 3186 3032 donner de la vertu & à la

499 3098 3177 3404 luy rendre aimable. La

510 3394 3183 3708 pluſpart des meres s’ima¬

512 3694 3190 4008 ginent, qu’il ſuffit de ne

522 3990 3208 4308 parler jamais de galante¬

521 4290 3186 4612 rie devant les jeunes per¬

527 4582 3201 4892 sonnes, pour les en éloi¬

533 4894 3203 5192 gner; Madame de Char¬

540 5210 3213 5504 tres avoit une opinion op¬

550 5470 3212 5784 poſée, elle faiſoit ſouvent
