4078 7369
1153 155 1699 390 Corne
1709 155 2042 372 die.
3098 235 3307 424 25

657 541 1511 703 GEORGE
1685 524 2630 697 DANDIN.

177 787 407 992 Et
464 764 999 1072 quels
1078 836 2202 1070 auantages,
2254 751 3310 1040 Madame,

16 1077 827 1394 puifque
897 1077 1847 1291 Madame
1940 1150 2055 1371 y
2137 1149 2239 1278 a
2297 1123 2360 1280 ?
2421 1095 3175 1298 L’auan
3230 1207 3310 1244 -

29 1472 431 1611 ture
489 1429 791 1609 n’a
852 1473 1167 1701 pas
1221 1384 1612 1606 cité
1693 1394 2711 1611 mauuaifc
2784 1475 3323 1707 pour

17 1786 891 1972 vous,car
961 1705 1383 1923 fans
1461 1791 1947 2002 moy
2013 1787 2391 1924 vos
2445 1699 3313 1996 affaires,

25 2093 478 2232 auec
565 2011 1198 2233 voftre
1275 2022 3310 2331 permtfIio,eftoienc

21 2313 434 2542 fort
489 2325 1601 2602 délabrées,
1712 2371 1903 2562 &
2000 2419 2510 2566 mon
2564 2420 3310 2663 argent

17 2717 118 2842 a
269 2636 670 2853 féru
703 2730 814 2943 y
996 2650 1103 2863 à
1240 2635 2390 2884 reboucher
2592 2659 3310 2896 d’affez

16 2933 518 3167 bons
584 3032 1198 3204 trous;
1324 2982 1806 3188 mais
1876 3061 2378 3280 moy
2440 2977 3306 3298 dequoy

19 3333 130 3546 y
192 3339 402 3554 ay
472 3275 642 3477 ie
703 3272 1706 3575 profité,ie
1764 3376 2265 3517 vous
2327 3315 2828 3597 prie,
2894 3391 3309 3621 que

24 3565 466 3787 d’vn
572 3542 1889 3912 aîongement
2008 3611 2253 3858 dç
2344 3696 3008 3896 nom,
3099 3662 3309 3863 Lc

0 3957 254 4177 |au
396 3882 785 4119 lieu
916 3909 1153 4124 de
1308 3926 2129 4243 George
2283 3942 3300 4212 Dandin,

24 4193 733 4422 dauoir
863 4300 1425 4452 receu
1498 4324 1841 4542 par
1939 4330 2469 4465 vous
2575 4247 2757 4465 le
2827 4279 3313 4484 titre

28 4489 253 4732 de
308 4521 1337 4765 Moniteur
1399 4547 1877 4773 delà
1963 4569 3317 4819 Dandiniere?

540 4832 785 4991 Mr
916 4853 1182 5010 DE
1325 4871 2744 5056 ‘jOTENVILLE.

236 5056 546 5264 Ne
652 5145 2029 5322 contez-vous
2160 5131 2700 5388 rien,
2784 5202 3317 5349 mon

43 5358 820 5647 gendre,
876 5384 1989 5737 l’auantage
2067 5420 2761 5649 d’eftre
2823 5427 3306 5660 allié

2 5713 154 5867 'a
216 5652 378 5874 la
432 5696 1173 5932 maifou
1279 5726 1513 5949 de
1579 5738 2729 5965 Sotenuillc
2795 5806 2869 5975 }

521 5980 766 6142 Mc
861 6016 1118 6183 DE
1232 6045 2664 6227 SOTENVILLE.

653 6221 756 6443 à
845 6251 1302 6482 celle
1416 6276 1910 6506 delà
2024 6289 3313 6585 Prudoterie,
