4042 7603
565 192 871 458 3'©'
1602 199 2283 517 George
2414 199 3278 479 Dandin,

515 513 720 739 le
811 492 1885 745 s’oubliait
1955 522 2212 739 de
2347 522 2540 744 la
2655 509 3335 795 force,
3471 636 3955 871 apres

524 837 729 1065 le
840 836 1317 1159 fage
1376 844 2345 1168 exemple
2455 935 2869 1116 que
2972 885 3936 1195 vousfça-

505 1167 2454 1398 uezvous-mefme
2580 1262 2994 1493 que
3121 1183 3946 1537 ieluyay

498 1483 1326 1713 donné.

1042 1886 1316 2047 Mr
1427 1883 1716 2044 DE
1886 1892 3387 2069 SOTENVILLE.

631 2202 1272 2424 Nous
1375 2183 2080 2423 allons
2203 2189 3144 2433 éclaircir
3275 2207 3936 2456 l’affai¬

456 2588 760 2742 re.
908 2527 1673 2749 Suiuez
1820 2609 3021 2838 moy,mon
3103 2541 3908 2858 gendre,

453 2876 671 3074 &
741 2919 1014 3064 ne
1085 2934 1626 3078 vous
1749 2936 2550 3086 mettez
2632 2950 3010 3182 pas
3125 2951 3382 3092 en
3492 2899 3917 3190 pei¬

434 3248 846 3452 ne,
954 3253 1475 3402 vous
1570 3261 2291 3412 verrez
2422 3187 2683 3412 de
2837 3191 3328 3504 quel
3466 3193 3883 3433 bois

427 3572 1016 3727 nous
1083 3578 1616 3734 nous
1691 3501 2832 3743 chauffons
2927 3520 3348 3744 lors
3454 3613 3720 3846 qu
3787 3624 3896 3757 o

408 3841 1457 4151 s’attaque
1568 3827 1674 4060 à
1752 3924 2265 4069 ceux
2351 3865 2725 4167 qui
2783 3933 3329 4080 nous
3383 3936 3884 4177 peu-

409 4232 942 4384 uent
1000 4183 2305 4489 appartenir.

852 4708 2021 4907 GEORGE
2248 4731 3476 4939 DANDIN.

534 5221 824 5439 Le
886 5223 1540 5535 voicy
1606 5234 1992 5549 qui
2078 5233 2672 5473 vient
2726 5313 3208 5475 vers
3270 5320 3855 5472 nous.
