4042 7369
1373 224 2246 550 fomedte.
3191 279 3426 467 if

589 634 876 790 Me
1017 601 1288 765 DE
1429 545 2883 757 SüTENVILLE.

363 899 938 1111 Tout
1014 851 1610 1077 beau.
1794 855 2553 1058 Prenez
2623 787 3245 1117 garde
3301 776 3429 1007 à

79 1284 285 1428 ce
334 1272 713 1507 que
770 1258 1285 1410 vous
1340 1168 1920 1391 dites.
2104 1142 2488 1359 Ma
2612 1113 3028 1345 fille
3133 1104 3428 1340 eft

71 1514 635 1737 d’vne
693 1575 1127 1718 race
1172 1559 1645 1791 trop
1748 1458 2434 1787 pleine
2502 1441 2758 1659 de
2828 1509 3434 1661 vertu

67 1902 586 2145 pour
701 1806 890 2036 fe
1059 1867 1737 2117 porter
1837 1781 2533 1997 iamais
2644 1750 2757 1980 à
2916 1740 3441 1975 faire

78 2216 840 2366 aucune
897 2113 1516 2344 chofe
1567 2108 2092 2330 dont
2175 2057 3434 2302 l’honnefte-

88 2445 279 2687 té
334 2449 718 2671 foit
778 2426 1639 2690 blcfTéc,
1735 2455 1934 2647 &
2014 2407 2262 2625 de
2373 2389 2558 2616 la
2619 2378 3438 2613 maifon

85 2751 1926 3013 delaPrudoterie,
2048 2722 2192 2943 il
2266 2802 2386 3020 y
2494 2802 2600 2932 a
2666 2712 3124 3028 plus
3180 2703 3444 2923 de

92 3105 575 3305 trois
645 3154 1103 3293 cens
1157 3148 1511 3287 ans
1592 3079 2243 3382 qu'on
2356 3055 2671 3255 n'a
2792 3038 3431 3342 point

87 3380 1098 3704 remarqué
1163 3373 1646 3699 qu’il
1723 3461 1847 3671 y
1915 3384 2197 3588 ait
2251 3440 2493 3577 eu
2557 3348 2805 3566 de
2865 3330 3301 3560 fem
3355 3465 3436 3506 -

105 3792 553 3976 me,
652 3724 1196 3929 Dieu
1341 3769 2121 3996 mercy,
2201 3686 2576 3998 qui
2653 3673 2948 3885 ait
3039 3646 3456 3886 fait

84 4017 707 4341 parler
770 4012 1391 4239 d’elle.

597 4375 856 4531 Mr
989 4361 1268 4527 DE
1437 4325 2912 4521 SOTENVILLE.

399 4609 1428 4887 Corbleu,
1498 4610 1987 4839 dans
2054 4596 2242 4817 la
2304 4577 3126 4812 maifon
3190 4575 3454 4802 de

101 4927 1178 5193 Sotenuillç
1235 5012 1529 5155 on
1574 4947 1885 5147 n’a
1937 4927 2629 5139 iamais
2722 4979 3121 5135 veu
3184 4899 3449 5135 de

113 5324 1165 5567 coquette,
1292 5289 1488 5481 &
1611 5241 1800 5470 la
1911 5229 2939 5460 brauourc
3084 5232 3457 5516 n’y

127 5563 398 5776 eft
535 5650 854 5876 pas
999 5567 1442 5883 plus
1633 5549 2846 5778 héréditaire
3047 5608 3450 5755 aux

121 5883 893 6154 mafles,
958 5969 1341 6204 que
1380 5882 1569 6115 la
1646 5859 2984 6110 chaftetéaux
3088 5838 3439 6072 fe¬

136 6185 855 6429 melles.

2513 6520 2705 6724 C
