4042 7593
564 174 891 361 44
1605 121 1800 325 G
1805 191 2303 432 eorge
2349 127 2588 327 T)
2601 112 3171 342 andin
3187 310 3245 403 ,

571 403 1349 641 icftois
1463 418 1993 648 en(li
2121 434 2693 749 place
2763 455 2949 662 ie
3014 474 3341 753 n’y
3466 547 3935 710 mar-

561 713 1827 970 chanderois
1887 843 2317 1069 pas.
2673 777 3261 1074 Oüy,
3340 793 3937 1030 Mon-

551 1028 1212 1326 fîeur,
1323 1075 2609 1299 vousdeuez
2745 1166 3301 1401 pour
3359 1094 3545 1323 le
3605 1198 3947 1432 pu.

541 1381 1010 1655 nir,
1133 1373 1655 1612 faire
1733 1400 2627 1624 l’amour
2737 1418 2853 1628 à
2957 1490 3307 1637 ma
3413 1439 3914 1666 Mai.

531 1682 1292 1929 ftreffe.
1447 1708 2432 1993 Pouffez,
2503 1732 2987 1951 c’eft
3067 1820 3573 2054 moy
3637 1791 3942 2077 qui

513 2094 1052 2247 vous
1145 2021 1348 2253 le
1465 2039 1854 2348 dy,
2005 2125 2235 2261 ce
2349 2067 2767 2275 lcra
2885 2049 3339 2285 fort
3473 2068 3923 2320 bien

508 2347 1620 2662 employé,
1727 2400 1938 2596 &
2047 2367 3141 2606 iem’offre
3223 2379 3339 2605 à
3467 2480 3933 2636 vous

488 2737 636 2964 y
710 2661 1458 2963 feruir,
1527 2688 2525 3015 puifqu’il
2625 2725 3180 2931 m’en
3249 2712 3927 3035 a^dcfia

500 2984 1168 3222 taxée.

1070 3336 1340 3491 Mr
1475 3327 1769 3489 DE
1967 3332 3487 3528 SOTENVILLE.

805 3599 1419 3814 Vous
1497 3612 3043 3913 méritez;,mon
3107 3621 3909 3940 gendre,

469 3919 1145 4216 qu’on
1227 3999 1765 4145 vous
1831 3918 2273 4146 dite
2379 4016 2721 4158 ces
2823 3935 3553 4178 chofes
3682 3948 3915 4232 là,

465 4253 688 4449 6c
797 4229 1507 4462 voftre
1619 4245 2553 4565 procédé
2677 4342 3119 4494 met
3228 4348 3695 4508 tout
3752 4277 3907 4504 le

459 4560 1293 4786 monde
1387 4650 2153 4800 contre
2255 4662 2879 4814 vous.

965 4962 1246 5128 Me
1420 4975 1715 5134 DE
1956 4984 3453 5176 SOTENVILLE.

787 5191 1496 5464 Allez,
1567 5202 2370 5540 fongez
2447 5218 2563 5440 à
2639 5253 3345 5459 mieux
3423 5249 3888 5461 trai¬

433 5581 740 5734 ter
849 5599 1276 5751 vne
1401 5533 2711 5770 Demoifellc
2829 5541 3347 5782 bien
3469 5547 3890 5836 née,

427 5865 643 6061 &
786 5930 1574 6162 prenez
1685 5863 2333 6182 garde
2503 5867 3669 6112 déformais
3787 5890 3887 6104 à

410 6224 688 6375 ne
788 6162 1252 6482 plus
1373 6170 1888 6421 faire
1997 6182 2260 6420 de
2403 6200 3379 6523 pareilles
3525 6206 3891 6444 be-

404 6556 1136 6726 ucues.
