4042 7593
704 148 1002 407 ^6
1729 166 2440 482 George
2521 179 3328 407 Ddnàin
3343 376 3410 474 ,

697 450 1981 770 reglôspour
2045 475 2784 714 l’auoir
2873 496 2998 723 à
3080 589 3496 748 tort
3548 621 4012 804 accu,

701 756 990 999 fé.

947 1187 2311 1402 GEORGE
2515 1211 3871 1478 DANDIN.

1014 1527 1579 1754 C’cft
1665 1621 2077 1764 vnc
2181 1542 2841 1785 chofc
2977 1655 3484 1892 moy
3584 1595 4011 1866 dont

673 1844 877 2061 ic
937 1923 1209 2065 ne
1273 1843 2284 2089 demeure
2378 1960 2736 2195 pas
2845 1884 3782 2148 d’accord
3844 1949 4015 2174 de

649 2155 1392 2398 l’auoir
1453 2160 1571 2399 à
1637 2261 2080 2412 tort
2133 2195 2994 2472 accuse,
3076 2254 3285 2447 &
3372 2249 3556 2454 ie
3644 2236 4007 2578 fçay

657 2468 1172 2721 bien
1276 2583 1508 2729 ce
1606 2588 2028 2824 que
2144 2534 2552 2748 i’en
2626 2538 3337 2850 pente.

1119 2912 1410 3076 Mr
1531 2923 1819 3082 DE
1959 2921 3448 3119 SOTENVILLE.

966 3191 1148 3422 Il
1210 3224 2435 3539 n’importe.
2512 3241 3509 3562 Quelque
3567 3343 3999 3590 pen-

626 3491 974 3740 fée
1032 3546 1415 3841 qui
1474 3621 2009 3768 vous
2123 3548 2793 3869 puifle
2913 3578 3642 3861 relier,
3737 3593 3875 3819 il
3933 3692 4012 3834 a

618 3834 1103 4127 nié,
1173 3849 1647 4085 c’cft
1721 3855 2717 4109 fatisfaire
2833 3884 3112 4119 les
3219 3903 3994 4221 person¬

617 4223 993 4389 nes
1052 4346 1122 4448 ,
1217 4207 1426 4408 &
1493 4178 1932 4421 l'on
2029 4228 2360 4423 n'a
2445 4210 2823 4437 nul
2925 4219 3508 4453 droit
3600 4232 3996 4469 defe

607 4479 1580 4799 plaindre
1733 4512 2004 4743 de
2140 4606 2640 4756 tout
2753 4522 3632 4782 homme
3718 4581 3997 4874 qui

613 4799 820 5027 fe
929 4811 1614 5061 dédit.

973 5169 2129 5393 GEORGE
2336 5216 3569 5438 DANDIN.

735 5519 956 5730 Si
1023 5498 1522 5751 bien
1586 5537 2170 5771 donc
2232 5637 2646 5869 que
2734 5548 2892 5786 (î
2946 5584 3137 5792 ie
3210 5562 3393 5803 le
3474 5657 3988 5808 trou-

583 5843 1070 6055 uois
1154 5856 1984 6087 couché
2050 5960 2557 6107 auec
2634 5968 2973 6117 ma
3025 5882 3988 6163 femme,il

562 6226 862 6374 en
934 6152 1561 6404 feroit
1611 6214 2309 6509 quitte
2367 6293 2913 6536 pour
3029 6214 3229 6457 fe
3301 6217 3971 6460 dédire.
