4042 7565
666 258 926 394 il
1698 167 1894 479 Ç
1902 251 2194 375 eor
2162 252 2306 476 &
2310 244 2394 372 e
2506 164 3354 453 Dàtidin,

681 474 1345 755 ainfi,
1485 515 1685 711 &
1785 575 1897 703 c
1961 508 2237 704 clt
2301 564 2773 708 tout
2833 576 3061 709 ce
3113 581 3497 809 que
3581 601 3977 774 vous

661 819 1657 1126 pourriez
1729 791 2477 1088 fa’re,(î
2549 837 3673 1054 vousauiez
3761 862 3977 1078 ef-

664 1130 1345 1450 poule
1424 1211 1837 1351 vne
1940 1131 2189 1352 de
2244 1216 2625 1348 vos
2712 1137 3688 1457 pareilles.

976 1466 2192 1679 GEORGE
2388 1468 3700 1697 DANDsN.

836 1766 2172 2100 Ah/Gcorge
2268 1776 3512 2053 Dandin,oii
3628 1814 3984 2030 t’es-

671 2178 891 2326 tu
971 2087 1684 2322 fourré
1767 2123 1852 2315 t
1951 2159 2195 2320 ht
2267 2092 2519 2316 de
2595 2184 3275 2420 grâce,
3339 2193 3983 2358 mettez

663 2502 1567 2742 pourvu
1647 2496 2643 2648 moment
2731 2421 3407 2645 voftrc
3527 2378 4015 2782 Gcn-j

666 2736 2319 2971 tilhommerieà
2422 2740 3123 3005 codé,
3262 2757 4015 2994 &foufJ

654 3058 1106 3290 frez
1198 3158 1606 3391 que
1690 3091 1866 3295 ie
1934 3156 2466 3300 vous
2554 3065 3110 3404 parle
3242 3093 3998 3306 mainte¬

654 3470 1202 3626 nant
1346 3475 2210 3620 comme
2326 3408 2510 3612 ie
2630 3473 3590 3712 pourray.
3762 3426 3998 3630 Au

661 3710 1481 3947 diantre
1561 3699 1961 3943 foit
2033 3708 2221 3940 la
2281 3733 3245 4032 tyrannie
3309 3721 3549 3949 de
3609 3801 3993 3950 tou-

661 4031 2837 4272 tes’ceshiftoircs-là.
3017 4069 3229 4269 le
3277 4137 3761 4274 vous
3821 4050 3993 4354 dy

657 4370 1241 4595 donc
1356 4455 1761 4695 que
1869 4383 2065 4600 ie
2173 4364 2577 4600 fuis
2717 4365 3133 4597 mal
3285 4369 3997 4597 fatisfait

660 4686 1524 4927 démon
1624 4712 2624 5020 mariage.

1420 5043 1804 5251 DE
1920 5036 3812 5262 SOTENVILLE.

903 5362 1163 5578 Et
1259 5351 1451 5579 la
1531 5343 2875 5596 raifon,mon
2959 5349 3791 5665 gendre.

1427 5691 1823 5903 DE
1991 5682 3883 5904 SOTENVILLE.

846 6026 1511 6303 Quoy
1602 5978 4003 6319 parîerainfid'vnecho-

666 6322 866 6546 fe
1002 6326 1550 6547 dont
1678 6415 2194 6548 vous
2330 6416 2838 6545 aucz
2974 6317 3394 6553 tiré
3574 6313 3806 6542 de
3918 6286 4010 6526 fl

662 6651 1446 6970 grands
1506 6732 2618 6984 auantages
2694 6708 2758 6880 ?
