4042 7603
585 98 818 410 i8
1556 97 1751 402 Ç
1760 154 2058 292 eor
2012 157 2155 382 &
2160 156 2246 276 e
2347 52 3230 335 Dàndin,

1115 409 1380 571 Mc
1511 404 1804 563 DE
1995 379 3448 553 S0TENV1LLH.

717 658 1239 870 Iour
1337 631 1591 865 de
1725 642 2428 894 Dieu,
2553 632 2743 833 ie
2865 607 3951 950 l'étrangle;

569 985 995 1193 rois
1068 974 1323 1195 de
1389 1041 1814 1184 mes
1889 1021 2758 1271 propres
2853 954 3635 1226 mains,
3733 975 3951 1199 s’il

564 1287 1290 1524 falloir
1504 1265 2258 1599 qu’elle
2471 1252 3606 1580 forlignaft
3772 1288 3962 1519 de

563 1602 1993 1849 l’honnefteté
2067 1592 2321 1821 de
2403 1585 2605 1814 fa
2679 1666 3293 1809 mere.

1086 1945 1364 2101 Mr
1486 1936 1783 2095 DE
1962 1906 3455 2091 SOTENVILLE.

713 2149 2403 2459 Corbleu,ieluy
2485 2121 3963 2469 pafferoismon

563 2489 1082 2819 épée
1144 2582 1406 2725 au
1492 2560 2274 2723 trauers
2347 2473 2630 2703 du
2704 2552 3430 2783 corps,
3495 2446 3597 2687 à
3664 2460 3958 2707 elle

575 2858 781 3052 &
840 2909 1093 3052 au
1152 2793 2137 3147 galant,fi
2208 2794 2617 3028 elle
2679 2870 3269 3023 auoit
3322 2768 3969 3031 forfait

575 3247 692 3380 a
766 3153 1164 3380 fon
1230 3140 2316 3380 honneur.

1249 3473 2171 3650 GEORGE
2413 3465 2571 3622 D
2605 3449 3407 3617 ANDIN»

724 3734 938 3935 le
1032 3795 1578 3940 vous
1688 3795 1943 4012 ay
2055 3696 2370 3930 dit
2444 3779 2678 3918 ce
2740 3695 3113 4011 qui
3235 3677 3426 3914 fe
3532 3671 3961 3995 passe

556 4121 1121 4365 pour
1188 4125 1725 4265 vous
1803 4023 2321 4252 faire
2392 4104 2829 4246 mes
2907 4003 3973 4333 plaintes,&

550 4400 752 4588 ie
803 4451 1332 4598 vous
1402 4343 2460 4597 demande
2523 4358 2808 4568 rai
2842 4333 3252 4570 fon
3314 4328 3556 4561 de
3615 4408 3971 4556 cet¬

562 4768 771 4916 te
898 4674 1608 4918 affaire
1777 4678 2055 4912 là.

1129 5033 1410 5187 Mr
1585 5012 1874 5186 DE
2077 4991 3554 5172 SOTENVILLE.

703 5285 1061 5499 Ne
1136 5354 1661 5504 vous
1720 5344 3085 5498 tourmentez
3164 5214 4042 5579 point,icj

551 5684 1092 5833 vous
1162 5598 1357 5823 la
1438 5591 2021 5907 feray
2134 5596 2393 5819 de
2519 5672 2992 5817 tous
3078 5598 3713 5854 deux,
3834 5599 3976 5792 &

554 5944 748 6148 ie
842 5929 1240 6151 fuis
1417 5919 2340 6150 homme
2498 6000 3052 6241 pour
3169 5905 3760 6135 ferrer
3841 5880 3975 6108 le

561 6243 1439 6481 bouton
1621 6249 1735 6478 à
1922 6267 2295 6563 qui
2450 6327 2863 6566 que
3042 6326 3271 6464 ce
3426 6207 3975 6552 puisse

565 6574 1166 6809 eftre.
1240 6587 1802 6814 Mais
1865 6581 2450 6814 elles-
2525 6653 3058 6809 vous
3121 6649 3470 6895 pas
3544 6550 3978 6788 bien
