4042 7342
1325 218 1884 430 Corne
1888 182 2224 404 die.
3364 249 3461 432 z

120 559 295 759 ic
355 524 1066 798 fuis,de
1148 513 1979 744 m’allier
2060 575 2319 718 en
2379 474 3107 712 bonne
3235 502 3451 704 8c

110 837 930 1068 franche
1106 822 2365 1147 payfancric,
2591 879 2997 1107 que
3169 791 3445 1018 de

122 1166 828 1467 predre
902 1232 1300 1377 vne
1368 1135 2160 1372 femme
2225 1137 2584 1433 qui
2648 1124 2844 1333 te
2917 1125 3456 1329 tient

108 1556 347 1699 au
427 1465 1047 1685 deflus
1119 1464 1371 1679 de
1468 1531 2092 1744 moy,
2164 1412 3134 1666 s’offcnce
3199 1426 3462 1645 de

115 1855 797 2091 porter
927 1853 1437 1993 mon
1587 1844 2101 1985 nom
2220 1784 2274 2014 ,
2447 1785 2654 1976 8c
2826 1739 3442 2056 pente

121 2112 917 2395 qu’auec
978 2167 1429 2308 tout
1522 2158 2033 2300 mon
2101 2064 2601 2295 bien
2709 2075 2893 2280 ie
2982 2081 3450 2361 n’ay

108 2484 443 2712 pas
497 2401 1007 2620 affez
1053 2380 1759 2620 acheté
1823 2383 2003 2612 la
2052 2375 2839 2703 qualité
2903 2378 3151 2595 de
3212 2459 3447 2597 so

111 2731 1566 3025 mary.George
1638 2699 3458 3013 Dandin,Georgc

108 3025 1564 3296 Dandin,vous
1626 3101 2112 3243 aucz
2172 3011 2560 3242 fait
2610 3091 3016 3234 vne
3081 3001 3448 3233 to¬

117 3333 463 3554 ute
520 3331 699 3560 la
756 3340 1203 3654 plus
1276 3335 2055 3658 grande
2188 3335 2475 3558 du
2581 3323 3455 3557 monde.

110 3656 470 3870 Ma
587 3654 1378 3874 maifon
1559 3649 2138 3872 m’eft
2308 3628 3446 3948 effroyable

106 3972 1485 4237 maintenant,
1625 3996 1829 4191 8c
1989 3982 2169 4194 ie
2318 3982 2654 4271 n’y
2766 4036 3437 4183 rentre

92 4288 695 4580 point
799 4272 1219 4508 fans
1333 4367 1465 4593 y
1588 4353 2435 4515 trouuer
2561 4270 3455 4598 quelque

98 4569 1003 4916 chagrin.
