4042 7369
1071 52 1980 284 Comedie.
3100 141 3373 312 17

36 464 538 612 nous
649 459 890 596 ne
997 374 1866 596 Tommes
1964 374 2590 680 point
2696 448 3210 679 gens
3273 371 3391 588 à

38 701 211 918 la
310 704 1359 1003 supporter
1486 690 1967 908 dans
2054 688 2303 901 de
2414 698 3379 909 mauuai-

39 1013 304 1230 ses
355 1021 1259 1276 aâions,
1379 1038 1569 1227 &
1683 1076 2208 1219 nous
2331 998 3040 1220 ferons
3099 989 3384 1224 les

35 1342 1068 1630 premiers,
1240 1324 1421 1541 fa
1572 1394 2113 1537 mere
2232 1345 2430 1539 &
2540 1396 3133 1625 moy,
3264 1311 3390 1536 à

37 1716 542 1857 vous
617 1712 866 1853 en
917 1625 1406 1850 faire
1473 1630 1646 1851 la
1705 1627 2478 1852 iuftice.

531 1970 779 2119 M-
955 1970 1212 2120 DE
1399 1967 2835 2138 SOTENVILLE.

168 2235 745 2436 Nous
808 2212 2149 2436 n’entendons
2203 2236 2821 2530 point
2888 2230 3384 2451 rail¬

37 2517 486 2743 lerie
545 2518 850 2740 fur
957 2522 1222 2742 les
1325 2545 2234 2753 matières
2357 2531 2610 2756 de
2701 2527 3398 2775 l'hon¬

34 2909 627 3083 neur,
750 2872 944 3058 &
1070 2923 1595 3063 nous
1782 2841 2559 3072 l’auons
2682 2854 3371 3092 élcuéc

35 3149 500 3370 dans
559 3226 1121 3375 toute
1175 3156 1352 3373 la
1419 3149 2265 3386 feueritê
2390 3170 3356 3480 poflibie.

665 3495 1534 3667 GEORGE
1717 3508 2669 3669 DANDIN.

162 3711 731 3936 Tout
794 3800 1011 3933 ce
1073 3807 1451 4028 que
1514 3743 1695 3941 ie
1762 3813 2279 3953 vous
2337 3757 2795 4048 puis
2866 3743 3378 4020 dire,

35 4016 485 4229 c’eft
591 4030 1057 4332 qu’il
1206 4128 1328 4341 y
1451 4122 1556 4259 a
1703 4061 2036 4348 icy
2155 4134 2448 4275 vn
2599 4078 3380 4288 certain

37 4333 1102 4563 Courtifan
1216 4436 1610 4665 que
1724 4445 2237 4586 vous
2348 4451 3377 4656 auezveu,

37 4656 380 4943 qui
482 4647 752 4872 eft
870 4741 1995 4899 amoureux
2113 4676 2683 4914 d’elle
2805 4691 2923 4916 à
3041 4781 3379 4920 ma

31 4933 723 5224 barbe,
843 5005 1032 5195 &
1158 5010 1504 5293 qui
1615 4988 1972 5295 luy
2095 5084 2196 5217 a
2335 4994 2716 5234 fait
2854 5007 3380 5240 faire

32 5253 341 5475 des
403 5290 1825 5570 proteftations
1896 5314 2880 5611 d’amour,
2915 5358 3372 5645 qu’¬

41 5563 398 5781 elle
505 5662 606 5787 a
717 5668 1086 5827 très
1173 5764 1225 5792 -
1313 5601 2906 5876 humainement
3025 5646 3353 5871 ef-

46 5878 887 6121 coutées.

2355 6291 2537 6488 C
2655 6286 2805 6491 ii
