4042 7200
625 811 1305 1005 Extrait
1373 811 1589 991 du
1689 798 2505 1037 Priuilege
2609 792 2833 976 du
2889 836 3277 1044 Roy.

589 1301 794 1457 T\Ar
830 1344 1254 1516 grâce
1310 1295 1462 1439 &
1542 1257 2522 1495 priuilcgedu
2606 1265 3050 1476 Roy,
3130 1259 3654 1427 donné

594 1513 666 1669 à
726 1528 1114 1673 Paris
1194 1508 1318 1668 le
1410 1499 1998 1659 dernier
2054 1502 2390 1642 iour
2474 1485 2662 1645 de
2746 1487 3658 1704 Septembre

259 1749 651 1902 1668.
691 1728 1079 1965 ligné
1123 1787 1375 1952 par
1423 1723 1551 1883 le
1611 1735 1947 1934 Roy
1995 1770 2175 1874 en
2227 1705 2495 1869 Ton
2579 1708 3203 1877 Confcil
3259 1723 3399 1879 G
3427 1767 3671 1875 vi-

259 2009 1055 2121 tonneav.
1159 1956 1271 2120 il
1315 1955 1515 2115 eft
1567 1950 2107 2171 permis
2151 1993 2331 2094 au
2427 1941 2855 2097 Sieur
2927 1940 3119 2100 de
3235 1951 3647 2099 Mo-

256 2229 712 2345 ti£RE
752 2180 936 2348 de
972 2176 1328 2348 faire
1364 2186 2184 2391 imprimer,
2240 2157 2804 2329 vendre
2864 2180 3024 2328 &
3072 2167 3680 2331 débité»

260 2461 540 2561 vne
584 2411 2436 2628 Comedieparlujcomposée
2472 2384 3172 2552 intitulée
3228 2411 3668 2551 Geor-'

213 2677 401 2838 ge
484 2637 625 2781 D
653 2628 1169 2804 andin,
1209 2687 1385 2784 ou
1420 2635 1545 2779 le
1621 2666 2021 2830 mary
2105 2617 2877 2825 confondu,
2965 2607 3661 2844 pendaïK

249 2837 545 3053 fept
589 2840 1217 3028 années,
1269 2831 2129 3012 &defenfes
2173 2826 2505 2990 font
2605 2829 3033 3004 faites
3121 2836 3201 2996 à
3297 2891 3657 3011 tou.}

253 3117 722 3233 autres
761 3064 942 3232 de
1017 3068 1990 3287 l’imprimer,
2089 3114 2282 3274 ny
2373 3057 2958 3228 d’autre
3053 3063 3650 3228 édition

254 3341 534 3506 que
578 3292 938 3449 celle
1038 3292 1222 3452 de
1322 3282 2258 3503 l’Expofant,
2338 3341 2550 3445 ou
2662 3288 2850 3453 de
2926 3347 3302 3452 ceux
3378 3291 3658 3507 qui

254 3566 779 3673 auront
814 3520 1219 3673 droit
1266 3507 1831 3727 de-luy,
1886 3510 1971 3670 à
2018 3525 2463 3722 peine
2506 3509 2691 3673 de
2762 3532 3135 3680 trois
3222 3519 3643 3680 mille

259 3718 1599 3915 liuresd’amende,
1715 3730 2707 3901 confifcation
2787 3740 3051 3908 des
3135 3800 3643 3904 exem¬

255 3957 784 4166 plaires
855 3959 1812 4147 contrefaits,
1959 3974 2120 4122 &
2207 3961 2396 4122 de
2475 4013 2820 4125 tous
2943 3960 3516 4184 dépens
3584 4083 3636 4151 ,

256 4177 1188 4404 dommages,
1256 4207 1408 4352 &
1456 4186 2176 4362 interefts,
2256 4245 2852 4352 comme
2900 4188 3000 4348 il
3052 4195 3256 4348 eft
3304 4191 3640 4419 plus

252 4405 1145 4629 amplement
1180 4403 1617 4632 porté
1660 4462 1925 4639 par
1992 4402 2585 4574 lefdites
2640 4413 3213 4580 lettres.

421 4845 841 5009 Ledit
881 4856 1297 5016 Sieur
1337 4855 1517 5019 de
1581 4918 2285 5026 moliere
2357 4921 2441 5017 a
2489 4852 2857 5021 cédé
2909 4856 3169 5020 fon
3225 4847 3641 5015 droit

266 5053 434 5214 de
558 5072 1266 5312 Priuilege
1398 5083 1482 5247 à
1558 5095 1746 5251 Ie
1810 5102 2058 5246 an
2146 5096 2670 5249 Ribov
2758 5075 3638 5248 Marchand

266 5281 894 5456 Libraire
922 5300 1006 5460 à
1058 5303 1546 5491 Paris,
1598 5318 2174 5478 fuiuant
2230 5308 2914 5473 l’accord
2986 5304 3266 5472 fait
3342 5363 3614 5467 en¬

258 5530 471 5661 tre
527 5569 847 5677 eux.

443 5960 1464 6180 Pegifrtfurie
1507 5987 1880 6135 Hure
1911 5978 2080 6138 de
2111 5982 2260 6126 la
2299 5971 3452 6137 Communauté.

544 6176 1028 6405 Signé,
1536 6203 1724 6371 A.
1784 6202 2532 6389 Sovbron
2588 6305 2636 6389 ,
2692 6188 3312 6412 Syndic,
