4042 7405
608 152 813 378 U
1572 151 2265 441 George
2364 119 3230 410 Dandin,

614 465 967 682 dra
1038 444 1503 771 qu’à
1562 446 1935 666 elle
1986 523 2383 753 que
2478 517 3007 663 nous
3102 533 3351 670 ne
3414 443 3899 775 foyôs

628 803 1401 1006 mariez
1508 746 2661 987 ensemble.

1110 1084 2239 1273 GEORGE
2438 1071 3607 1279 DANDIN.

944 1362 1497 1572 Mais
1564 1336 2245 1648 quelle
2300 1322 3177 1650 réponfe
3244 1429 3345 1561 a
3399 1344 3729 1574 fait
3780 1357 3909 1593 la

626 1662 1783 1906 Maiftrcflc
1925 1649 2043 1882 à
2210 1730 2439 1872 ce
2590 1653 3647 1888 Monsieur
3782 1673 3915 1897 le

632 1988 1765 2221 Courcifan
1832 2006 1921 2198 ?

1806 2288 2863 2486 LVBÎN.

871 2555 1309 2788 Elle
1416 2579 1809 2785 m’a
1875 2553 2185 2778 dit
2299 2545 2961 2852 deluy
3031 2550 3908 2775 dire...at-

634 2887 1515 3161 tendez,
1577 2899 1759 3100 ic
1822 2957 2083 3094 ne
2141 2871 2591 3176 fçay
2685 2856 2835 3089 fi
2901 2887 3087 3087 ic
3150 2952 3467 3094 me
3521 2871 3910 3094 fou-

636 3202 1629 3430 viendrez
1787 3190 2285 3414 bien
2435 3190 2689 3410 de
2900 3260 3381 3411 tout
3528 3182 3921 3405 cela.

654 3514 1471 3810 Qu’elle
1533 3516 1879 3815 luy
1942 3504 2235 3729 eft
2306 3583 2787 3735 tout
2841 3507 2935 3736 à
3025 3494 3391 3725 fait
3454 3486 3914 3720 obli¬

644 3832 1049 4158 gée
1127 3838 1381 4059 de
1475 3822 2629 4059 l’affcdtion
2732 3821 3217 4144 qu’il
3292 3904 3397 4037 a
3512 3897 3925 4127 pour

646 4156 1167 4427 clic,
1250 4185 1451 4382 &
1522 4145 1991 4460 qu’à
2070 4150 2659 4375 cause
2741 4160 2991 4364 de
3109 4145 3471 4366 son
3590 4217 3927 4367 ma.

648 4557 885 4769 ry
1012 4493 1381 4783 qui
1464 4475 1745 4689 cft
1847 4462 3077 4786 fantasque,
3191 4465 3325 4678 il
3436 4457 3969 4776 gardci

653 4793 1127 5018 d’en
1274 4805 1723 5012 rien
1817 4781 2327 5010 faire
2434 4778 3179 5110 paioifl
3230 4860 3427 4993 re
3518 4951 3575 5051 ,
3802 4805 3935 4986 &

640 5111 1157 5426 qu’il
1235 5097 1961 5332 faudra
2079 5104 2845 5430 fonger
2899 5099 3017 5323 à
3092 5078 3977 5345 chercher,

658 5423 1567 5742 quelque
1754 5446 2895 5654 invention
3118 5495 3639 5738 pour
3813 5401 3935 5622 fc

668 5756 1609 6062 pouuoir
1664 5761 2805 5981 entretenir
2920 5821 3389 5971 tous
3443 5735 3945 5956 deux,

2884 6373 3949 6622 GEORGE
