4089 7536
1252 266 2141 581 Çomciie.
3197 385 3466 579 37

62 574 664 810 chofe
787 650 832 811 !
995 593 1892 823 ramène
2036 618 2360 905 icy
2536 675 2876 834 ma
3048 612 3483 856 fille

56 984 556 1222 pour
612 888 1505 1139 éclaircir
1633 901 2482 1143 l’affaire
2600 1017 2865 1163 en
2972 1030 3482 1267 pré¬

61 1221 610 1449 sence
705 1228 1498 1464 détour
1589 1231 1778 1457 le
1841 1242 2734 1486 monde.

915 1579 2285 1759 CLITANDRE.

268 1819 600 2054 Eft
713 1913 940 2052 ce
1021 1828 1577 2067 donc
1632 1924 2265 2130 vous,
2349 1853 3477 2164 Madame,

58 2156 938 2446 quiauez
997 2151 1310 2385 dit
1377 2156 1489 2387 à
1561 2164 2258 2402 voftre
2369 2266 2970 2510 mary
3054 2286 3477 2523 que

58 2466 651 2689 iefuis
730 2553 1854 2716 amoureux
1929 2495 2178 2723 de
2257 2566 2814 2744 vous
2886 2568 2955 2718 i

822 2829 2484 3094 ANGELIQVE.

268 3102 816 3429 Moy
923 3292 969 3370 ,
1112 3159 1318 3359 &
1420 3222 2529 3388 comment
2639 3164 3469 3493 luyau-

69 3431 1193 3703 rois-iedit?
1356 3454 1770 3693 Eft-
1848 3557 2085 3697 ce
2144 3563 2553 3804 que
2608 3500 3048 3730 cela
3103 3513 3480 3769 eft;

66 3744 1270 3998 Icvoudrois
1381 3777 1882 4018 bien
1965 3797 2165 4024 le
2224 3828 2701 4050 voir
2820 3912 3475 4160 vray-

60 4119 623 4291 ment
719 4163 1107 4390 que
1193 4187 1718 4340 vous
1805 4107 2562 4373 fufficz
2661 4237 3480 4401 amou¬

53 4435 513 4603 reux
564 4385 821 4618 de
879 4492 1444 4737 moy.
1607 4461 2279 4680 louez
2334 4516 3482 4799 vous-y,ic

49 4763 541 4925 vous
601 4799 857 4947 en
912 4762 1461 5049 prie,
1531 4851 2060 5001 vous
2127 4859 3259 5042 trouuerez
3342 4817 3474 5054 à

47 5030 405 5317 qui
459 5042 1150 5342 parler.
1240 5109 1427 5310 C
1492 5090 1795 5315 eft
1876 5187 2288 5336 vne
2347 5111 2996 5357 chofe
3052 5227 3484 5460 que)

52 5332 228 5538 ie
343 5418 838 5591 vous
889 5404 1873 5639 confeille
1924 5420 2177 5654 de
2240 5424 2812 5683 faire.
2859 5463 3468 5781 Ayés

53 5716 815 5910 recours
863 5789 1398 6020 pour
1458 5759 1934 5969 voir
2002 5740 2122 5979 à
2182 5838 2653 5995 tous
2713 5773 3001 6022 les
3065 5785 3459 6026 dé¬

57 6028 597 6211 tours
636 6000 964 6239 des
1027 6051 1896 6294 Amans.
2186 6093 3038 6422 Effayez
3153 6209 3454 6362 vn

43 6352 422 6589 peu
470 6391 834 6631 par
873 6346 1552 6669 plaifir
1611 6391 1730 6626 à
1783 6420 3031 6747 m'enuoyer
3085 6446 3443 6691 des

2471 6769 2694 6980 D
