4042 7405
542 278 660 404 %
1464 175 2151 458 George
2272 128 3136 397 Dandin,

534 487 1098 712 lame
1261 464 1382 695 à
1543 548 2005 689 tous
2129 453 2401 677 les
2534 441 3389 746 Payfans
3551 482 3870 764 qui

529 791 1403 1024 veulent
1565 768 2391 1009 s’éleucr
2529 846 2795 985 au
2899 756 3531 979 deflfus
3656 776 3880 996 de

529 1115 977 1340 leur
1043 1100 2497 1349 condition,&
2567 1067 3265 1290 s’allier
3319 1080 3873 1300 côme

531 1447 921 1735 i’ay
987 1414 1371 1644 fait
1435 1414 1547 1635 à
1623 1400 2511 1628 lamaisô
2579 1388 3866 1615 d’vnGentil-

529 1733 1425 1968 homme
1565 1755 1837 1953 La
1894 1700 2833 1935 noblefle
2897 1702 3152 1920 de
3217 1704 3582 1998 foy
3638 1706 3885 1933 eft

535 2039 1663 2292 boneic’eft
1764 2012 2870 2261 vnechofe
2952 2009 3886 2236 confîdc-

542 2366 1105 2598 rable
1158 2356 2517 2609 affinement,
2590 2347 3084 2554 mais
3162 2321 3532 2548 elle
3626 2326 3888 2549 cft

540 2660 1738 2997 acopagnée
1798 2667 2050 2881 de
2140 2730 2590 2879 tant
2666 2651 2910 2873 de
2980 2722 3882 2867 mauuau

545 3014 836 3228 fes
890 2963 3000 3280 circonftances,qu’il
3066 2956 3348 3177 eft
3413 3038 3891 3179 très-

550 3322 1018 3548 bon
1066 3304 1326 3528 de
1392 3382 1666 3521 ne
1720 3320 1992 3604 s'y
2092 3313 2714 3608 point
2770 3269 3490 3499 froter.
3718 3292 3902 3493 le

556 3654 960 3862 fuis
1032 3629 1852 3851 deuenu
1908 3600 2171 3839 là-
2232 3593 2884 3825 deffus
2947 3574 3744 3902 fqauant
3804 3578 3900 3812 à

552 4044 994 4184 mes
1062 3930 1951 4250 dépens,
2010 3957 2222 4149 &
2283 3933 3178 4140 connois
3237 3905 3414 4129 le
3485 3895 3901 4202 fty-

556 4267 760 4492 le
876 4276 1224 4494 des
1332 4236 2160 4490 Nobles
2207 4236 2627 4458 lors
2733 4219 3307 4544 qu’ils
3425 4290 3911 4443 nous

558 4582 1070 4816 font
1187 4658 1730 4801 nous
1823 4637 2477 4791 autres
2643 4617 3329 4767 entrer
3445 4533 3901 4755 dans

564 4903 1024 5132 leur
1107 4883 1979 5118 famille.
2232 4861 3299 5101 L’alliance
3369 4832 3911 5168 qu’ils

573 5218 1074 5451 font
1179 5208 1469 5433 eft
1575 5217 2233 5525 petite
2331 5266 2829 5411 auec
2979 5257 3357 5399 nos
3459 5236 3908 5491 per-

588 5549 1411 5772 fonnes.
1608 5523 2171 5749 C’eft
2229 5501 2923 5741 noftre
2971 5481 3471 5720 bien
3539 5462 3919 5705 feul

603 5863 1206 6180 qu’ils
1365 5844 2562 6175 époufent,
2778 5856 2985 6047 &
3161 5800 3929 6032 i’aurois

587 6177 1092 6425 bien
1169 6192 1871 6417 mieux
1927 6157 2392 6448 fait,
2453 6225 2931 6385 tout
2976 6124 3527 6366 riche
3572 6178 3935 6437 que
