4042 7342
1270 106 2166 342 Comedie.
3242 190 3430 382 ly

122 450 486 678 fiez
550 530 1042 666 vous
1102 514 1990 750 vanger,
2090 458 2290 646 &
2342 410 2514 638 la
2586 418 3450 638 Gentil-

122 774 1234 986 hommerie
1350 834 1862 966 vous
1982 762 2510 962 tient
2618 722 2894 954 les
3018 730 3470 954 bras

134 1086 558 1298 liez.
890 1054 1854 1382 L’égalité
1982 1058 2218 1278 de
2290 1050 3466 1274 condition

126 1390 618 1614 laisse
774 1386 1042 1598 du
1210 1398 1898 1598 moins
2054 1366 2170 1594 à
2354 1358 3466 1590 l’honneur

134 1714 1182 1994 d’vnmaiy
1298 1682 2034 1914 liberté
2150 1690 2402 1902 de
2502 1694 3466 1902 refienti-

142 2094 778 2286 ment,
838 2046 1026 2234 &
1110 2002 1234 2230 fi
1306 2006 1758 2226 c’elf
1786 2022 2098 2230 oit
2166 2086 2570 2234 vne
2642 2002 3370 2222 Païfan
3422 2138 3482 2174 -

126 2418 470 2598 ne,
630 2410 1126 2550 vous
1326 2342 1998 2546 auriez
2162 2338 3474 2546 maintenant

138 2718 758 2866 toutes
834 2730 1186 2866 vos
1318 2638 2218 2866 coudées
2322 2626 3282 2862 franches
3358 2626 3482 2854 à

134 3042 606 3182 vous
690 3042 922 3182 en
1038 2954 1506 3174 faire
1634 2954 1818 3174 la
1930 2958 2654 3182 iufticc
2766 2942 2878 3170 à
2934 2942 3470 3182 bons

138 3354 726 3578 coups
794 3266 1022 3486 de
1138 3266 1970 3498 basson.
2326 3282 2870 3490 Mais
2946 3354 3482 3502 vous

134 3662 578 3802 aucz
638 3582 1254 3810 voulu
1326 3594 1918 3810 tasser
1974 3590 2222 3810 de
2286 3590 2466 3806 la
2518 3574 3482 3810 Nobîef-

146 3898 426 4158 fe,
542 3930 722 4118 &
830 3894 966 4114 il
1074 3902 3470 4206 vousennuyoitd’eflrc

138 4206 886 4426 maiftre
938 4218 1422 4442 chez
1490 4314 2062 4454 vous.
2114 4250 2282 4454 A
2330 4214 3466 4538 h.'i’cnragc

134 4510 362 4730 de
462 4594 910 4742 tout
1038 4626 1546 4762 mon
1678 4626 2378 4798 coeur,
2506 4578 2698 4762 &
2842 4558 3026 4758 ic
3138 4618 3466 4758 me

134 4826 1182 5074 donnerois
1258 4854 2418 5082 volontiers
2486 4862 2818 5082 des
2894 4842 3470 5078 fouf-

142 5130 1254 5474 flets.Quoy
1326 5166 2158 5398 écouter
2214 5174 3466 5490 impudem¬

138 5526 682 5686 ment
850 5482 1694 5714 l’amour
1854 5498 2330 5718 d’vn
2506 5502 3454 5714 Damoi-

146 5746 622 6010 feau,
710 5818 890 6006 &
950 5886 1070 6082 y
1138 5886 2270 6106 promettre
2334 5894 2586 6030 en
2690 5806 3462 6030 mefme

142 6134 762 6402 temps
862 6106 1102 6330 de
1226 6122 1402 6342 la
1538 6122 3322 6434 correspondance
3398 6178 3446 6342 1

2206 6466 2354 6662 B
2506 6462 2634 6746 ij
