4042 7603
489 298 732 583 z8
1464 296 2159 601 George
2305 282 3115 509 Dandin
3130 466 3195 542 y

482 612 1100 863 amba
1141 608 1900 889 (fades,
1973 619 2085 833 à
2158 598 3088 832 m’écrire
3205 606 3867 873 fecret-

495 1033 709 1183 te
779 1024 1217 1174 met
1294 943 1549 1165 de
1618 951 2264 1266 petits
2362 922 3072 1156 billets
3142 937 3881 1241 doux,à

499 1277 1069 1599 épier
1214 1264 1509 1489 les
1691 1338 2693 1490 momens
2858 1337 3273 1575 que
3451 1352 3885 1526 mon

483 1676 1087 1902 mary
1200 1616 1539 1897 n’y
1611 1588 2042 1809 fera
2103 1666 2585 1905 pas,
2664 1666 2950 1804 ou
3071 1574 3254 1795 le
3324 1665 3889 1934 temps

488 2012 918 2243 que
975 1936 1162 2142 ie
1223 1896 1731 2142 sorti
1755 1995 2098 2217 ray
2235 1982 2789 2220 pour
2895 1980 3229 2128 me
3335 1925 3890 2230 parler

480 2235 2434 2479 devoftreamour.
2580 2249 3894 2482 Vousn’auez

484 2565 975 2903 qu'à
1028 2656 1164 2882 y
1253 2583 1982 2840 venir,
2108 2579 2295 2784 ie
2401 2638 2923 2784 vous
3056 2642 3895 2879 promets

489 2989 912 3211 que
982 2975 1516 3130 vous
1573 2883 2140 3121 ferez
2205 2970 2812 3116 receu
2897 2965 3716 3127 comme
3793 2901 3900 3125 il

493 3225 1031 3459 faut.

1550 3541 2948 3717 CLITANDRE.

734 3835 2852 4135 HélàlàjMadame,
2926 3933 3405 4083 tout
3466 3856 3916 4090 dou¬

495 4256 1428 4411 cement.
1639 4172 1805 4404 Il
1871 4178 2397 4405 n’eft
2490 4184 3921 4500 pasncceflaire

495 4509 762 4743 de
824 4591 1166 4731 me
1239 4492 1750 4738 faire
1844 4587 2322 4737 tant
2443 4506 2706 4736 de
2823 4506 3653 4823 leçons,
3767 4540 3922 4743 &

503 4836 774 5067 de
848 4920 1394 5066 vous
1443 4915 1910 5065 tant
1971 4826 3290 5078 fcandalifer.
3543 4849 3919 5135 Qui

504 5248 1058 5399 vous
1176 5160 1502 5393 dit
1615 5251 2042 5489 que
2136 5179 2330 5388 ie
2439 5150 3126 5495 fonge
3263 5161 3371 5395 à
3472 5237 3918 5398 vous

513 5509 1251 5727 aimer?

1621 5846 3010 6052 ANGELIQVE.

648 6119 1152 6395 Que
1253 6103 1725 6426 fçay
1847 6255 1927 6293 -
2001 6131 2196 6337 ie
2310 6201 2841 6427 moy
2974 6213 3216 6355 ce
3341 6180 3928 6447 quon

494 6505 852 6676 me
906 6440 1516 6673 vient
1578 6522 2324 6684 conter
2377 6463 2709 6767 icy
2762 6502 2833 6679 ?
