4042 7415
1409 187 2093 493 George
2201 175 2989 399 Dandin
3009 359 3061 432 t

525 224 775 401 16
536 475 1585 712 Morbleu
1736 508 1917 709 ie
2092 573 2361 714 ne
2560 578 3105 723 veux
3316 545 3853 828 point

528 809 1200 1034 laifler
1303 808 1964 1124 palier
2056 893 2472 1037 vne
2596 808 3560 1061 occafion
3667 869 3864 1085 de

527 1137 723 1358 la
799 1122 1403 1350 forte.
1471 1120 1639 1348 Il
1719 1216 2043 1353 me
2111 1117 2559 1354 faut
2623 1130 2867 1359 de
2935 1220 3163 1356 ce
3235 1224 3563 1452 pas
3615 1169 3867 1389 al¬

530 1457 826 1678 ler
870 1434 1378 1662 faire
1454 1528 1862 1661 mes
1938 1441 2818 1761 plaintes
2894 1535 3142 1672 au
3218 1525 3870 1768 pere&

537 1765 658 1994 à
721 1770 906 1986 la
985 1800 1830 2028 mere>SL
1893 1765 2166 1985 les
2213 1774 2950 1995 rendre
3041 1776 3881 2030 témoins

540 2081 653 2318 à
724 2079 1189 2314 telle
1256 2067 1565 2300 fin
1632 2168 2037 2396 que
2104 2077 2361 2302 de
2436 2087 3529 2352 raifon,des
3588 2113 3881 2337 su¬

519 2437 924 2705 jets
1004 2407 1252 2627 de
1372 2396 2252 2729 chagrin
2368 2442 2576 2634 &
2684 2411 2932 2631 de
3048 2412 3896 2653 ressenti,

531 2810 1139 2954 ment
1207 2795 1611 3023 que
1663 2720 2099 2953 leur
2179 2713 2611 2946 fille
2723 2811 3055 2951 me
3163 2724 3875 2982 donne.

530 3057 1082 3270 Mais
1186 3027 1466 3256 les
1558 3069 2194 3361 voicy
2318 3042 2758 3282 l'vn
2910 3079 3111 3276 &
3278 3048 3886 3290 l’autre

529 3365 970 3598 fort
1069 3355 1186 3599 à
1281 3443 2149 3693 propos.

920 4493 2729 4824 SCENE
3128 4506 3696 4827 IV.

538 4985 1786 5128 MONSIEVR
1986 5001 2258 5130 ET
2434 5000 3470 5137 MADAME
3678 4997 3898 5133 DE

757 5170 1969 5349 SOTENVILLE,
2069 5185 2833 5317 GEORGE
2949 5185 3733 5321 DANDIN.

848 5434 1161 5619 Mt
1356 5439 1717 5624 DE
1876 5448 3668 5641 SOTENVILLE.

1347 5884 1928 6120 V’eft
2079 5977 2383 6170 ce,
2455 5974 2979 6115 mon
3043 5889 3771 6212 gendre
3855 5929 3904 6102 ?

1354 6291 1883 6437 vous
1990 6293 2323 6442 me
2414 6207 3411 6534 paroisses
3518 6273 3911 6433 tout

549 6533 1495 6771 troublé.
