<?xml version="1.0" encoding="UTF-8" standalone="yes"?>
<PcGts xmlns="http://schema.primaresearch.org/PAGE/gts/pagecontent/2013-07-15" xmlns:xsi="http://www.w3.org/2001/XMLSchema-instance" xsi:schemaLocation="http://schema.primaresearch.org/PAGE/gts/pagecontent/2013-07-15 http://schema.primaresearch.org/PAGE/gts/pagecontent/2013-07-15/pagecontent.xsd">
    <Metadata>
        <Creator></Creator>
        <Created>2019-02-01T09:58:32.431+01:00</Created>
        <LastChange>2019-10-04T10:27:23.082+02:00</LastChange>
        <Comments>
                Measurement unit: pixel
                PrimaryLanguage: English
                Language: FrenchStandard
                Producer: ABBYY FineReader Engine 11</Comments>
        <TranskribusMetadata docId="188655" pageId="7481086" pageNr="30" tsid="16303194" status="DONE" userId="10612" imgUrl="https://files.transkribus.eu/Get?id=UPFKPUJTSUKPOBYWMJCOGVTG&amp;fileType=view" xmlUrl="https://files.transkribus.eu/Get?id=LLGNZFWAZMEOVBNKZZJVVLQR" imageId="2612685"/>
    </Metadata>
    <Page imageFilename="Moliere1669_Dandin_cb30958651f_cropped_corrected_0030.png" imageWidth="4042" imageHeight="7415">
        <PrintSpace>
            <Coords points="472,152 4032,152 4032,6624 472,6624"/>
        </PrintSpace>
        <ReadingOrder>
            <OrderedGroup id="ro_1604226794022" caption="Regions reading order">
                <RegionRefIndexed index="0" regionRef="r_1_1"/>
                <RegionRefIndexed index="1" regionRef="r_1_2"/>
                <RegionRefIndexed index="2" regionRef="r_1_3"/>
                <RegionRefIndexed index="3" regionRef="r_1_4"/>
                <RegionRefIndexed index="4" regionRef="r_1_5"/>
                <RegionRefIndexed index="5" regionRef="r_1_6"/>
                <RegionRefIndexed index="6" regionRef="r_1_7"/>
                <RegionRefIndexed index="7" regionRef="r_1_8"/>
            </OrderedGroup>
        </ReadingOrder>
        <TextRegion type="paragraph" id="r_1_1" custom="readingOrder {index:0;}">
            <Coords points="552,183 3175,183 3175,499 552,499"/>
            <TextLine id="tl_1" primaryLanguage="English" custom="readingOrder {index:0;}">
                <Coords points="553,184 3174,184 3174,498 553,498"/>
                <Baseline points="553,419 622,419 2174,398 2522,407 3174,444"/>
                <Word id="w_w2aab1b1b2b1b1ab1" language="English" custom="readingOrder {index:0;}">
                    <Coords points="553,201 754,201 754,419 553,419"/>
                    <TextEquiv>
                        <Unicode>18</Unicode>
                    </TextEquiv>
                    <TextStyle fontFamily="Times New Roman" fontSize="12.0" bold="true"/>
                </Word>
                <Word id="w_w2aab1b1b2b1b1b1b1" language="English" custom="readingOrder {index:1;}">
                    <Coords points="1469,201 2174,201 2174,498 1469,498"/>
                    <TextEquiv>
                        <Unicode>George</Unicode>
                    </TextEquiv>
                    <TextStyle fontFamily="Times New Roman" fontSize="10.5" italic="true"/>
                </Word>
                <Word id="w_w2aab1b1b2b1b1b1c15" language="English" custom="readingOrder {index:2;}">
                    <Coords points="2274,211 2522,211 2522,407 2274,407"/>
                    <TextEquiv>
                        <Unicode>U</Unicode>
                    </TextEquiv>
                    <TextStyle fontFamily="Times New Roman" fontSize="10.5" italic="true"/>
                </Word>
                <Word id="w_w2aab1b1b2b1b1b1c19" language="English" custom="readingOrder {index:3;}">
                    <Coords points="2534,184 3174,184 3174,444 2534,444"/>
                    <TextEquiv>
                        <Unicode>andin,</Unicode>
                    </TextEquiv>
                    <TextStyle fontFamily="Times New Roman" fontSize="10.5" italic="true"/>
                </Word>
                <TextEquiv>
                    <Unicode>18 George Dandin,</Unicode>
                </TextEquiv>
            </TextLine>
            <TextEquiv>
                <Unicode>18 George Dandin,</Unicode>
            </TextEquiv>
        </TextRegion>
        <TextRegion type="paragraph" id="r_1_2" custom="readingOrder {index:1;}">
            <Coords points="832,515 3626,515 3626,750 832,750"/>
            <TextLine id="tl_2" primaryLanguage="English" custom="readingOrder {index:0;}">
                <Coords points="833,516 3625,516 3625,749 833,749"/>
                <Baseline points="833,724 2033,726 3625,749"/>
                <Word id="w_w2aab1b1b2b3b1ab1" language="English" custom="readingOrder {index:0;}">
                    <Coords points="833,516 2033,516 2033,732 833,732"/>
                    <TextEquiv>
                        <Unicode>GEORGE</Unicode>
                    </TextEquiv>
                    <TextStyle fontFamily="Times New Roman" fontSize="12.0"/>
                </Word>
                <Word id="w_w2aab1b1b2b3b1ac15" language="English" custom="readingOrder {index:1;}">
                    <Coords points="2333,531 3625,531 3625,749 2333,749"/>
                    <TextEquiv>
                        <Unicode>DANDIN.</Unicode>
                    </TextEquiv>
                    <TextStyle fontFamily="Times New Roman" fontSize="12.0"/>
                </Word>
                <TextEquiv>
                    <Unicode>GEORGE DANDIN.</Unicode>
                </TextEquiv>
                <TextStyle fontFamily="Times New Roman" fontSize="12.0"/>
            </TextLine>
            <TextEquiv>
                <Unicode>GEORGE DANDIN.</Unicode>
            </TextEquiv>
        </TextRegion>
        <TextRegion type="paragraph" id="r_1_3" custom="readingOrder {index:2;}">
            <Coords points="707,854 1982,854 1982,1057 707,1057"/>
            <TextLine id="tl_3" primaryLanguage="English" custom="readingOrder {index:0;}">
                <Coords points="708,855 1981,855 1981,1056 708,1056"/>
                <Baseline points="708,1056 1981,1038"/>
                <Word id="w_w2aab1b1b2b5b1ab1" language="English" custom="readingOrder {index:0;}">
                    <Coords points="708,855 1981,855 1981,1056 708,1056"/>
                    <TextEquiv>
                        <Unicode>Comment?</Unicode>
                    </TextEquiv>
                    <TextStyle fontFamily="Times New Roman" fontSize="12.0"/>
                </Word>
                <TextEquiv>
                    <Unicode>Comment?</Unicode>
                </TextEquiv>
                <TextStyle fontFamily="Times New Roman" fontSize="12.0"/>
            </TextLine>
            <TextEquiv>
                <Unicode>Comment?</Unicode>
            </TextEquiv>
        </TextRegion>
        <TextRegion type="paragraph" id="r_1_4" custom="readingOrder {index:3;}">
            <Coords points="775,1149 3709,1149 3709,1394 775,1394"/>
            <TextLine id="tl_4" primaryLanguage="English" custom="readingOrder {index:0;}">
                <Coords points="776,1150 3708,1150 3708,1393 776,1393"/>
                <Baseline points="776,1368 1048,1368 1136,1300 1696,1361 3708,1393"/>
                <Word id="w_w2aab1b1b2b7b1ab1" language="English" custom="readingOrder {index:0;}">
                    <Coords points="776,1152 1048,1152 1048,1368 776,1368"/>
                    <TextEquiv>
                        <Unicode>M</Unicode>
                    </TextEquiv>
                    <TextStyle fontFamily="Times New Roman" fontSize="12.0"/>
                </Word>
                <Word id="w_w2aab1b1b2b7b1b1b1" language="English" custom="readingOrder {index:1;}">
                    <Coords points="1072,1220 1136,1220 1136,1300 1072,1300"/>
                    <TextEquiv>
                        <Unicode>c</Unicode>
                    </TextEquiv>
                    <TextStyle fontFamily="Times New Roman" fontSize="12.0" superscript="true"/>
                </Word>
                <Word id="w_w2aab1b1b2b7b1b2b3" language="English" custom="readingOrder {index:2;}">
                    <Coords points="1308,1161 1696,1161 1696,1361 1308,1361"/>
                    <TextEquiv>
                        <Unicode>DE</Unicode>
                    </TextEquiv>
                    <TextStyle fontFamily="Times New Roman" fontSize="12.0"/>
                </Word>
                <Word id="w_w2aab1b1b2b7b1b2b9" language="English" custom="readingOrder {index:3;}">
                    <Coords points="1836,1150 3708,1150 3708,1393 1836,1393"/>
                    <TextEquiv>
                        <Unicode>SOTENVILLE.</Unicode>
                    </TextEquiv>
                    <TextStyle fontFamily="Times New Roman" fontSize="12.0"/>
                </Word>
                <TextEquiv>
                    <Unicode>Me DE SOTENVILLE.</Unicode>
                </TextEquiv>
            </TextLine>
            <TextEquiv>
                <Unicode>Me DE SOTENVILLE.</Unicode>
            </TextEquiv>
        </TextRegion>
        <TextRegion type="paragraph" id="r_1_5" custom="readingOrder {index:4;}">
            <Coords points="533,1417 3894,1417 3894,3294 533,3294"/>
            <TextLine id="tl_5" primaryLanguage="English" custom="readingOrder {index:0;}">
                <Coords points="839,1418 3891,1420 3891,1776 839,1774"/>
                <Baseline points="839,1692 1183,1680 1835,1682 2811,1672 2923,1632 3803,1722 3887,1661"/>
                <Word id="w_w2aab1b1b2b9b1ab1" language="English" custom="readingOrder {index:0;}">
                    <Coords points="839,1484 1183,1484 1183,1692 839,1692"/>
                    <TextEquiv>
                        <Unicode>Ne</Unicode>
                    </TextEquiv>
                    <TextStyle fontFamily="Times New Roman" fontSize="12.0"/>
                </Word>
                <Word id="w_w2aab1b1b2b9b1ab7" language="English" custom="readingOrder {index:1;}">
                    <Coords points="1303,1549 1835,1549 1835,1685 1303,1685"/>
                    <TextEquiv>
                        <Unicode>vous</Unicode>
                    </TextEquiv>
                    <TextStyle fontFamily="Times New Roman" fontSize="12.0"/>
                </Word>
                <Word id="w_w2aab1b1b2b9b1ac17" language="English" custom="readingOrder {index:2;}">
                    <Coords points="1979,1447 2811,1447 2811,1686 1979,1686"/>
                    <TextEquiv>
                        <Unicode>déferez</Unicode>
                    </TextEquiv>
                    <TextStyle fontFamily="Times New Roman" fontSize="12.0"/>
                </Word>
                <Word id="w_w2aab1b1b2b9b1ac33" language="English" custom="readingOrder {index:3;}">
                    <Coords points="2887,1612 2923,1612 2923,1632 2887,1632"/>
                    <TextEquiv>
                        <Unicode>-</Unicode>
                    </TextEquiv>
                    <TextStyle fontFamily="Times New Roman" fontSize="12.0"/>
                </Word>
                <Word id="w_w2aab1b1b2b9b1ac37" language="English" custom="readingOrder {index:4;}">
                    <Coords points="3051,1418 3888,1422 3888,1778 3051,1774"/>
                    <TextEquiv>
                        <Unicode>vousia-j</Unicode>
                    </TextEquiv>
                    <TextStyle fontFamily="Times New Roman" fontSize="12.0"/>
                </Word>
                <TextEquiv>
                    <Unicode>Ne vous déferez-vous ia¬</Unicode>
                </TextEquiv>
                <TextStyle fontFamily="Times New Roman" fontSize="12.0"/>
            </TextLine>
            <TextLine id="tl_6" primaryLanguage="English" custom="readingOrder {index:1;}">
                <Coords points="550,1768 3882,1768 3882,2078 550,2078"/>
                <Baseline points="550,2011 2203,2078 2515,1991 2779,1996 3882,1982"/>
                <Word id="w_w2aab1b1b2b9b3ab1" language="English" custom="readingOrder {index:0;}">
                    <Coords points="550,1800 2203,1800 2203,2078 550,2078"/>
                    <TextEquiv>
                        <Unicode>maisaueemoy</Unicode>
                    </TextEquiv>
                    <TextStyle fontFamily="Times New Roman" fontSize="12.0"/>
                </Word>
                <Word id="w_w2aab1b1b2b9b3ac25" language="English" custom="readingOrder {index:1;}">
                    <Coords points="2270,1775 2515,1775 2515,1995 2270,1995"/>
                    <TextEquiv>
                        <Unicode>de</Unicode>
                    </TextEquiv>
                    <TextStyle fontFamily="Times New Roman" fontSize="12.0"/>
                </Word>
                <Word id="w_w2aab1b1b2b9b3ac31" language="English" custom="readingOrder {index:2;}">
                    <Coords points="2602,1779 2779,1779 2779,1996 2602,1996"/>
                    <TextEquiv>
                        <Unicode>la</Unicode>
                    </TextEquiv>
                    <TextStyle fontFamily="Times New Roman" fontSize="12.0"/>
                </Word>
                <Word id="w_w2aab1b1b2b9b3ac37" language="English" custom="readingOrder {index:3;}">
                    <Coords points="2894,1768 3882,1768 3882,2026 2894,2026"/>
                    <TextEquiv>
                        <Unicode>familiari¬</Unicode>
                    </TextEquiv>
                    <TextStyle fontFamily="Times New Roman" fontSize="12.0"/>
                </Word>
                <TextEquiv>
                    <Unicode>mais auec moy de la familiari¬</Unicode>
                </TextEquiv>
                <TextStyle fontFamily="Times New Roman" fontSize="12.0"/>
            </TextLine>
            <TextLine id="tl_7" primaryLanguage="English" custom="readingOrder {index:2;}">
                <Coords points="534,2087 3890,2087 3890,2402 534,2402"/>
                <Baseline points="534,2323 766,2320 1090,2320 1374,2313 1914,2318 2226,2314 2646,2311 3242,2320 3890,2402"/>
                <Word id="w_w2aab1b1b2b9b5ab1" language="English" custom="readingOrder {index:0;}">
                    <Coords points="534,2091 766,2091 766,2323 534,2323"/>
                    <TextEquiv>
                        <Unicode>té</Unicode>
                    </TextEquiv>
                    <TextStyle fontFamily="Times New Roman" fontSize="12.0"/>
                </Word>
                <Word id="w_w2aab1b1b2b9b5ab7" language="English" custom="readingOrder {index:1;}">
                    <Coords points="842,2100 1090,2100 1090,2324 842,2324"/>
                    <TextEquiv>
                        <Unicode>de</Unicode>
                    </TextEquiv>
                    <TextStyle fontFamily="Times New Roman" fontSize="12.0"/>
                </Word>
                <Word id="w_w2aab1b1b2b9b5ac13" language="English" custom="readingOrder {index:2;}">
                    <Coords points="1154,2184 1374,2184 1374,2320 1154,2320"/>
                    <TextEquiv>
                        <Unicode>ce</Unicode>
                    </TextEquiv>
                    <TextStyle fontFamily="Times New Roman" fontSize="12.0"/>
                </Word>
                <Word id="w_w2aab1b1b2b9b5ac19" language="English" custom="readingOrder {index:3;}">
                    <Coords points="1442,2178 1914,2178 1914,2318 1442,2318"/>
                    <TextEquiv>
                        <Unicode>mot</Unicode>
                    </TextEquiv>
                    <TextStyle fontFamily="Times New Roman" fontSize="12.0"/>
                </Word>
                <Word id="w_w2aab1b1b2b9b5ac27" language="English" custom="readingOrder {index:4;}">
                    <Coords points="1974,2102 2226,2102 2226,2322 1974,2322"/>
                    <TextEquiv>
                        <Unicode>de</Unicode>
                    </TextEquiv>
                    <TextStyle fontFamily="Times New Roman" fontSize="12.0"/>
                </Word>
                <Word id="w_w2aab1b1b2b9b5ac33" language="English" custom="readingOrder {index:5;}">
                    <Coords points="2314,2179 2646,2179 2646,2315 2314,2315"/>
                    <TextEquiv>
                        <Unicode>ma</Unicode>
                    </TextEquiv>
                    <TextStyle fontFamily="Times New Roman" fontSize="12.0"/>
                </Word>
                <Word id="w_w2aab1b1b2b9b5ac39" language="English" custom="readingOrder {index:6;}">
                    <Coords points="2718,2087 3242,2087 3242,2320 2718,2320"/>
                    <TextEquiv>
                        <Unicode>belle</Unicode>
                    </TextEquiv>
                    <TextStyle fontFamily="Times New Roman" fontSize="12.0"/>
                </Word>
                <Word id="w_w2aab1b1b2b9b5ac51" language="English" custom="readingOrder {index:7;}">
                    <Coords points="3366,2193 3890,2193 3890,2402 3366,2402"/>
                    <TextEquiv>
                        <Unicode>mère,</Unicode>
                    </TextEquiv>
                    <TextStyle fontFamily="Times New Roman" fontSize="12.0"/>
                </Word>
                <TextEquiv>
                    <Unicode>té de ce mot de ma belle mere,</Unicode>
                </TextEquiv>
                <TextStyle fontFamily="Times New Roman" fontSize="12.0"/>
            </TextLine>
            <TextLine id="tl_8" primaryLanguage="English" custom="readingOrder {index:3;}">
                <Coords points="549,2417 3894,2419 3894,2723 549,2721"/>
                <Baseline points="549,2643 761,2643 1185,2636 2853,2636 3469,2641 3885,2614"/>
                <Word id="w_w2aab1b1b2b9b7ab1" language="English" custom="readingOrder {index:0;}">
                    <Coords points="549,2451 761,2451 761,2643 549,2643"/>
                    <TextEquiv>
                        <Unicode>&amp;</Unicode>
                    </TextEquiv>
                    <TextStyle fontFamily="Times New Roman" fontSize="12.0"/>
                </Word>
                <Word id="w_w2aab1b1b2b9b7ab5" language="English" custom="readingOrder {index:1;}">
                    <Coords points="917,2496 1185,2496 1185,2636 917,2636"/>
                    <TextEquiv>
                        <Unicode>ne</Unicode>
                    </TextEquiv>
                    <TextStyle fontFamily="Times New Roman" fontSize="12.0"/>
                </Word>
                <Word id="w_w2aab1b1b2b9b7ac11" language="English" custom="readingOrder {index:2;}">
                    <Coords points="1321,2417 2853,2417 2853,2721 1321,2721"/>
                    <TextEquiv>
                        <Unicode>fçauriez-vous</Unicode>
                    </TextEquiv>
                    <TextStyle fontFamily="Times New Roman" fontSize="12.0"/>
                </Word>
                <Word id="w_w2aab1b1b2b9b7ac39" language="English" custom="readingOrder {index:3;}">
                    <Coords points="2965,2508 3469,2508 3469,2641 2965,2641"/>
                    <TextEquiv>
                        <Unicode>vous</Unicode>
                    </TextEquiv>
                    <TextStyle fontFamily="Times New Roman" fontSize="12.0"/>
                </Word>
                <Word id="w_w2aab1b1b2b9b7ac49" language="English" custom="readingOrder {index:4;}">
                    <Coords points="3589,2521 3885,2521 3885,2658 3589,2658"/>
                    <TextEquiv>
                        <Unicode>ac-</Unicode>
                    </TextEquiv>
                    <TextStyle fontFamily="Times New Roman" fontSize="12.0"/>
                </Word>
                <TextEquiv>
                    <Unicode>&amp; ne ſçauriez-vous vous ac¬</Unicode>
                </TextEquiv>
                <TextStyle fontFamily="Times New Roman" fontSize="12.0"/>
            </TextLine>
            <TextLine id="tl_9" primaryLanguage="English" custom="readingOrder {index:4;}">
                <Coords points="540,2730 3880,2730 3880,2974 540,2974"/>
                <Baseline points="540,2955 1917,2954 2321,2955 2801,2956 3880,2974"/>
                <Word id="w_w2aab1b1b2b9b9ab1" language="English" custom="readingOrder {index:0;}">
                    <Coords points="540,2730 1917,2730 1917,2961 540,2961"/>
                    <TextEquiv>
                        <Unicode>couftumerà</Unicode>
                    </TextEquiv>
                    <TextStyle fontFamily="Times New Roman" fontSize="12.0"/>
                </Word>
                <Word id="w_w2aab1b1b2b9b9ac23" language="English" custom="readingOrder {index:1;}">
                    <Coords points="2000,2822 2321,2822 2321,2955 2000,2955"/>
                    <TextEquiv>
                        <Unicode>me</Unicode>
                    </TextEquiv>
                    <TextStyle fontFamily="Times New Roman" fontSize="12.0"/>
                </Word>
                <Word id="w_w2aab1b1b2b9b9ac29" language="English" custom="readingOrder {index:2;}">
                    <Coords points="2380,2739 2801,2739 2801,2956 2380,2956"/>
                    <TextEquiv>
                        <Unicode>dire</Unicode>
                    </TextEquiv>
                    <TextStyle fontFamily="Times New Roman" fontSize="12.0"/>
                </Word>
                <Word id="w_w2aab1b1b2b9b9ac39" language="English" custom="readingOrder {index:3;}">
                    <Coords points="2904,2741 3880,2741 3880,2974 2904,2974"/>
                    <TextEquiv>
                        <Unicode>Madame.</Unicode>
                    </TextEquiv>
                    <TextStyle fontFamily="Times New Roman" fontSize="12.0"/>
                </Word>
                <TextEquiv>
                    <Unicode>couſtumer à me dire Madame.</Unicode>
                </TextEquiv>
                <TextStyle fontFamily="Times New Roman" fontSize="12.0"/>
            </TextLine>
            <TextLine id="tl_10" primaryLanguage="English" custom="readingOrder {index:5;}">
                <Coords points="896,3067 3628,3067 3628,3293 896,3293"/>
                <Baseline points="896,3272 2104,3282 3628,3289"/>
                <Word id="w_w2aab1b1b2b9c11ab1" language="English" custom="readingOrder {index:0;}">
                    <Coords points="896,3068 2104,3068 2104,3289 896,3289"/>
                    <TextEquiv>
                        <Unicode>GEORGE</Unicode>
                    </TextEquiv>
                    <TextStyle fontFamily="Times New Roman" fontSize="12.0"/>
                </Word>
                <Word id="w_w2aab1b1b2b9c11ac15" language="English" custom="readingOrder {index:1;}">
                    <Coords points="2324,3067 3628,3067 3628,3293 2324,3293"/>
                    <TextEquiv>
                        <Unicode>DANDIN.</Unicode>
                    </TextEquiv>
                    <TextStyle fontFamily="Times New Roman" fontSize="12.0"/>
                </Word>
                <TextEquiv>
                    <Unicode>GEORGE DANDIN.</Unicode>
                </TextEquiv>
                <TextStyle fontFamily="Times New Roman" fontSize="12.0"/>
            </TextLine>
            <TextEquiv>
                <Unicode>Ne vous déferez-vous ia¬
mais auec moy de la familiari¬
té de ce mot de ma belle mere,
&amp; ne ſçauriez-vous vous ac¬
couſtumer à me dire Madame.
GEORGE DANDIN.</Unicode>
            </TextEquiv>
        </TextRegion>
        <TextRegion type="paragraph" id="r_1_6" custom="readingOrder {index:5;}">
            <Coords points="520,3363 3895,3363 3895,4568 520,4568"/>
            <TextLine id="tl_11" primaryLanguage="English" custom="readingOrder {index:0;}">
                <Coords points="755,3364 3891,3364 3891,3697 755,3697"/>
                <Baseline points="755,3604 1787,3654 2060,3602 2659,3603 3891,3618"/>
                <Word id="w_w2aab1b1b2c11b1ab1" language="English" custom="readingOrder {index:0;}">
                    <Coords points="755,3364 1787,3364 1787,3654 755,3654"/>
                    <TextEquiv>
                        <Unicode>Parbleu,</Unicode>
                    </TextEquiv>
                    <TextStyle fontFamily="Times New Roman" fontSize="12.0"/>
                </Word>
                <Word id="w_w2aab1b1b2c11b1ac19" language="English" custom="readingOrder {index:1;}">
                    <Coords points="1911,3370 2060,3370 2060,3602 1911,3602"/>
                    <TextEquiv>
                        <Unicode>(î</Unicode>
                    </TextEquiv>
                    <TextStyle fontFamily="Times New Roman" fontSize="12.0"/>
                </Word>
                <Word id="w_w2aab1b1b2c11b1ac25" language="English" custom="readingOrder {index:2;}">
                    <Coords points="2131,3463 2659,3463 2659,3606 2131,3606"/>
                    <TextEquiv>
                        <Unicode>vous</Unicode>
                    </TextEquiv>
                    <TextStyle fontFamily="Times New Roman" fontSize="12.0"/>
                </Word>
                <Word id="w_w2aab1b1b2c11b1ac35" language="English" custom="readingOrder {index:3;}">
                    <Coords points="2759,3381 3891,3381 3891,3697 2759,3697"/>
                    <TextEquiv>
                        <Unicode>m'appeliez</Unicode>
                    </TextEquiv>
                    <TextStyle fontFamily="Times New Roman" fontSize="12.0"/>
                </Word>
                <TextEquiv>
                    <Unicode>Parbleu, ſi vous m'appellez</Unicode>
                </TextEquiv>
                <TextStyle fontFamily="Times New Roman" fontSize="12.0"/>
            </TextLine>
            <TextLine id="tl_12" primaryLanguage="English" custom="readingOrder {index:1;}">
                <Coords points="534,3695 3891,3695 3891,4021 534,4021"/>
                <Baseline points="534,3927 1231,3912 2291,3971 2559,3915 3075,3920 3891,3930"/>
                <Word id="w_w2aab1b1b2c11b3ab1" language="English" custom="readingOrder {index:0;}">
                    <Coords points="534,3696 1231,3696 1231,3927 534,3927"/>
                    <TextEquiv>
                        <Unicode>voftrc</Unicode>
                    </TextEquiv>
                    <TextStyle fontFamily="Times New Roman" fontSize="12.0"/>
                </Word>
                <Word id="w_w2aab1b1b2c11b3ac15" language="English" custom="readingOrder {index:1;}">
                    <Coords points="1382,3702 2291,3702 2291,4021 1382,4021"/>
                    <TextEquiv>
                        <Unicode>gendre,</Unicode>
                    </TextEquiv>
                    <TextStyle fontFamily="Times New Roman" fontSize="12.0"/>
                </Word>
                <Word id="w_w2aab1b1b2c11b3ac31" language="English" custom="readingOrder {index:2;}">
                    <Coords points="2410,3695 2559,3695 2559,3915 2410,3915"/>
                    <TextEquiv>
                        <Unicode>il</Unicode>
                    </TextEquiv>
                    <TextStyle fontFamily="Times New Roman" fontSize="12.0"/>
                </Word>
                <Word id="w_w2aab1b1b2c11b3ac37" language="English" custom="readingOrder {index:3;}">
                    <Coords points="2742,3787 3075,3787 3075,3920 2742,3920"/>
                    <TextEquiv>
                        <Unicode>me</Unicode>
                    </TextEquiv>
                    <TextStyle fontFamily="Times New Roman" fontSize="12.0"/>
                </Word>
                <Word id="w_w2aab1b1b2c11b3ac43" language="English" custom="readingOrder {index:4;}">
                    <Coords points="3194,3700 3891,3700 3891,3930 3194,3930"/>
                    <TextEquiv>
                        <Unicode>semble</Unicode>
                    </TextEquiv>
                    <TextStyle fontFamily="Times New Roman" fontSize="12.0"/>
                </Word>
                <TextEquiv>
                    <Unicode>voſtre gendre, il me ſemble</Unicode>
                </TextEquiv>
                <TextStyle fontFamily="Times New Roman" fontSize="12.0"/>
            </TextLine>
            <TextLine id="tl_13" primaryLanguage="English" custom="readingOrder {index:2;}">
                <Coords points="526,4016 3894,4016 3894,4344 526,4344"/>
                <Baseline points="526,4335 930,4240 1230,4232 1822,4238 2458,4239 3510,4245 3894,4250"/>
                <Word id="w_w2aab1b1b2c11b5ab1" language="English" custom="readingOrder {index:0;}">
                    <Coords points="526,4103 930,4103 930,4335 526,4335"/>
                    <TextEquiv>
                        <Unicode>que</Unicode>
                    </TextEquiv>
                    <TextStyle fontFamily="Times New Roman" fontSize="12.0"/>
                </Word>
                <Word id="w_w2aab1b1b2c11b5ab9" language="English" custom="readingOrder {index:1;}">
                    <Coords points="1046,4032 1230,4032 1230,4232 1046,4232"/>
                    <TextEquiv>
                        <Unicode>ie</Unicode>
                    </TextEquiv>
                    <TextStyle fontFamily="Times New Roman" fontSize="12.0"/>
                </Word>
                <Word id="w_w2aab1b1b2c11b5ac15" language="English" custom="readingOrder {index:2;}">
                    <Coords points="1358,4041 1822,4041 1822,4337 1358,4337"/>
                    <TextEquiv>
                        <Unicode>puis</Unicode>
                    </TextEquiv>
                    <TextStyle fontFamily="Times New Roman" fontSize="12.0"/>
                </Word>
                <Word id="w_w2aab1b1b2c11b5ac25" language="English" custom="readingOrder {index:3;}">
                    <Coords points="1930,4102 2458,4102 2458,4250 1930,4250"/>
                    <TextEquiv>
                        <Unicode>vous</Unicode>
                    </TextEquiv>
                    <TextStyle fontFamily="Times New Roman" fontSize="12.0"/>
                </Word>
                <Word id="w_w2aab1b1b2c11b5ac35" language="English" custom="readingOrder {index:4;}">
                    <Coords points="2606,4016 3510,4016 3510,4344 2606,4344"/>
                    <TextEquiv>
                        <Unicode>appcller</Unicode>
                    </TextEquiv>
                    <TextStyle fontFamily="Times New Roman" fontSize="12.0"/>
                </Word>
                <Word id="w_w2aab1b1b2c11b5ac53" language="English" custom="readingOrder {index:5;}">
                    <Coords points="3614,4109 3894,4109 3894,4254 3614,4254"/>
                    <TextEquiv>
                        <Unicode>ma</Unicode>
                    </TextEquiv>
                    <TextStyle fontFamily="Times New Roman" fontSize="12.0"/>
                </Word>
                <TextEquiv>
                    <Unicode>que ie puis vous appeller ma</Unicode>
                </TextEquiv>
                <TextStyle fontFamily="Times New Roman" fontSize="12.0"/>
            </TextLine>
            <TextLine id="tl_14" primaryLanguage="English" custom="readingOrder {index:3;}">
                <Coords points="521,4331 1837,4331 1837,4567 521,4567"/>
                <Baseline points="521,4567 1153,4524 1837,4558"/>
                <Word id="w_w2aab1b1b2c11b7ab1" language="English" custom="readingOrder {index:0;}">
                    <Coords points="521,4331 1153,4331 1153,4567 521,4567"/>
                    <TextEquiv>
                        <Unicode>belle-</Unicode>
                    </TextEquiv>
                    <TextStyle fontFamily="Times New Roman" fontSize="12.0"/>
                </Word>
                <Word id="w_w2aab1b1b2c11b7ac15" language="English" custom="readingOrder {index:1;}">
                    <Coords points="1217,4417 1837,4417 1837,4565 1217,4565"/>
                    <TextEquiv>
                        <Unicode>mere.</Unicode>
                    </TextEquiv>
                    <TextStyle fontFamily="Times New Roman" fontSize="12.0"/>
                </Word>
                <TextEquiv>
                    <Unicode>belle-mere.</Unicode>
                </TextEquiv>
                <TextStyle fontFamily="Times New Roman" fontSize="12.0"/>
            </TextLine>
            <TextEquiv>
                <Unicode>Parbleu, ſi vous m'appellez
voſtre gendre, il me ſemble
que ie puis vous appeller ma
belle-mere.</Unicode>
            </TextEquiv>
        </TextRegion>
        <TextRegion type="paragraph" id="r_1_7" custom="readingOrder {index:6;}">
            <Coords points="759,4663 3718,4663 3718,4902 759,4902"/>
            <TextLine id="tl_15" primaryLanguage="English" custom="readingOrder {index:0;}">
                <Coords points="760,4664 3717,4664 3717,4901 760,4901"/>
                <Baseline points="760,4876 1037,4876 1125,4796 1665,4885 3717,4885"/>
                <Word id="w_w2aab1b1b2c13b1ab1" language="English" custom="readingOrder {index:0;}">
                    <Coords points="760,4664 1037,4664 1037,4876 760,4876"/>
                    <TextEquiv>
                        <Unicode>M</Unicode>
                    </TextEquiv>
                    <TextStyle fontFamily="Times New Roman" fontSize="12.0" bold="true"/>
                </Word>
                <Word id="w_w2aab1b1b2c13b1b1b1" language="English" custom="readingOrder {index:1;}">
                    <Coords points="1065,4712 1125,4712 1125,4796 1065,4796"/>
                    <TextEquiv>
                        <Unicode>c</Unicode>
                    </TextEquiv>
                    <TextStyle fontFamily="Times New Roman" fontSize="12.0" bold="true" superscript="true"/>
                </Word>
                <Word id="w_w2aab1b1b2c13b1b2b3" language="English" custom="readingOrder {index:2;}">
                    <Coords points="1260,4681 1665,4681 1665,4885 1260,4885"/>
                    <TextEquiv>
                        <Unicode>DE</Unicode>
                    </TextEquiv>
                    <TextStyle fontFamily="Times New Roman" fontSize="12.0" bold="true"/>
                </Word>
                <Word id="w_w2aab1b1b2c13b1b2b9" language="English" custom="readingOrder {index:3;}">
                    <Coords points="1832,4670 3717,4670 3717,4901 1832,4901"/>
                    <TextEquiv>
                        <Unicode>SOTENVILLE.</Unicode>
                    </TextEquiv>
                    <TextStyle fontFamily="Times New Roman" fontSize="12.0" bold="true"/>
                </Word>
                <TextEquiv>
                    <Unicode>Me DE SOTENVILLE.</Unicode>
                </TextEquiv>
            </TextLine>
            <TextEquiv>
                <Unicode>Me DE SOTENVILLE.</Unicode>
            </TextEquiv>
        </TextRegion>
        <TextRegion type="paragraph" id="r_1_8" custom="readingOrder {index:7;}">
            <Coords points="509,4971 3899,4971 3899,6588 509,6588"/>
            <TextLine id="tl_16" primaryLanguage="English" custom="readingOrder {index:0;}">
                <Coords points="796,4972 3888,4972 3888,5292 796,5292"/>
                <Baseline points="796,5200 988,5196 1168,5292 1356,5205 1884,5206 2080,5198 2692,5251 2988,5200 3328,5197 3888,5170"/>
                <Word id="w_w2aab1b1b2c15b1ab1" language="English" custom="readingOrder {index:0;}">
                    <Coords points="796,4976 988,4976 988,5200 796,5200"/>
                    <TextEquiv>
                        <Unicode>Il</Unicode>
                    </TextEquiv>
                    <TextStyle fontFamily="Times New Roman" fontSize="12.0"/>
                </Word>
                <Word id="w_w2aab1b1b2c15b1ab7" language="English" custom="readingOrder {index:1;}">
                    <Coords points="1036,5064 1168,5064 1168,5292 1036,5292"/>
                    <TextEquiv>
                        <Unicode>y</Unicode>
                    </TextEquiv>
                    <TextStyle fontFamily="Times New Roman" fontSize="12.0"/>
                </Word>
                <Word id="w_w2aab1b1b2c15b1ac11" language="English" custom="readingOrder {index:2;}">
                    <Coords points="1248,5072 1356,5072 1356,5205 1248,5205"/>
                    <TextEquiv>
                        <Unicode>a</Unicode>
                    </TextEquiv>
                    <TextStyle fontFamily="Times New Roman" fontSize="12.0"/>
                </Word>
                <Word id="w_w2aab1b1b2c15b1ac15" language="English" custom="readingOrder {index:3;}">
                    <Coords points="1428,4981 1884,4981 1884,5206 1428,5206"/>
                    <TextEquiv>
                        <Unicode>fort</Unicode>
                    </TextEquiv>
                    <TextStyle fontFamily="Times New Roman" fontSize="12.0"/>
                </Word>
                <Word id="w_w2aab1b1b2c15b1ac25" language="English" custom="readingOrder {index:4;}">
                    <Coords points="1964,4974 2080,4974 2080,5198 1964,5198"/>
                    <TextEquiv>
                        <Unicode>à</Unicode>
                    </TextEquiv>
                    <TextStyle fontFamily="Times New Roman" fontSize="12.0"/>
                </Word>
                <Word id="w_w2aab1b1b2c15b1ac29" language="English" custom="readingOrder {index:5;}">
                    <Coords points="2120,4978 2692,4978 2692,5251 2120,5251"/>
                    <TextEquiv>
                        <Unicode>dire,</Unicode>
                    </TextEquiv>
                    <TextStyle fontFamily="Times New Roman" fontSize="12.0"/>
                </Word>
                <Word id="w_w2aab1b1b2c15b1ac41" language="English" custom="readingOrder {index:6;}">
                    <Coords points="2788,5008 2988,5008 2988,5200 2788,5200"/>
                    <TextEquiv>
                        <Unicode>&amp;</Unicode>
                    </TextEquiv>
                    <TextStyle fontFamily="Times New Roman" fontSize="12.0"/>
                </Word>
                <Word id="w_w2aab1b1b2c15b1ac45" language="English" custom="readingOrder {index:7;}">
                    <Coords points="3060,4972 3328,4972 3328,5197 3060,5197"/>
                    <TextEquiv>
                        <Unicode>les</Unicode>
                    </TextEquiv>
                    <TextStyle fontFamily="Times New Roman" fontSize="12.0"/>
                </Word>
                <Word id="w_w2aab1b1b2c15b1ac53" language="English" custom="readingOrder {index:8;}">
                    <Coords points="3404,4973 3888,4973 3888,5210 3404,5210"/>
                    <TextEquiv>
                        <Unicode>cLo¬</Unicode>
                    </TextEquiv>
                    <TextStyle fontFamily="Times New Roman" fontSize="12.0"/>
                </Word>
                <TextEquiv>
                    <Unicode>Il y a fort à dire, &amp; les cho¬</Unicode>
                </TextEquiv>
                <TextStyle fontFamily="Times New Roman" fontSize="12.0"/>
            </TextLine>
            <TextLine id="tl_17" primaryLanguage="English" custom="readingOrder {index:1;}">
                <Coords points="511,5294 3891,5294 3891,5625 511,5625"/>
                <Baseline points="511,5523 815,5524 1135,5524 1695,5525 2091,5518 2887,5504 3891,5458"/>
                <Word id="w_w2aab1b1b2c15b3ab1" language="English" custom="readingOrder {index:0;}">
                    <Coords points="511,5299 815,5299 815,5524 511,5524"/>
                    <TextEquiv>
                        <Unicode>fer</Unicode>
                    </TextEquiv>
                    <TextStyle fontFamily="Times New Roman" fontSize="12.0"/>
                </Word>
                <Word id="w_w2aab1b1b2c15b3ab9" language="English" custom="readingOrder {index:1;}">
                    <Coords points="867,5380 1135,5380 1135,5528 867,5528"/>
                    <TextEquiv>
                        <Unicode>ne</Unicode>
                    </TextEquiv>
                    <TextStyle fontFamily="Times New Roman" fontSize="12.0"/>
                </Word>
                <Word id="w_w2aab1b1b2c15b3ac15" language="English" custom="readingOrder {index:2;}">
                    <Coords points="1203,5304 1695,5304 1695,5529 1203,5529"/>
                    <TextEquiv>
                        <Unicode>font</Unicode>
                    </TextEquiv>
                    <TextStyle fontFamily="Times New Roman" fontSize="12.0"/>
                </Word>
                <Word id="w_w2aab1b1b2c15b3ac25" language="English" custom="readingOrder {index:3;}">
                    <Coords points="1747,5390 2091,5390 2091,5614 1747,5614"/>
                    <TextEquiv>
                        <Unicode>pas</Unicode>
                    </TextEquiv>
                    <TextStyle fontFamily="Times New Roman" fontSize="12.0"/>
                </Word>
                <Word id="w_w2aab1b1b2c15b3ac33" language="English" custom="readingOrder {index:4;}">
                    <Coords points="2147,5294 2887,5294 2887,5619 2147,5619"/>
                    <TextEquiv>
                        <Unicode>égales.</Unicode>
                    </TextEquiv>
                    <TextStyle fontFamily="Times New Roman" fontSize="12.0"/>
                </Word>
                <Word id="w_w2aab1b1b2c15b3ac49" language="English" custom="readingOrder {index:5;}">
                    <Coords points="3107,5316 3891,5316 3891,5625 3107,5625"/>
                    <TextEquiv>
                        <Unicode>Appre¬</Unicode>
                    </TextEquiv>
                    <TextStyle fontFamily="Times New Roman" fontSize="12.0"/>
                </Word>
                <TextEquiv>
                    <Unicode>ſes ne ſont pas égales. Appre¬</Unicode>
                </TextEquiv>
                <TextStyle fontFamily="Times New Roman" fontSize="12.0"/>
            </TextLine>
            <TextLine id="tl_18" primaryLanguage="English" custom="readingOrder {index:2;}">
                <Coords points="515,5613 3887,5613 3887,5938 515,5938"/>
                <Baseline points="515,5847 987,5876 1367,5841 1955,5846 3115,5840 3387,5841 3887,5838"/>
                <Word id="w_w2aab1b1b2c15b5ab1" language="English" custom="readingOrder {index:0;}">
                    <Coords points="515,5703 987,5703 987,5876 515,5876"/>
                    <TextEquiv>
                        <Unicode>nez,</Unicode>
                    </TextEquiv>
                    <TextStyle fontFamily="Times New Roman" fontSize="12.0"/>
                </Word>
                <Word id="w_w2aab1b1b2c15b5ac11" language="English" custom="readingOrder {index:1;}">
                    <Coords points="1063,5613 1367,5613 1367,5848 1063,5848"/>
                    <TextEquiv>
                        <Unicode>s'il</Unicode>
                    </TextEquiv>
                    <TextStyle fontFamily="Times New Roman" fontSize="12.0"/>
                </Word>
                <Word id="w_w2aab1b1b2c15b5ac21" language="English" custom="readingOrder {index:2;}">
                    <Coords points="1431,5709 1955,5709 1955,5853 1431,5853"/>
                    <TextEquiv>
                        <Unicode>vous</Unicode>
                    </TextEquiv>
                    <TextStyle fontFamily="Times New Roman" fontSize="12.0"/>
                </Word>
                <Word id="w_w2aab1b1b2c15b5ac31" language="English" custom="readingOrder {index:3;}">
                    <Coords points="2014,5618 3115,5618 3115,5938 2014,5938"/>
                    <TextEquiv>
                        <Unicode>plaift,que</Unicode>
                    </TextEquiv>
                    <TextStyle fontFamily="Times New Roman" fontSize="12.0"/>
                </Word>
                <Word id="w_w2aab1b1b2c15b5ac53" language="English" custom="readingOrder {index:4;}">
                    <Coords points="3163,5708 3387,5708 3387,5841 3163,5841"/>
                    <TextEquiv>
                        <Unicode>ce</Unicode>
                    </TextEquiv>
                    <TextStyle fontFamily="Times New Roman" fontSize="12.0"/>
                </Word>
                <Word id="w_w2aab1b1b2c15b5ac59" language="English" custom="readingOrder {index:5;}">
                    <Coords points="3447,5622 3887,5622 3887,5845 3447,5845"/>
                    <TextEquiv>
                        <Unicode>n’eft</Unicode>
                    </TextEquiv>
                    <TextStyle fontFamily="Times New Roman" fontSize="12.0"/>
                </Word>
                <TextEquiv>
                    <Unicode>nez, s'il vous plaiſt, que ce n’eſt</Unicode>
                </TextEquiv>
                <TextStyle fontFamily="Times New Roman" fontSize="12.0"/>
            </TextLine>
            <TextLine id="tl_19" primaryLanguage="English" custom="readingOrder {index:3;}">
                <Coords points="510,5939 3898,5939 3898,6251 510,6251"/>
                <Baseline points="510,6251 878,6160 1118,6164 1754,6166 1958,6170 2558,6163 3598,6161 3898,6150"/>
                <Word id="w_w2aab1b1b2c15b7ab1" language="English" custom="readingOrder {index:0;}">
                    <Coords points="510,6027 878,6027 878,6251 510,6251"/>
                    <TextEquiv>
                        <Unicode>pas</Unicode>
                    </TextEquiv>
                    <TextStyle fontFamily="Times New Roman" fontSize="12.0"/>
                </Word>
                <Word id="w_w2aab1b1b2c15b7ab9" language="English" custom="readingOrder {index:1;}">
                    <Coords points="998,5940 1118,5940 1118,6164 998,6164"/>
                    <TextEquiv>
                        <Unicode>à</Unicode>
                    </TextEquiv>
                    <TextStyle fontFamily="Times New Roman" fontSize="12.0"/>
                </Word>
                <Word id="w_w2aab1b1b2c15b7ac13" language="English" custom="readingOrder {index:2;}">
                    <Coords points="1234,6025 1754,6025 1754,6177 1234,6177"/>
                    <TextEquiv>
                        <Unicode>vous</Unicode>
                    </TextEquiv>
                    <TextStyle fontFamily="Times New Roman" fontSize="12.0"/>
                </Word>
                <Word id="w_w2aab1b1b2c15b7ac23" language="English" custom="readingOrder {index:3;}">
                    <Coords points="1854,5946 1958,5946 1958,6170 1854,6170"/>
                    <TextEquiv>
                        <Unicode>à</Unicode>
                    </TextEquiv>
                    <TextStyle fontFamily="Times New Roman" fontSize="12.0"/>
                </Word>
                <Word id="w_w2aab1b1b2c15b7ac27" language="English" custom="readingOrder {index:4;}">
                    <Coords points="2026,6026 2558,6026 2558,6170 2026,6170"/>
                    <TextEquiv>
                        <Unicode>vous</Unicode>
                    </TextEquiv>
                    <TextStyle fontFamily="Times New Roman" fontSize="12.0"/>
                </Word>
                <Word id="w_w2aab1b1b2c15b7ac37" language="English" custom="readingOrder {index:5;}">
                    <Coords points="2662,5939 3598,5939 3598,6165 2662,6165"/>
                    <TextEquiv>
                        <Unicode>feruirde</Unicode>
                    </TextEquiv>
                    <TextStyle fontFamily="Times New Roman" fontSize="12.0"/>
                </Word>
                <Word id="w_w2aab1b1b2c15b7ac55" language="English" custom="readingOrder {index:6;}">
                    <Coords points="3702,6021 3898,6021 3898,6154 3702,6154"/>
                    <TextEquiv>
                        <Unicode>ce</Unicode>
                    </TextEquiv>
                    <TextStyle fontFamily="Times New Roman" fontSize="12.0"/>
                </Word>
                <TextEquiv>
                    <Unicode>pas à vous à vous ſeruir de ce</Unicode>
                </TextEquiv>
                <TextStyle fontFamily="Times New Roman" fontSize="12.0"/>
            </TextLine>
            <TextLine id="tl_20" primaryLanguage="English" custom="readingOrder {index:4;}">
                <Coords points="513,6253 3886,6253 3886,6587 513,6587"/>
                <Baseline points="513,6483 1002,6488 1282,6493 1898,6494 2418,6487 3582,6489 3886,6474"/>
                <Word id="w_w2aab1b1b2c15b9ab1" language="English" custom="readingOrder {index:0;}">
                    <Coords points="513,6340 1002,6340 1002,6488 513,6488"/>
                    <TextEquiv>
                        <Unicode>mot</Unicode>
                    </TextEquiv>
                    <TextStyle fontFamily="Times New Roman" fontSize="12.0"/>
                </Word>
                <Word id="w_w2aab1b1b2c15b9ab9" language="English" custom="readingOrder {index:1;}">
                    <Coords points="1081,6260 1282,6260 1282,6493 1081,6493"/>
                    <TextEquiv>
                        <Unicode>là</Unicode>
                    </TextEquiv>
                    <TextStyle fontFamily="Times New Roman" fontSize="12.0"/>
                </Word>
                <Word id="w_w2aab1b1b2c15b9ac15" language="English" custom="readingOrder {index:2;}">
                    <Coords points="1401,6353 1898,6353 1898,6494 1401,6494"/>
                    <TextEquiv>
                        <Unicode>auec</Unicode>
                    </TextEquiv>
                    <TextStyle fontFamily="Times New Roman" fontSize="12.0"/>
                </Word>
                <Word id="w_w2aab1b1b2c15b9ac25" language="English" custom="readingOrder {index:3;}">
                    <Coords points="2021,6350 2418,6350 2418,6498 2021,6498"/>
                    <TextEquiv>
                        <Unicode>vne</Unicode>
                    </TextEquiv>
                    <TextStyle fontFamily="Times New Roman" fontSize="12.0"/>
                </Word>
                <Word id="w_w2aab1b1b2c15b9ac33" language="English" custom="readingOrder {index:4;}">
                    <Coords points="2541,6268 3582,6268 3582,6587 2541,6587"/>
                    <TextEquiv>
                        <Unicode>personne</Unicode>
                    </TextEquiv>
                    <TextStyle fontFamily="Times New Roman" fontSize="12.0"/>
                </Word>
                <Word id="w_w2aab1b1b2c15b9ac51" language="English" custom="readingOrder {index:5;}">
                    <Coords points="3677,6253 3886,6253 3886,6478 3677,6478"/>
                    <TextEquiv>
                        <Unicode>de</Unicode>
                    </TextEquiv>
                    <TextStyle fontFamily="Times New Roman" fontSize="12.0"/>
                </Word>
                <TextEquiv>
                    <Unicode>mot là auec vne perſonne de</Unicode>
                </TextEquiv>
                <TextStyle fontFamily="Times New Roman" fontSize="12.0"/>
            </TextLine>
            <TextEquiv>
                <Unicode>Il y a fort à dire, &amp; les cho¬
ſes ne ſont pas égales. Appre¬
nez, s'il vous plaiſt, que ce n’eſt
pas à vous à vous ſeruir de ce
mot là auec vne perſonne de</Unicode>
            </TextEquiv>
        </TextRegion>
    </Page>
</PcGts>
