1032 1756
218 67 601 66 DE NAVARRE.

872 77 45 57 11

378 136 284 28 D. ELUIRE.

115 170 684 43 Un ſecours ſi puiſſant doit flater nôtre eſpoir;

116 212 751 41 Mais je crains que mon Frere y puiſſe trop devoir.

388 253 258 27 D. ALVAR.

119 289 732 43 Mais, Madame, admirez que malgré la tempéte

118 326 665 43 Que vôtre uſurpateur oit gronder ſur la téte,

117 367 720 41 Tous les bruits des Leon annoncent pour certain,

118 406 682 41 Qu’à la Comteſſe Ignes il va donner la main.

382 448 277 27 D. ELUIRE.

119 483 666 33 Il cherche dans l’himen de cette illuſtre Fille

120 522 709 42 L’appui du grand credit, où ſe voit ſa famille;

121 563 674 38 Je ne reçois rien d’elle, & j’en ſuis en ſouci,

122 601 660 37 Mais ſon cœur au tiran fut toujours endurci.

444 643 156 26 ELISE.

122 679 776 40 De trop puiſſant motifs, d’honneur & de tendreſſe,

123 717 724 44 Oppoſent ſes refus aux nœuds dont on la preſſe,

122 758 109 29 Pour....

388 799 258 29 D. ALVAR.

200 837 281 29 Le Prince entre ici.

320 902 411 44 SCENE III.

144 967 752 34 D. GARCIE, D. ELUIRE, D. ALVAR , ELISE.

555 1031 236 37 D. GARCIE.

502 1065 306 45 E viens m'intereſſer,

121 1111 803 41 Madame, au doux eſpoir, qu’il vous vient d’annoncer.

122 1151 700 39 Ce Frere qui menace un titan plein de crimes,

121 1190 678 39 Flatte de mon amour les tranſports legitimes.

121 1228 681 41 Son ſort offre à mon bras des perils glorieux,

122 1268 760 39 Dont je puis faire hommage à l’éclat de vos yeux.

121 1305 726 42 Et par eux m’acquerir, ſi le Ciel m’eſt propice,

119 1343 702 43 La gloire d’un revers, que vous doit ſa juſtice;

122 1382 638 40 Qui va faire à vos pieds cheoir l'infidélité,

118 1415 597 48 Et rendre à vôtre ſang toute ſa dignité.

123 1460 754 42 Mais ce qui plus me plaît, d’une atteinte ſi chere,

123 1499 797 41 C’eſt que pour étre Roi, le Ciel nous rend ce Frere;

123 1539 686 40 Et qu’ainſi mon amour peut éclater au moins

123 1577 694 39 Sans qu’à d’autres motifs on impute ſes ſoins;

885 1605 49 54 Et

466 1030 31 79 J

626 1614 66 43 A 6
