1028 1760
91 63 54 66 20

212 48 572 69 DOM GARCIE

306 134 393 38 SCENE II.

250 182 503 37 D. ALVAR, ELISE.

372 224 264 29 D. ALVAR.

154 247 675 55 Nfin, nous apprenons que le Roi de Navarre

162 297 750 43 Pour les deſirs du Prince, aujourd'hui ſe déclare;

100 337 737 44 Et qu’un nouveau renfort de troupes nous attend

99 377 718 44 Pour le fameux ſervice, où ſon amour pretend.

101 414 737 46 Je ſuis ſurpris pour moi, qu'avec tant de viteſſe,

102 457 417 33 On ait fait avancer. Mais...

288 511 452 39 SCENE III.

142 560 736 36 D. GARCIE, ELISE, D. ALVAR.

540 599 227 35 D. GARCIE.

509 627 307 50 Ue fait là la Princeſſe.

427 681 164 28 ELISE.

107 715 719 46 Quelques lettres, Seigneur, je le preſume ainſi;

108 758 567 42 Mais elle va ſçavoir que vous étes ici.

243 810 545 41 SCENE IV.

319 860 402 40 D. GARCIE ſeul.

142 891 769 55 ’Attendrai qu'elle ait fait. Prés de ſouffrir ſa veüe,

146 940 778 43 D'un trouble tout nouveau je me ſens l'ame émeüe

114 985 613 44 Et la crainte mélée à mon reſſentiment,

114 1022 760 48 Jette par tout mon corps un ſoudain tremblement.

116 1062 812 47 Prince, prends garde au moins, qu’on aveugle caprice

116 1105 631 42 Ne te conduiſe ici dans quelque precipice,

119 1141 640 46 Et que de ton eſprit les deſordres puiſſans,

120 1178 704 48 Ne donnent un peu plus au rapport de tes ſens.

122 1219 730 49 Conſulte ta raiſon, prends ſa clarté pour guide,

122 1257 692 46 Voi ſi de tes ſoupçons, l’apparence eſt ſolide;

124 1298 753 46 Ne dements pas leurs voix, mais auſſi garde bien

125 1337 718 47 Que pour les croire trop ils ne t'impoſent rien;

127 1376 804 47 Qu’à tes premiers tranſports ils n’oſent trop permettre,

127 1416 588 45 Et relis peſement cette moitié de lettre.

128 1454 777 47 Ha! qu’eſt-ce que mon cœur, trop digne de pitié,

129 1493 788 46 Ne voudroit pas donner pour ſon ame autre moitié!

132 1532 762 46 Mais aprés tout que dis-je? Il ſuffit bien de l’une,

133 1571 723 47 Et n’en voilà que trop pour voir mon infortune.

864 1605 79 49 Quoi

108 896 32 85 J

96 243 59 98 E

427 594 76 98 Q
