1026 1754
209 49 588 72 DE NAVARRE.

884 57 27 77 9

118 119 605 40 Et je ne cele point que jaurois de l’ennui,

121 155 738 45 Que la gloire en fût deüe à quelqu'autre qu’à lui;

119 195 743 40 Car un cœur amoureux prend un plaiſir extréme,

118 236 661 38 A ſe voir redevable, Eliſe, à ce qu’il aime;

119 275 560 32 Et ſa flâme timide oſe mieux éclater,

117 313 638 42 Lors qu'en favoriſant, elle croît s’acquiter.

119 351 680 42 Oüi, j’aime qu’un ſecours qui hazarde ſa tête

117 391 708 41 Semble à ſa paſſion donner droict de conquête.

119 430 708 41 J'aime que mon peril m’ait jettée en ſes mains,

121 469 764 39 Et ſi les bruits communs ne ſont pas des bruits vains

117 509 678 30 Si la bonté du Ciel nous rameine mon Frere,

119 546 762 42 Les vœux les plus ardens, que mon cœur puiſſe faire

115 586 683 41 C’eſt que ſon bras encor, ſur un perfide ſang

112 625 704 41 Puiſſe aider à ce Frere, à reprendre ſon rang,

119 664 669 40 Et par d’heureux ſuccez d’une haute vaillance

119 701 645 32 Meriter tous les ſoins de ſa reconnoiſſance.

121 741 717 40 Mais avec tour cela, s’il pouſſe mon courroux,

117 781 718 42 S’il ne purge ſes feux de leurs tranſports jaloux,

119 821 744 40 Et ne les range aux loix, que je lui veux précrire,

118 858 657 40 C’eſt inutilement qu’il pretend Done Eluire.

117 898 798 40 L’hymen ne peut nous joindre, & j’abhorre des nœuds,

119 937 798 40 Qui deviendroient ſans doute un Enfer pour tous deux.

438 979 167 29 ELISE.

118 1014 724 41 Bien que l'on pût avoir des ſentimens tout autres,

118 1054 745 41 C’eſt au Prince, Madame, à ſe regler, aux vôtres,

118 1093 693 41 Et dans vôtre billet ils ſont ſi bien marquez....

377 1134 275 28 D. ELUIRE.

115 1172 709 38 Je n'y veux point, Eliſe, employer cette lettre,

117 1210 802 40 C’eſt un ſoin qu’à ma bouche, il me vaut mieux com¬

154 1258 105 19 mettre.

114 1287 712 37 La faveur d'un écrit laiſſe aux mains d’un Amant

113 1325 737 38 Des témoins trop conſtans de nôtre attachement:

116 1363 757 42 Ainſi donc empêchez, qu’au Prince on ne la livre.

433 1408 166 26 ELISE.

118 1443 765 42 Toutes vos volontez ſont des loix qu’on doit ſuivre.

115 1484 593 38 J’admire cependant que le Ciel ait jetté

117 1522 620 40 Dans le goût des eſprits tant de diverſité,

117 1562 740 42 Et que ce que les uns regardent comme outrage,

869 1578 84 84 Soit

564 1597 82 59 A 5
