1014 1760
123 54 50 56 16

240 45 572 65 DOM GARCIE

115 112 692 42 Je voi vôtre penſee, & dequoi l'on m’accuſe;

117 153 552 31 Si.... D. ELUIRE.

218 191 607 38 Liſez-le, vous dis-je, & ſatisfaites-vous.

373 234 289 26 D. GARCIE.

119 270 654 41 Pour me traiter après, de foible, de jaloux?

118 310 731 40 Non, non, je dois ici vous rendre un temoignage,

120 349 789 40 Qu’à mon cœur cet écrit n’a point donné d’ombrage;

121 388 726 41 Et bien que vos bontez m’en laiſſent le pouvoir,

120 427 616 40 Pour me juſtifier je ne veux point le voir.

391 469 278 27 D. ELUIRE.

121 505 590 33 Si vous vous obſtinez à cette reſiſtance,

121 544 653 39 J’aurois tort de vouloir vous faire violence;

124 584 616 40 Et c’eſt aſſez enfin, que vous avoir preſſé

122 624 670 40 De voir de quelle main ce billet m’eſt tracé.

382 665 290 28 D. GARCIE.

123 701 665 38 Ma volonté toûjours vous doit être ſoûmiſe,

121 741 692 40 Si c’eſt vôtre plaiſir, que pour vous je le liſe,

121 780 629 40 Je conſens volontier à prendre cet employ.

387 822 280 27 D. ELUIRE.

122 859 752 39 Oüi, oüi, Prince, tenez, vous le lirez pour moi.

378 901 288 27 D. GARCIE.

122 936 752 42 C’eſt pour vous obeïr au moins, & je puis dire....

385 979 281 27 D. ELUIRE.

123 1015 714 42 C’eſt ce que vous voudrez, dépêchez-vous de lire.

386 1058 287 28 D. GARCIE.

120 1095 631 42 Il eſt de Done Ignes, à ce que je connoi.

388 1137 284 27 D. ELUIRE.

121 1174 754 40 Oüi, je m'en réjoüis, & pour vous, & pour moi.

355 1215 345 28 D. GARCIE. lit.

121 1251 511 43 Malgré l’effort d’un long mépris,

120 1291 793 41 Le Tyran toûjours m’aime, & depuis vôtre abſence,

122 1328 739 43 Vers moi pour me porter au deſtin qu’il a pris,

122 1370 609 34 Il ſemble avoir tourné toute ſa violence,

123 1408 384 39 Dont il pourſuit l’alliance

124 1448 349 30 De vous & de ſon Fils.

124 1486 594 44 Ceux qui ſur moi peuvent avoir empire

125 1525 737 44 Par de lâches motifs qu’un faux honneur inſpire,

127 1566 496 41 Approuvent tous cet indigne lien;

125 1604 643 46 J'ignore encor par où finira mon martyre:
