1022 1744
219 50 595 63 DE NAVARRE.

867 63 53 82 15

374 118 284 28 D. GARCIE.

120 155 739 39 Ah! Madame, il ſuffit pour me rendre croyable,

121 195 693 39 Que ce qu’on vous promet doit être inviolable;

120 232 519 42 Et que l'heur d'obeïr à ſa divinité,

121 273 648 41 Ouvre aux plus grands efforts de la facilité;

118 313 669 36 Que le Ciel me declare une éternelle Guerre,

119 353 704 39 Que je tombe à-vos pieds d’un éclat de tonnerre,

118 392 687 39 Ou pour perir encor par des plus rudes coups,

118 429 693 40 Puiſſay-je voir ſur moi fondre vôtre courroux;

118 468 651 38 Si jamais mon amour deſcend à la foibleſſe

118 507 684 41 De manquer aux devoirs d'une telle promeſſe;

116 548 700 40 Si jamais dans mon ame aucun jaloux tranſport

115 588 613 38 Fait.... D. Pedre apporte un billet.

373 628 278 28 D. ELUIRE.

214 664 610 42 J’en êtois en peine, & tu m’oblige fort,

117 704 742 42 Que le Courrier attende. A ces regards qu'il jette,

114 744 589 39 Vois-je pas que déja cet écrit l'inquiete?

114 782 563 41 Prodigieux effet de ſon temperament,

115 821 723 37 Qui vous arrête, Prince, au milieu du ſerment?

367 863 283 27 D. GARCIE.

113 900 724 40 J'ai creu que tous aviez quelque ſecret enſemble,

112 940 498 38 Et je ne voulois pas l'interrompre.

335 978 508 30 D. ELUIRE. Il me ſemble

112 1017 658 39 Que vous me répondez d'un ton fort alteré,

110 1056 600 42 Je vous vois tout-à-coup le viſage égaré;

111 1094 715 40 Ce changement ſoudain a lieu de me ſurprendre,

110 1134 724 40 D’où peut-il provenir, le pourroit-on apprendre?

361 1175 291 28 D. GARCIE.

110 1212 783 41 D’un mal qui tout à coup vient d'attaquer mon cœur.

364 1253 279 27 D. ELUIRE.

110 1290 743 39 Souvent plus qu'on ne croit ces maux ont de rigueur;

107 1326 706 42 Et quelque prompt ſecours tous feroit neceſſaire,

106 1368 709 40 Mais encor dites-moi vous prend il d'ordinaire?

374 1410 284 28 D. GARCIE.

106 1446 538 30 Par fois. D. ELUIRE.

257 1486 612 38 Ah! Prince foible; hé bien par cet écrit,

105 1524 685 40 Guerriſſez-le ce mal, il n'eſt que dans l’eſprit.

361 1567 284 26 D. GARCIE.

103 1601 711 36 Par cet écrit, Madame? ah ! ma main le refuſe,
