<?xml version="1.0" encoding="UTF-8"?>
<alto xmlns:xsi="http://www.w3.org/2001/XMLSchema-instance"
      xmlns="http://www.loc.gov/standards/alto/ns-v4#"
      xsi:schemaLocation="http://www.loc.gov/standards/alto/ns-v4# https://gitlab.inria.fr/scripta/escriptorium/-/raw/develop/app/escriptorium/static/alto-4-1-baselines.xsd">
  <Description>
    <MeasurementUnit>pixel</MeasurementUnit>
    <sourceImageInformation>
      <fileName>Moliere1694_DomGarcie_corrected_0006.png</fileName>
    </sourceImageInformation>
  </Description>
  
  <Tags>
    <OtherTag ID="BT1" LABEL="Title" DESCRIPTION="block type Title"/><OtherTag ID="BT2" LABEL="Main" DESCRIPTION="block type Main"/><OtherTag ID="BT331" LABEL="Damage" DESCRIPTION="block type Damage"/><OtherTag ID="BT332" LABEL="Decoration" DESCRIPTION="block type Decoration"/><OtherTag ID="BT333" LABEL="DropCapital" DESCRIPTION="block type DropCapital"/><OtherTag ID="BT334" LABEL="Figure" DESCRIPTION="block type Figure"/><OtherTag ID="BT335" LABEL="Margin" DESCRIPTION="block type Margin"/><OtherTag ID="BT336" LABEL="MusicNotation" DESCRIPTION="block type MusicNotation"/><OtherTag ID="BT337" LABEL="Numbering" DESCRIPTION="block type Numbering"/><OtherTag ID="BT338" LABEL="RunningTitle" DESCRIPTION="block type RunningTitle"/><OtherTag ID="BT339" LABEL="Seal" DESCRIPTION="block type Seal"/><OtherTag ID="BT340" LABEL="Signatures" DESCRIPTION="block type Signatures"/><OtherTag ID="BT341" LABEL="Stamp" DESCRIPTION="block type Stamp"/><OtherTag ID="BT342" LABEL="Table" DESCRIPTION="block type Table"/>
    <OtherTag ID="LT124" LABEL="Default" DESCRIPTION="line type Default"/><OtherTag ID="LT125" LABEL="DropCapitalLine" DESCRIPTION="line type DropCapitalLine"/><OtherTag ID="LT126" LABEL="Interlinear" DESCRIPTION="line type Interlinear"/><OtherTag ID="LT127" LABEL="MusicLine" DESCRIPTION="line type MusicLine"/><OtherTag ID="LT128" LABEL="Rubric" DESCRIPTION="line type Rubric"/>
  </Tags>
  
  <Layout>
    <Page WIDTH="1024"
          HEIGHT="1758"
          PHYSICAL_IMG_NR="4"
          ID="eSc_dummypage_">
      <PrintSpace HPOS="0"
                  VPOS="0"
                  WIDTH="1024"
                  HEIGHT="1758">
        
        <TextBlock HPOS="869"
                   VPOS="83"
                   WIDTH="51"
                   HEIGHT="46"
                   ID="eSc_textblock_b273838c"
                   TAGREFS="BT337">
          <Shape><Polygon POINTS="869 83 869 129 920 129 920 83"/></Shape>
          
          
          <TextLine ID="eSc_line_c7af2279"
                    TAGREFS="LT124"
                    BASELINE="874 123 904 126" 
                    HPOS="871"
                    VPOS="71"
                    WIDTH="34"
                    HEIGHT="84">
            <Shape><Polygon POINTS="872 121 883 71 894 77 905 73 896 155 871 153"/></Shape>
	    <String CONTENT="7"
                    HPOS="871"
                    VPOS="71"
                    WIDTH="34"
                    HEIGHT="84"></String>
          </TextLine>

          
        </TextBlock>
        
        <TextBlock HPOS="193"
                   VPOS="75"
                   WIDTH="612"
                   HEIGHT="43"
                   ID="eSc_textblock_fe7ea531"
                   TAGREFS="BT338">
          <Shape><Polygon POINTS="193 75 193 118 805 118 805 75"/></Shape>
          
          
          <TextLine ID="tl_1"
                    TAGREFS="LT124"
                    BASELINE="205 117 299 116 805 115" 
                    HPOS="203"
                    VPOS="61"
                    WIDTH="600"
                    HEIGHT="63">
            <Shape><Polygon POINTS="203 115 206 68 244 74 261 62 311 62 324 74 369 73 391 62 422 74 450 67 456 73 507 74 570 62 586 62 602 74 668 74 695 73 705 62 726 61 765 61 783 70 799 65 803 114 776 123 727 115 704 124 651 124 641 118 632 124 539 124 532 118 513 124 482 117 466 117 459 124 379 124 356 117 297 117 287 124 255 117 237 124 205 124"/></Shape>
	    <String CONTENT="DE NAVARRE."
                    HPOS="203"
                    VPOS="61"
                    WIDTH="600"
                    HEIGHT="63"></String>
          </TextLine>

          
        </TextBlock>
        
        <TextBlock HPOS="89"
                   VPOS="127"
                   WIDTH="831"
                   HEIGHT="1533"
                   ID="eSc_textblock_92544b3f"
                   TAGREFS="BT2">
          <Shape><Polygon POINTS="89 127 89 1611 920 1660 892 127"/></Shape>
          
          
          <TextLine ID="tl_2"
                    TAGREFS="LT124"
                    BASELINE="101 160 213 159 271 159 321 158 440 158 521 158 607 157 740 157" 
                    HPOS="101"
                    VPOS="128"
                    WIDTH="639"
                    HEIGHT="42">
            <Shape><Polygon POINTS="101 128 740 128 740 170 101 170"/></Shape>
	    <String CONTENT="Puiſque par ſes ardents mon cœur tiranniſé"
                    HPOS="101"
                    VPOS="128"
                    WIDTH="639"
                    HEIGHT="42"></String>
          </TextLine>

          
          
          <TextLine ID="tl_3"
                    TAGREFS="LT124"
                    BASELINE="102 198 203 198 275 198 307 198 392 197 452 196 528 196 685 196" 
                    HPOS="102"
                    VPOS="167"
                    WIDTH="583"
                    HEIGHT="40">
            <Shape><Polygon POINTS="102 167 685 167 685 207 102 207"/></Shape>
	    <String CONTENT="Contre elles à preſent ſe voit authoriſé."
                    HPOS="102"
                    VPOS="167"
                    WIDTH="583"
                    HEIGHT="40"></String>
          </TextLine>

          
          
          <TextLine ID="tl_4"
                    TAGREFS="LT124"
                    BASELINE="102 245 178 237 226 238 301 238 455 236 614 236 665 236 859 239" 
                    HPOS="102"
                    VPOS="207"
                    WIDTH="757"
                    HEIGHT="41">
            <Shape><Polygon POINTS="102 207 859 207 859 248 102 248"/></Shape>
	    <String CONTENT="Qu’il en peut juſtement combattre les hommages,"
                    HPOS="102"
                    VPOS="207"
                    WIDTH="757"
                    HEIGHT="41"></String>
          </TextLine>

          
          
          <TextLine ID="tl_5"
                    TAGREFS="LT124"
                    BASELINE="104 278 137 276 208 276 336 275 452 276 565 275 607 276 669 276 689 276 839 273" 
                    HPOS="104"
                    VPOS="246"
                    WIDTH="735"
                    HEIGHT="41">
            <Shape><Polygon POINTS="104 246 839 246 839 287 104 287"/></Shape>
	    <String CONTENT="Et ſans ſcrupule ailleurs donner tous ſes ſuffrages."
                    HPOS="104"
                    VPOS="246"
                    WIDTH="735"
                    HEIGHT="41"></String>
          </TextLine>

          
          
          <TextLine ID="tl_6"
                    TAGREFS="LT124"
                    BASELINE="105 317 175 316 258 316 371 314 442 314 488 315 565 314 685 313 728 314 833 318" 
                    HPOS="105"
                    VPOS="287"
                    WIDTH="728"
                    HEIGHT="39">
            <Shape><Polygon POINTS="105 287 833 287 833 326 105 326"/></Shape>
	    <String CONTENT="Mais enfin qu’elle joye en peut prendre ce cœur,"
                    HPOS="105"
                    VPOS="287"
                    WIDTH="728"
                    HEIGHT="39"></String>
          </TextLine>

          
          
          <TextLine ID="tl_7"
                    TAGREFS="LT124"
                    BASELINE="102 355 126 355 220 354 305 355 462 353 492 354 604 353 644 354 761 354 780 353" 
                    HPOS="102"
                    VPOS="326"
                    WIDTH="678"
                    HEIGHT="38">
            <Shape><Polygon POINTS="102 326 780 326 780 364 102 364"/></Shape>
	    <String CONTENT="Si d’une autre contrainte il ſouffre la rigueur?"
                    HPOS="102"
                    VPOS="326"
                    WIDTH="678"
                    HEIGHT="38"></String>
          </TextLine>

          
          
          <TextLine ID="tl_8"
                    TAGREFS="LT124"
                    BASELINE="101 394 125 394 204 394 308 394 408 394 564 393 711 398" 
                    HPOS="101"
                    VPOS="365"
                    WIDTH="610"
                    HEIGHT="37">
            <Shape><Polygon POINTS="101 365 711 365 711 402 101 402"/></Shape>
	    <String CONTENT="Si d’un Prince jaloux l’éternelle foibleſſe,"
                    HPOS="101"
                    VPOS="365"
                    WIDTH="610"
                    HEIGHT="37"></String>
          </TextLine>

          
          
          <TextLine ID="tl_9"
                    TAGREFS="LT124"
                    BASELINE="102 434 197 433 391 432 438 432 519 433 564 432 624 433 776 422" 
                    HPOS="102"
                    VPOS="403"
                    WIDTH="674"
                    HEIGHT="42">
            <Shape><Polygon POINTS="102 403 776 403 776 445 102 445"/></Shape>
	    <String CONTENT="Reçoit indignement les ſoins de ma tendreſſe:"
                    HPOS="102"
                    VPOS="403"
                    WIDTH="674"
                    HEIGHT="42"></String>
          </TextLine>

          
          
          <TextLine ID="tl_10"
                    TAGREFS="LT124"
                    BASELINE="103 472 136 472 248 471 377 471 455 472 535 472 615 472 760 472" 
                    HPOS="103"
                    VPOS="442"
                    WIDTH="657"
                    HEIGHT="41">
            <Shape><Polygon POINTS="103 442 760 442 760 483 103 483"/></Shape>
	    <String CONTENT="Et ſemble preparer dans mon juſte courroux"
                    HPOS="103"
                    VPOS="442"
                    WIDTH="657"
                    HEIGHT="41"></String>
          </TextLine>

          
          
          <TextLine ID="tl_11"
                    TAGREFS="LT124"
                    BASELINE="103 511 149 512 230 512 260 512 352 512 424 510 587 512 672 512 770 510" 
                    HPOS="103"
                    VPOS="483"
                    WIDTH="667"
                    HEIGHT="29">
            <Shape><Polygon POINTS="103 483 770 483 770 512 103 512"/></Shape>
	    <String CONTENT="Un éclat à briſer tout commerce entre nous?"
                    HPOS="103"
                    VPOS="483"
                    WIDTH="667"
                    HEIGHT="29"></String>
          </TextLine>

          
          
          <TextLine ID="tl_12"
                    TAGREFS="LT124"
                    BASELINE="425 550 582 550" 
                    HPOS="425"
                    VPOS="523"
                    WIDTH="157"
                    HEIGHT="27">
            <Shape><Polygon POINTS="425 523 582 523 582 550 425 550"/></Shape>
	    <String CONTENT="ELISE."
                    HPOS="425"
                    VPOS="523"
                    WIDTH="157"
                    HEIGHT="27"></String>
          </TextLine>

          
          
          <TextLine ID="tl_13"
                    TAGREFS="LT124"
                    BASELINE="103 590 174 591 205 590 254 590 342 590 458 588 489 589 544 590 634 589 704 589 745 590 860 594" 
                    HPOS="103"
                    VPOS="560"
                    WIDTH="757"
                    HEIGHT="42">
            <Shape><Polygon POINTS="103 560 860 560 860 602 103 602"/></Shape>
	    <String CONTENT="Mais ſi de vôtre bouche il n’a point ſçeu ſa gloire,"
                    HPOS="103"
                    VPOS="560"
                    WIDTH="757"
                    HEIGHT="42"></String>
          </TextLine>

          
          
          <TextLine ID="tl_14"
                    TAGREFS="LT124"
                    BASELINE="102 629 190 629 287 629 368 629 416 629 482 628 528 628 559 629 626 629 664 630 760 628 777 629" 
                    HPOS="102"
                    VPOS="600"
                    WIDTH="675"
                    HEIGHT="40">
            <Shape><Polygon POINTS="102 600 777 600 777 640 102 640"/></Shape>
	    <String CONTENT="Eſt-ce crime pour lui que de n&#39;oſer la croire?"
                    HPOS="102"
                    VPOS="600"
                    WIDTH="675"
                    HEIGHT="40"></String>
          </TextLine>

          
          
          <TextLine ID="tl_15"
                    TAGREFS="LT124"
                    BASELINE="104 668 137 668 179 668 244 668 321 668 396 669 427 669 474 668 576 668 625 669 724 674" 
                    HPOS="104"
                    VPOS="640"
                    WIDTH="620"
                    HEIGHT="40">
            <Shape><Polygon POINTS="104 640 724 640 724 680 104 680"/></Shape>
	    <String CONTENT="Et ce que d’un rival a pû flatter les feux,"
                    HPOS="104"
                    VPOS="640"
                    WIDTH="620"
                    HEIGHT="40"></String>
          </TextLine>

          
          
          <TextLine ID="tl_16"
                    TAGREFS="LT124"
                    BASELINE="102 707 314 708 370 708 400 708 508 707 553 706 612 708 720 706" 
                    HPOS="102"
                    VPOS="678"
                    WIDTH="618"
                    HEIGHT="41">
            <Shape><Polygon POINTS="102 678 720 678 720 719 102 719"/></Shape>
	    <String CONTENT="L’authoriſe-t’il pas à douter de vos vœux!"
                    HPOS="102"
                    VPOS="678"
                    WIDTH="618"
                    HEIGHT="41"></String>
          </TextLine>

          
          
          <TextLine ID="tl_17"
                    TAGREFS="LT124"
                    BASELINE="367 747 402 746 463 746 496 746 530 746 557 746 599 746 642 745" 
                    HPOS="367"
                    VPOS="719"
                    WIDTH="275"
                    HEIGHT="28">
            <Shape><Polygon POINTS="367 719 642 719 642 747 367 747"/></Shape>
	    <String CONTENT="D. ELUIRE."
                    HPOS="367"
                    VPOS="719"
                    WIDTH="275"
                    HEIGHT="28"></String>
          </TextLine>

          
          
          <TextLine ID="tl_18"
                    TAGREFS="LT124"
                    BASELINE="103 787 185 790 256 786 274 788 324 785 402 785 534 789 578 786 666 784 788 784" 
                    HPOS="103"
                    VPOS="754"
                    WIDTH="686"
                    HEIGHT="39">
            <Shape><Polygon POINTS="103 754 789 754 789 793 103 793"/></Shape>
	    <String CONTENT="Non, non, de cette sombre, &amp; lâche jalouſie"
                    HPOS="103"
                    VPOS="754"
                    WIDTH="686"
                    HEIGHT="39"></String>
          </TextLine>

          
          
          <TextLine ID="tl_19"
                    TAGREFS="LT124"
                    BASELINE="103 826 172 826 219 825 295 824 411 825 550 824 670 824 686 829" 
                    HPOS="103"
                    VPOS="795"
                    WIDTH="583"
                    HEIGHT="41">
            <Shape><Polygon POINTS="103 795 686 795 686 836 103 836"/></Shape>
	    <String CONTENT="Rien ne peut excuſer l&#39;étrange freneſie;"
                    HPOS="103"
                    VPOS="795"
                    WIDTH="583"
                    HEIGHT="41"></String>
          </TextLine>

          
          
          <TextLine ID="tl_20"
                    TAGREFS="LT124"
                    BASELINE="103 864 136 864 194 864 265 865 384 864 419 864 479 863 551 874 700 867" 
                    HPOS="103"
                    VPOS="834"
                    WIDTH="597"
                    HEIGHT="41">
            <Shape><Polygon POINTS="103 834 700 834 700 875 103 875"/></Shape>
	    <String CONTENT="Et par mes actions je l’ai trop informé,"
                    HPOS="103"
                    VPOS="834"
                    WIDTH="597"
                    HEIGHT="41"></String>
          </TextLine>

          
          
          <TextLine ID="tl_21"
                    TAGREFS="LT124"
                    BASELINE="106 911 182 903 256 904 328 903 367 903 467 902 514 903 652 902 748 902 842 903" 
                    HPOS="106"
                    VPOS="874"
                    WIDTH="736"
                    HEIGHT="40">
            <Shape><Polygon POINTS="106 874 842 874 842 914 106 914"/></Shape>
	    <String CONTENT="Qu’il peut bien se flatter du bonheur d’être aimé."
                    HPOS="106"
                    VPOS="874"
                    WIDTH="736"
                    HEIGHT="40"></String>
          </TextLine>

          
          
          <TextLine ID="tl_22"
                    TAGREFS="LT124"
                    BASELINE="103 943 168 943 315 942 355 944 480 944 515 942 569 942 628 944 794 943" 
                    HPOS="103"
                    VPOS="912"
                    WIDTH="691"
                    HEIGHT="43">
            <Shape><Polygon POINTS="103 912 794 912 794 955 103 955"/></Shape>
	    <String CONTENT="Sans employer la langue, il eſt des interpretes"
                    HPOS="103"
                    VPOS="912"
                    WIDTH="691"
                    HEIGHT="43"></String>
          </TextLine>

          
          
          <TextLine ID="tl_23"
                    TAGREFS="LT124"
                    BASELINE="104 989 160 981 272 982 438 982 496 982 628 982 760 981" 
                    HPOS="104"
                    VPOS="952"
                    WIDTH="656"
                    HEIGHT="38">
            <Shape><Polygon POINTS="104 952 760 952 760 990 104 990"/></Shape>
	    <String CONTENT="Qui parlent clairement des atteintes ſecretes."
                    HPOS="104"
                    VPOS="952"
                    WIDTH="656"
                    HEIGHT="38"></String>
          </TextLine>

          
          
          <TextLine ID="tl_24"
                    TAGREFS="LT124"
                    BASELINE="105 1020 153 1021 268 1026 320 1020 424 1021 443 1022 510 1020 618 1021 760 1024" 
                    HPOS="105"
                    VPOS="992"
                    WIDTH="655"
                    HEIGHT="41">
            <Shape><Polygon POINTS="105 992 760 992 760 1033 105 1033"/></Shape>
	    <String CONTENT="Un soupir, un regard, une simple rougeur,"
                    HPOS="105"
                    VPOS="992"
                    WIDTH="655"
                    HEIGHT="41"></String>
          </TextLine>

          
          
          <TextLine ID="tl_25"
                    TAGREFS="LT124"
                    BASELINE="104 1059 150 1060 257 1060 307 1060 388 1060 467 1059 617 1060 666 1060 764 1059" 
                    HPOS="104"
                    VPOS="1031"
                    WIDTH="660"
                    HEIGHT="39">
            <Shape><Polygon POINTS="104 1031 764 1031 764 1070 104 1070"/></Shape>
	    <String CONTENT="Un ſilence eſt aſſez pour expliquer un cœur."
                    HPOS="104"
                    VPOS="1031"
                    WIDTH="660"
                    HEIGHT="39"></String>
          </TextLine>

          
          
          <TextLine ID="tl_26"
                    TAGREFS="LT124"
                    BASELINE="104 1099 179 1099 265 1098 342 1099 470 1099 487 1102 519 1100 588 1099 667 1099 791 1096" 
                    HPOS="104"
                    VPOS="1071"
                    WIDTH="687"
                    HEIGHT="39">
            <Shape><Polygon POINTS="104 1071 791 1071 791 1110 104 1110"/></Shape>
	    <String CONTENT="Tour parle dans l’amour, &amp; ſur cette matiere"
                    HPOS="104"
                    VPOS="1071"
                    WIDTH="687"
                    HEIGHT="39"></String>
          </TextLine>

          
          
          <TextLine ID="tl_27"
                    TAGREFS="LT124"
                    BASELINE="104 1138 141 1137 276 1137 348 1137 418 1138 485 1137 552 1138 661 1137 785 1135 802 1141" 
                    HPOS="104"
                    VPOS="1110"
                    WIDTH="698"
                    HEIGHT="39">
            <Shape><Polygon POINTS="104 1110 802 1110 802 1149 104 1149"/></Shape>
	    <String CONTENT="Le moindre jour doit être une grande lumiere;"
                    HPOS="104"
                    VPOS="1110"
                    WIDTH="698"
                    HEIGHT="39"></String>
          </TextLine>

          
          
          <TextLine ID="tl_28"
                    TAGREFS="LT124"
                    BASELINE="104 1177 216 1177 293 1177 381 1177 475 1181 528 1177 682 1177 731 1176 875 1177" 
                    HPOS="104"
                    VPOS="1146"
                    WIDTH="773"
                    HEIGHT="42">
            <Shape><Polygon POINTS="104 1146 877 1146 877 1188 104 1188"/></Shape>
	    <String CONTENT="Puiſque chez nôtre Sexe, où l’honneur eſt puiſſant,"
                    HPOS="104"
                    VPOS="1146"
                    WIDTH="773"
                    HEIGHT="42"></String>
          </TextLine>

          
          
          <TextLine ID="tl_29"
                    TAGREFS="LT124"
                    BASELINE="106 1216 152 1216 200 1216 318 1215 425 1217 495 1216 538 1216 603 1215 674 1217 792 1216" 
                    HPOS="106"
                    VPOS="1187"
                    WIDTH="686"
                    HEIGHT="40">
            <Shape><Polygon POINTS="106 1187 792 1187 792 1227 106 1227"/></Shape>
	    <String CONTENT="On ne montre jamais tout ce que l’on reſſent."
                    HPOS="106"
                    VPOS="1187"
                    WIDTH="686"
                    HEIGHT="40"></String>
          </TextLine>

          
          
          <TextLine ID="tl_30"
                    TAGREFS="LT124"
                    BASELINE="104 1263 156 1255 268 1259 310 1254 442 1260 554 1255 613 1256 768 1259" 
                    HPOS="104"
                    VPOS="1226"
                    WIDTH="664"
                    HEIGHT="38">
            <Shape><Polygon POINTS="104 1226 768 1226 768 1264 104 1264"/></Shape>
	    <String CONTENT="J’ai voulu, je l’avoüe, ajuſter ma conduite,"
                    HPOS="104"
                    VPOS="1226"
                    WIDTH="664"
                    HEIGHT="38"></String>
          </TextLine>

          
          
          <TextLine ID="tl_31"
                    TAGREFS="LT124"
                    BASELINE="106 1294 140 1294 212 1294 293 1294 353 1295 442 1299 498 1295 547 1295 558 1295 665 1294 788 1293" 
                    HPOS="106"
                    VPOS="1266"
                    WIDTH="682"
                    HEIGHT="40">
            <Shape><Polygon POINTS="106 1266 788 1266 788 1306 106 1306"/></Shape>
	    <String CONTENT="Et voir d’un œil égal, l’un &amp; l’autre merite:"
                    HPOS="106"
                    VPOS="1266"
                    WIDTH="682"
                    HEIGHT="40"></String>
          </TextLine>

          
          
          <TextLine ID="tl_32"
                    TAGREFS="LT124"
                    BASELINE="104 1333 178 1332 247 1332 348 1332 399 1334 493 1334 544 1333 667 1333 849 1328" 
                    HPOS="104"
                    VPOS="1304"
                    WIDTH="745"
                    HEIGHT="39">
            <Shape><Polygon POINTS="104 1304 849 1304 849 1343 104 1343"/></Shape>
	    <String CONTENT="Mais que contre ſes vœux on combat vainement,"
                    HPOS="104"
                    VPOS="1304"
                    WIDTH="745"
                    HEIGHT="39"></String>
          </TextLine>

          
          
          <TextLine ID="tl_33"
                    TAGREFS="LT124"
                    BASELINE="107 1372 141 1372 208 1370 246 1372 402 1371 453 1372 570 1372 723 1375" 
                    HPOS="107"
                    VPOS="1342"
                    WIDTH="616"
                    HEIGHT="40">
            <Shape><Polygon POINTS="107 1342 723 1342 723 1382 107 1382"/></Shape>
	    <String CONTENT="Et que la difference eſt connüe aiſement,"
                    HPOS="107"
                    VPOS="1342"
                    WIDTH="616"
                    HEIGHT="40"></String>
          </TextLine>

          
          
          <TextLine ID="tl_34"
                    TAGREFS="LT124"
                    BASELINE="107 1410 150 1410 252 1410 308 1410 424 1412 519 1412 582 1412 657 1411 751 1410" 
                    HPOS="107"
                    VPOS="1382"
                    WIDTH="644"
                    HEIGHT="41">
            <Shape><Polygon POINTS="107 1382 751 1382 751 1423 107 1423"/></Shape>
	    <String CONTENT="De toutes ces faveurs qu’on fait avec étude"
                    HPOS="107"
                    VPOS="1382"
                    WIDTH="644"
                    HEIGHT="41"></String>
          </TextLine>

          
          
          <TextLine ID="tl_35"
                    TAGREFS="LT124"
                    BASELINE="107 1450 130 1450 224 1450 276 1450 326 1451 414 1450 477 1451 602 1450 775 1450" 
                    HPOS="107"
                    VPOS="1421"
                    WIDTH="668"
                    HEIGHT="41">
            <Shape><Polygon POINTS="107 1421 775 1421 775 1462 107 1462"/></Shape>
	    <String CONTENT="A celles où du cœur fait pancher l’habitude."
                    HPOS="107"
                    VPOS="1421"
                    WIDTH="668"
                    HEIGHT="41"></String>
          </TextLine>

          
          
          <TextLine ID="tl_36"
                    TAGREFS="LT124"
                    BASELINE="107 1489 181 1489 231 1490 309 1490 457 1494 510 1490 610 1490 650 1490 766 1492" 
                    HPOS="107"
                    VPOS="1461"
                    WIDTH="659"
                    HEIGHT="39">
            <Shape><Polygon POINTS="107 1461 766 1461 766 1500 107 1500"/></Shape>
	    <String CONTENT="Dans les unes toûjours, on paroît ſe forcer;"
                    HPOS="107"
                    VPOS="1461"
                    WIDTH="659"
                    HEIGHT="39"></String>
          </TextLine>

          
          
          <TextLine ID="tl_37"
                    TAGREFS="LT124"
                    BASELINE="112 1528 183 1528 235 1528 350 1533 455 1528 499 1529 572 1528 642 1529 670 1539 772 1528 792 1532" 
                    HPOS="112"
                    VPOS="1500"
                    WIDTH="680"
                    HEIGHT="39">
            <Shape><Polygon POINTS="112 1500 792 1500 792 1539 112 1539"/></Shape>
	    <String CONTENT="Mais les autres, helas! ſe font ſans y penser,"
                    HPOS="112"
                    VPOS="1500"
                    WIDTH="680"
                    HEIGHT="39"></String>
          </TextLine>

          
          
          <TextLine ID="tl_38"
                    TAGREFS="LT124"
                    BASELINE="105 1567 268 1566 298 1566 352 1568 430 1568 450 1572 481 1568 575 1568 614 1568 653 1568 761 1570" 
                    HPOS="105"
                    VPOS="1539"
                    WIDTH="656"
                    HEIGHT="39">
            <Shape><Polygon POINTS="105 1539 761 1539 761 1578 105 1578"/></Shape>
	    <String CONTENT="Semblables à ces eaux, ſi pures &amp; ſi belles,"
                    HPOS="105"
                    VPOS="1539"
                    WIDTH="656"
                    HEIGHT="39"></String>
          </TextLine>

          
          
          <TextLine ID="tl_39"
                    TAGREFS="LT124"
                    BASELINE="107 1616 164 1607 286 1606 356 1608 449 1608 507 1608 623 1608 785 1608" 
                    HPOS="107"
                    VPOS="1576"
                    WIDTH="678"
                    HEIGHT="40">
            <Shape><Polygon POINTS="107 1576 785 1576 785 1616 107 1616"/></Shape>
	    <String CONTENT="Qui coulent ſans effort des ſources naturelles."
                    HPOS="107"
                    VPOS="1576"
                    WIDTH="678"
                    HEIGHT="40"></String>
          </TextLine>

          
          
          <TextLine ID="eSc_line_8efdca39"
                    TAGREFS="LT128"
                    BASELINE="857 1646 916 1644" 
                    HPOS="856"
                    VPOS="1610"
                    WIDTH="56"
                    HEIGHT="79">
            <Shape><Polygon POINTS="856 1645 858 1611 911 1610 912 1667 896 1665 871 1689 859 1689"/></Shape>
	    <String CONTENT=""
                    HPOS="856"
                    VPOS="1610"
                    WIDTH="56"
                    HEIGHT="79"></String>
          </TextLine>

          
        </TextBlock>
        
        <TextBlock HPOS="529"
                   VPOS="1622"
                   WIDTH="89"
                   HEIGHT="46"
                   ID="eSc_textblock_fcadfc96"
                   TAGREFS="BT340">
          <Shape><Polygon POINTS="618 1668 618 1622 529 1622 529 1668"/></Shape>
          
          
          <TextLine ID="tl_40"
                    TAGREFS="LT124"
                    BASELINE="548 1647 579 1646 600 1654 613 1654" 
                    HPOS="547"
                    VPOS="1614"
                    WIDTH="64"
                    HEIGHT="42">
            <Shape><Polygon POINTS="547 1646 551 1615 578 1614 611 1624 607 1656 580 1651 548 1656"/></Shape>
	    <String CONTENT="A. 4 Ma"
                    HPOS="547"
                    VPOS="1614"
                    WIDTH="64"
                    HEIGHT="42"></String>
          </TextLine>

          
        </TextBlock>
        
        <TextBlock HPOS="981"
                   VPOS="6"
                   WIDTH="43"
                   HEIGHT="566"
                   ID="eSc_textblock_882124cc"
                   TAGREFS="BT331">
          <Shape><Polygon POINTS="981 6 1004 572 1024 547 1024 6"/></Shape>
          
        </TextBlock>
        

        
      </PrintSpace>
    </Page>
  </Layout>
</alto>
