1028 1756
214 79 583 39 DE NAVARRE.

872 92 41 40 13

376 132 282 27 D. GARCIE.

117 167 700 43 Et que peut on, helas! obſerver ſous les Cieux

118 207 758 40 Qui ne cede à l'ardeur, que m’inſpirent vos yeux?

378 250 271 27 D. ELUIRE.

118 286 622 41 Quand vôtre paſſion ne fera rien paroître,

118 326 691 41 Dont ſe puiſſe indigner celle qui l'a fait naître.

372 368 282 27 D. GARCIE.

118 404 422 42 C'eſt là ſon plus grand ſoin.

378 446 275 28 D. ELUIRE.

474 480 405 41 Quand tous ſes movemens

119 523 747 41 Ne prendront point de moy de trop bas ſentimens.

375 565 283 28 D. GARCIE.

117 602 321 39 Ils vous reverent trop.

373 643 272 28 D. ELUIRE.

467 681 410 42 Quand d’un injuſte ombrage

118 719 606 42 Vôtre raiſon ſçaura me reparer l'outrage;

117 759 725 39 Et que vous bannirez, enfin ce monſtre affreux,

117 797 656 41 Qui de ſon noir venin empoiſonne vos feux.

116 838 704 40 Cette jalouſe humeur, dont l’importun caprice,

117 877 793 39 Aux vœux, que vous m’offrez, rend un mauvais office,

114 915 779 42 S'oppoſe à leur attente, & contre eux à tous coups,

116 955 676 38 Arme les mouvemens de mon juſte courroux.

370 997 282 27 D. GARCIE.

115 1031 796 43 Ah! Madame, il eſt vray, quelque effort que je faſſe,

115 1073 743 38 Qu’un peu de jalouſie en mon cœur trouve place,

114 1111 612 40 Et qu'un Rival abſens de vos divins appas

115 1152 679 37 Au repos de ce coeur vient livrer des combats.

113 1190 717 46 Soit caprice, ou raiſon, j’ay toûjours la croyance

113 1229 762 36 Que vôtre ame en ces lieux ſouffre de ſon abſence:

114 1269 718 39 Et que malgré mes ſoins, vos ſoûpirs amoureux

111 1307 731 40 Vont trouver à tous coups ce Rival trop heureux.

112 1345 745 41 Mais ſi de tels ſoupçons ont dequoi vous déplaire,

112 1384 710 41 Il vous eſt bien facile, helas! de m’y ſoûtraire;

112 1424 649 40 Et leur banniſſement, dont j’accepte la Loy

112 1464 784 41 Dépend bien plus de vous, qu’il ne dépend de moy.

112 1503 800 40 Oüi, c’eſt vous qui pouvez par deux mots pleins de flâme;

111 1542 614 36 Contre la jalouſie armer toute mon ame;

111 1581 626 43 Et des pleines clartez d’un glorieux espoir

111 1614 737 47 Diſſiper les horreurs que ce monſtre y fait cheoir.
