1044 1756
245 49 589 68 DE NAVARRE.

891 74 53 70 17

141 113 613 45 Mais je mourrai plutôt que d’y conſentir.

140 152 490 42 Puiſſiez-vous joüir, belle Eluire,

140 191 742 46 D’un deſtin plus doux que le mien. D. IGNES.

238 233 172 29 Il continüe.

137 270 615 35 Dans la haute vertu ſon ame eſt affermie.

399 314 279 29 D. ELUIRE.

135 347 610 44 Je vais faire réponſe à cette illuſtre amie.

134 385 756 48 Cependant apprenez, Prince, à vous mieux armer

135 427 701 44 Contre ce qui prend droit de vous trop allarmer.

133 466 670 39 J’ai calmé vôtre trouble, avec cette lumiere,

134 504 605 44 Et la choſe a paſſé d’une douce maniere:

135 544 709 45 Mais à n’en point mentir il ſeroit des momens,

134 583 681 44 Où je pourrois entrer dans d’autres ſentimens.

384 627 286 29 D. GARCIE.

133 661 451 44 Hé, quoi vous croyez donc....

394 705 275 28 D. ELUIRE.

541 743 387 42 Je croi ce qu’il faut croire....

131 779 628 37 Adieu, de mes avis conſervez la memoire,

130 818 760 46 Et s’il eſt vrai pour moi, que vôtre amour ſoit grand

129 859 738 44 Donnez en à mon cœur les preuves qu’il pretend.

388 901 280 28 D. GARCIE.

127 935 709 47 Croyez que deſormais, c’eſt là tout mon envie,

127 977 725 47 Et qu’avant qu’y manquer, je veux perdre la vie.

355 1095 338 39 ACTE II.

250 1156 544 42 SCENE I.

297 1221 450 35 ELISE, D. LOPE.

441 1264 155 28 ELISE.

247 1298 671 44 Out ce que fait le Prince, à parler franchement,

254 1337 664 46 N’eſt pas ce qui me donne un grand étonnement

143 1280 76 152 T

252 1376 661 43 Car que d’un noble amour une ame bien ſaiſie,

249 1416 589 45 En pouſſe les tranſport juſqu'à la jalouſie;

116 1454 750 45 Que de toutes frequents ſes vœux ſoyent traverſés,

113 1494 613 43 Il eſt fort naturel, & je l’approuve aſſez;

113 1533 798 45 Mais ce qui me ſurprend, Dom Lope, c’eſt d’entendre

114 1572 756 47 Que vous lui preparez les ſoupçons qu’il doit prendre,

849 1616 62 34 Que
