1000 1820
104 113 46 67 10

215 107 568 71 DOM GARCIE

97 183 697 44 Soit veu par d’autres yeux ſous un autre viſage.

97 221 753 43 Pour moi je trouverois mon ſort tout-à-fait doux,

98 263 602 42 Si j’avois un Amant qui pût étre jaloux;

96 300 636 45 Je ſçaurois m’applaudir de ſon inquiétude;

97 340 756 44 Et ce qui pour mon ame eſt ſouvent un peu rude,

97 379 701 44 C’eſt de voir D. Alvar ne prendre aucun ſouci.

360 423 278 27 D. ELUIRE.

98 458 654 45 Nous ne le croyons pas ſi proches, le voici.

295 511 404 41 SCENE II.

136 561 725 37 D. ELUIRE, D. ALVAR, ELISE.

352 619 290 27 D. ELUIRE.

172 640 723 53 Otre retour ſurprend, qu’avez vous à m'apprendre?

179 690 718 46 Dom Alphonſe vient-il, a t'on lieu de l'attendre?

371 736 256 28 D. ALVAR.

98 770 678 39 Oüi, Madame, & ce Frere en Caſtille élevé

100 811 674 35 De rentrer dans ſes droits voit le tems arrivé.

98 849 601 46 Jusqu'ici D. Loüis qui vit à ſa prudence

97 887 750 39 Par le feu Roi mourant, commettre ſon enfance,

100 928 647 44 A caché ſes deſtins aux yeux de tout l’état,

97 967 661 44 Pour l’ôter aux fureurs du traître Mauregat.

100 1006 673 45 Et bien que le tiran, depuis ſa lâche audace,

98 1045 707 45 L’ait ſouvent demandé pour lui rendre ſa place,

99 1084 636 45 Jamais ſon zele ardent n’a pris de ſeureté,

98 1125 603 45 A l'appas dangereux de ſa fauſſe équité,

98 1164 617 45 Mais les peuples émeus par cette violence

97 1201 676 44 Que vous a voulu faire une injuſte puiſſance,

97 1243 661 44 Ce genereux Vieillard a cru qu’il étoit tems

96 1281 680 45 D'éprouver le ſuccés d’un eſpoir de vingt ans.

95 1322 579 37 Il a tenté Leon, & ſes fidelles trames,

96 1358 795 47 Des grands, comme du peuple, ont pratiqué les ames:

96 1399 664 46 Tandis que la Caſtille armoit dix mille bras,

96 1438 722 38 Pour redonner ce Prince aux vœux de ſes Etats;

93 1478 583 45 Il fait auparavant ſemer ſa renommée,

94 1516 695 44 Et ne veux le montrer qu’en tête d’une armée.

99 1555 638 45 Que tout prét à lancer le foudre puniſſeur,

95 1595 644 43 Sous qui doit ſuccomber un lâche raviſſeur.

96 1634 668 43 On inveſtit Leon, & Dom Silve en perſonne

99 1672 711 45 Commande le ſecours que ſon Pere vous donne.

94 646 74 92 V
