1014 1748
107 50 37 57 8

221 42 577 68 DOM GARCIE

106 111 720 45 Ma pitié pour D. Sylve, avoit beau l'émouvoir,

105 151 704 44 J’en trahiſſois les ſoins, ſans m’en apperçevoir.

107 191 723 44 Et mes regards au Prince, en un pareil martyre

108 228 743 46 En diſoient toujours plus, que je n'en voulois dire.

433 272 162 29 ELISE.

108 308 678 45 Enfin, ſi les ſoupçons de cet illuſtre Amant,

109 346 741 46 Puiſque vous le voulez n’ont point de fondement?

109 387 775 43 Pour le moins font-ils foy d'une ame bien atteinte,

112 426 706 44 Et d’autres cheriroient ce qui fait vôtre plainte.

110 466 656 42 De jaloux mouvemens doivent être odieux,

111 504 735 45 S’ils partent d’un amour qui deplaiſe à nos yeux.

112 537 807 52 Mais tout ce qu’un Amant nous peut montrer d'allarmes,

114 581 807 46 Doit lorsque nous l’aimons, avoir pour nous des charmes;

113 617 738 50 C’eſt par là que ſon feu ſe peut mieux exprimer,

113 662 717 45 Et plus il eſt jaloux, plus nous devons l’aimer;

115 700 788 48 Ainſi puiſqu’en vôtre ame une Prince magnanime....

386 745 278 29 D. ELUIRE.

117 780 707 45 Ah! ne m’avancez point cette étrange maxime.

114 816 639 47 Par tout la jalouſie est un monſtre odieux,

116 859 649 45 Rien n’en peut adoucir les traits injurieux;

116 896 744 46 Et plus l’amour eſt cher, qui lui donne naiſſance

119 936 705 45 Plus on doit reſſentir les coups de cette offence.

119 977 741 44 Voir un Prince emporté, qui perd à tous momens

117 1017 741 44 Le reſpect que l’amour inspire aux vrais Amans:

121 1054 719 45 Qui dans les ſoins jaloux, où ſon ame ſe noye,

119 1095 699 46 Querelle également mon chagrin, & ma joye;

120 1136 753 43 Et dans tous mes regards ne peut rien remarquer,

121 1173 706 43 Qu’en faveur d’un Rival il ne veüille expliquer.

122 1211 737 49 Non, non, par ces ſoupçons je ſuis trop offencée,

123 1253 608 45 Et ſans déguiſement je te dis ma penſée.

121 1292 622 37 Le Prince D. Garcie eſt cher à mes deſirs,

123 1331 698 45 Il peut d’un cœur illuſtre échaufer les ſoupirs:

124 1371 636 44 Au milieu de Leon, on a veu ſon courage

126 1411 695 44 Me donner de ſa flame un noble témoignage,

124 1449 703 44 Braver en ma faveur des perils les plus grands,

125 1488 666 43 M’enlever aux deſſeins de nos lâches tyrans;

127 1527 671 39 Et dans ces murs forcez mettre ma destinée,

129 1566 702 45 A couvert des horreurs d’un indigne hymenée;

899 1604 35 35 Et
