1006 1752
124 51 49 55 18

252 37 575 75 DOM GARCIE.

123 116 780 42 Que vôtre ame les forme, & qu'il n’eſt en ces lieux;

121 155 780 42 Fâcheux que par vos ſoins, jaloux que par vos yeux.

122 195 747 41 Encor un coup, Dom Lope, une ame bien épriſe

121 227 801 49 Des ſoupçons qu'elle prend, ne me rend point ſurpriſe;

122 275 751 39 Mais qu'on ait ſans amour tous les ſoins d'un jaloux,

119 308 711 51 C’eſt une nouveauté qui n’appartient qu’à vous.

420 356 208 32 D. LOPE.

120 392 652 42 Que ſur cette conduite à ſon aiſe l’on gloſe,

120 431 706 43 Chacun regle la ſienne au but qu'il ſe propoſe;

118 472 668 40 Et rebuté par vous des ſoins de mon amour,

118 511 726 43 Je ſonge auprés du Prince à bien faite ma Cour.

441 553 161 29 ELISE.

118 588 739 44 Mais ſçavez vous, qu'enfin il fera mal la ſienne,

115 628 799 43 S'il faut qu'en cette humeur vôtre eſprit l'entretienne?

416 672 211 28 D. LOPE.

114 708 798 41 Et quand, charmante Eliſe, a-t'on veu s’il vous plaît,

114 748 800 45 Qu’on cherche auprés des Grands, que ſon propre interêt?

114 787 746 42 Qu'un parfait Courtiſan veüille charger leur ſuite,

112 827 800 41 D'un cenſeur des défauts, qu’on trouve en leur conduite;

112 866 670 42 Et s’aille inquieter, ſi ſon diſcours leur nuit,

111 905 681 47 Pourveu que ſa fortune en tire quelque fruit?

107 946 807 45 Tout ce qu’on fait ne va, qu'à ſe mettre en leur grace

110 986 732 44 Par la plus courte voye, on y cherche une place;

110 1025 769 48 Et les plus prompts moyens de gagner leur faveur,

109 1058 705 49 C’eſt de flater toûjours le foible de leur cœur:

110 1104 716 46 D’applaudir en aveugle à ce qu'ils veulent faire,

110 1146 696 41 Et n'appuyer jamais ce qui peut leur déplaire;

110 1185 707 49 C’eſt là le vrai ſecret d’être bien auprés d’eux,

111 1224 654 42 Les utiles conſeils font paſſer pour fâcheux,

111 1263 703 41 Et vous laiſſent toujours hors de la confidence,

109 1303 676 40 Où vous jette d’abord l'adroite complaiſance.

111 1341 730 43 Enfin on voit par tout, que l'art des Courtiſans,

108 1381 718 42 Ne tend qu’à profiter des foibleſſes des Grands;

109 1422 717 38 A nourrir les erreurs, & jamais dans leur ame,

110 1461 674 40 Ne porter les avis des choſes qu'on y blâme.

436 1503 159 27 ELISE.

111 1538 689 41 Ces maximes un temps leur peuvent ſucceder;

104 1577 705 42 Mais il eſt des revers, qu’on doit apprehender.

874 1600 57 77 Et
