1028 1760
193 32 597 69 DE NAVARRE.

838 39 49 62 21

94 107 361 40 Quoi que vôtre Rival....

95 145 427 32 Vous devez toutefois vous....

96 185 383 32 Et vous avez en vous à....

96 224 393 40 L'obſtacle le plus grand....

95 264 395 40 Je cheris tendrement ce....

96 302 453 33 Pour me tirer des mains de....

97 342 391 33 Son amour, ſes devoirs....

101 381 417 32 Mais il m’eſt odieux avec....

99 421 408 31 Otez donc à vos feux ce....

102 460 455 41 Meritez les regards que l'on....

103 499 417 41 Et lors qu’on vous oblige....

101 539 419 39 Ne vous obſtinez point à...

103 577 689 40 Oüi, mon ſort par ces mots eſt aſſez éclairci,

102 616 713 32 Son cœur comme ſa main ſe fait connoître ici:

104 655 623 41 Et les ſens imparfaits de cet écrit funeſte,

103 694 750 42 Pour s’expliquer à moi, n'ont pas beſoin du reſte.

102 735 648 41 Toutefois dans l’abord agiſſons doucement,

103 773 630 34 Couvrons à l’infidelle un vif reſſentiment;

104 814 737 40 Et de ce que je tiens, ne donnant point d’indice,

104 851 679 42 Confondons ſon eſprit par ſon propre artifice.

104 891 713 41 La voici, ma raiſon, renferme mes tranſports,

105 931 704 40 Et rends-toi-pour un tems maîtreſſe du dehors.

312 972 392 38 SCENE V.

180 1022 655 32 D. ELUIRE, D. GARCIE.

370 1057 280 41 D. ELUIRE.

180 1080 707 68 Ous avez bien voulu que je vous fiſſe attendre?

366 1141 289 29 D. GARCIE.

108 1178 353 41 Ha! qu’elle cache bien.

375 1220 278 31 D. ELUIRE.

498 1259 416 39 On vient de nous apprendre

108 1295 673 43 Que le Roi vôtre Pere approuve vos projets,

109 1336 729 40 Et veut bien que ſon Fils nous rende nos Sujets,

108 1376 696 41 Et mon ame en a pris une allegreſſe extréme.

379 1417 284 28 D. GARCIE.

108 1454 808 40 Oüi, Madame, & mon coeur s'en réjoüit de méme.

110 1495 119 29 Mais....

380 1536 277 28 D. ELUIRE.

244 1572 575 44 Le tiran ſans doute aura peine à parer

870 1609 52 38 Les

107 1047 79 89 V
