<?xml version="1.0" encoding="UTF-8"?>
<alto xmlns:xsi="http://www.w3.org/2001/XMLSchema-instance"
      xmlns="http://www.loc.gov/standards/alto/ns-v4#"
      xsi:schemaLocation="http://www.loc.gov/standards/alto/ns-v4# https://gitlab.inria.fr/scripta/escriptorium/-/raw/develop/app/escriptorium/static/alto-4-1-baselines.xsd">
  <Description>
    <MeasurementUnit>pixel</MeasurementUnit>
    <sourceImageInformation>
      <fileName>Moliere1694_DomGarcie_corrected_0021.png</fileName>
    </sourceImageInformation>
  </Description>
  
  <Tags>
    <OtherTag ID="BT1" LABEL="Title" DESCRIPTION="block type Title"/><OtherTag ID="BT2" LABEL="Main" DESCRIPTION="block type Main"/><OtherTag ID="BT331" LABEL="Damage" DESCRIPTION="block type Damage"/><OtherTag ID="BT332" LABEL="Decoration" DESCRIPTION="block type Decoration"/><OtherTag ID="BT333" LABEL="DropCapital" DESCRIPTION="block type DropCapital"/><OtherTag ID="BT334" LABEL="Figure" DESCRIPTION="block type Figure"/><OtherTag ID="BT335" LABEL="Margin" DESCRIPTION="block type Margin"/><OtherTag ID="BT336" LABEL="MusicNotation" DESCRIPTION="block type MusicNotation"/><OtherTag ID="BT337" LABEL="Numbering" DESCRIPTION="block type Numbering"/><OtherTag ID="BT338" LABEL="RunningTitle" DESCRIPTION="block type RunningTitle"/><OtherTag ID="BT339" LABEL="Seal" DESCRIPTION="block type Seal"/><OtherTag ID="BT340" LABEL="Signatures" DESCRIPTION="block type Signatures"/><OtherTag ID="BT341" LABEL="Stamp" DESCRIPTION="block type Stamp"/><OtherTag ID="BT342" LABEL="Table" DESCRIPTION="block type Table"/>
    <OtherTag ID="LT124" LABEL="Default" DESCRIPTION="line type Default"/><OtherTag ID="LT125" LABEL="DropCapitalLine" DESCRIPTION="line type DropCapitalLine"/><OtherTag ID="LT126" LABEL="Interlinear" DESCRIPTION="line type Interlinear"/><OtherTag ID="LT127" LABEL="MusicLine" DESCRIPTION="line type MusicLine"/><OtherTag ID="LT128" LABEL="Rubric" DESCRIPTION="line type Rubric"/>
  </Tags>
  
  <Layout>
    <Page WIDTH="1000"
          HEIGHT="1750"
          PHYSICAL_IMG_NR="19"
          ID="eSc_dummypage_">
      <PrintSpace HPOS="0"
                  VPOS="0"
                  WIDTH="1000"
                  HEIGHT="1750">
        
        <TextBlock HPOS="87"
                   VPOS="45"
                   WIDTH="67"
                   HEIGHT="42"
                   ID="eSc_textblock_a9a1a7dc"
                   TAGREFS="BT337">
          <Shape><Polygon POINTS="87 45 87 87 154 87 154 45"/></Shape>
          
          
          <TextLine ID="tl_1"
                    TAGREFS="LT124"
                    BASELINE="99 79 144 78 160 78" 
                    HPOS="97"
                    VPOS="27"
                    WIDTH="59"
                    HEIGHT="61">
            <Shape><Polygon POINTS="97 78 97 27 116 27 128 37 154 36 156 88 100 87"/></Shape>
	    <String CONTENT="22"
                    HPOS="97"
                    VPOS="27"
                    WIDTH="59"
                    HEIGHT="61"></String>
          </TextLine>

          
        </TextBlock>
        
        <TextBlock HPOS="214"
                   VPOS="28"
                   WIDTH="573"
                   HEIGHT="65"
                   ID="eSc_textblock_b3d21395"
                   TAGREFS="BT338">
          <Shape><Polygon POINTS="214 31 222 93 787 93 787 28"/></Shape>
          
          
          <TextLine ID="eSc_line_e5c77b50"
                    TAGREFS="LT124"
                    BASELINE="222 78 396 78 785 78" 
                    HPOS="221"
                    VPOS="23"
                    WIDTH="562"
                    HEIGHT="65">
            <Shape><Polygon POINTS="221 77 224 27 237 23 262 33 278 23 287 27 315 23 332 35 350 26 397 35 442 35 456 27 499 33 510 23 529 23 541 35 576 23 594 23 608 35 646 35 671 23 687 29 708 23 719 32 735 29 743 35 776 27 783 77 781 88 750 83 702 88 694 81 646 88 632 81 610 88 592 81 570 88 525 88 519 83 491 87 484 81 446 88 424 81 411 81 404 88 343 88 332 81 306 88 283 88 271 81 255 81 248 88 224 86"/></Shape>
	    <String CONTENT="DOM GARCIE"
                    HPOS="221"
                    VPOS="23"
                    WIDTH="562"
                    HEIGHT="65"></String>
          </TextLine>

          
        </TextBlock>
        
        <TextBlock HPOS="56"
                   VPOS="87"
                   WIDTH="843"
                   HEIGHT="1559"
                   ID="eSc_textblock_5c938026"
                   TAGREFS="BT2">
          <Shape><Polygon POINTS="84 87 56 1598 893 1646 899 90"/></Shape>
          
          
          <TextLine ID="tl_2"
                    TAGREFS="LT124"
                    BASELINE="98 120 148 120 271 121 336 119 394 120 466 120 498 119 610 122 776 120 794 128" 
                    HPOS="98"
                    VPOS="91"
                    WIDTH="696"
                    HEIGHT="40">
            <Shape><Polygon POINTS="98 91 794 91 794 131 98 131"/></Shape>
	    <String CONTENT="Les foudres que par tout il entend murmurer;"
                    HPOS="98"
                    VPOS="91"
                    WIDTH="696"
                    HEIGHT="40"></String>
          </TextLine>

          
          
          <TextLine ID="tl_3"
                    TAGREFS="LT124"
                    BASELINE="100 159 134 159 210 159 271 159 359 159 425 159 461 159 568 159 694 159" 
                    HPOS="100"
                    VPOS="130"
                    WIDTH="594"
                    HEIGHT="42">
            <Shape><Polygon POINTS="100 130 694 130 694 172 100 172"/></Shape>
	    <String CONTENT="Et j’oſe me flater que le même courage"
                    HPOS="100"
                    VPOS="130"
                    WIDTH="594"
                    HEIGHT="42"></String>
          </TextLine>

          
          
          <TextLine ID="tl_4"
                    TAGREFS="LT124"
                    BASELINE="98 206 156 199 218 199 291 200 352 198 489 199 517 199 557 200 671 199 745 199 761 200" 
                    HPOS="98"
                    VPOS="171"
                    WIDTH="663"
                    HEIGHT="40">
            <Shape><Polygon POINTS="98 171 761 171 761 211 98 211"/></Shape>
	    <String CONTENT="Qui pût bien me ſoûtraire à ſa brutale rage:"
                    HPOS="98"
                    VPOS="171"
                    WIDTH="663"
                    HEIGHT="40"></String>
          </TextLine>

          
          
          <TextLine ID="tl_5"
                    TAGREFS="LT124"
                    BASELINE="96 238 131 238 207 239 256 239 344 239 530 244 671 239 715 238 767 240 886 245" 
                    HPOS="96"
                    VPOS="210"
                    WIDTH="790"
                    HEIGHT="42">
            <Shape><Polygon POINTS="96 210 886 210 886 252 96 252"/></Shape>
	    <String CONTENT="Et dans les murs d&#39;Aſtorgue, arrachez de ſes mains,"
                    HPOS="96"
                    VPOS="210"
                    WIDTH="790"
                    HEIGHT="42"></String>
          </TextLine>

          
          
          <TextLine ID="tl_6"
                    TAGREFS="LT124"
                    BASELINE="96 277 145 277 224 277 273 278 343 278 423 279 453 278 557 278 607 279 745 280" 
                    HPOS="96"
                    VPOS="249"
                    WIDTH="649"
                    HEIGHT="31">
            <Shape><Polygon POINTS="96 249 745 249 745 280 96 280"/></Shape>
	    <String CONTENT="Me faire un ſeur azile à braver les deſſeins:"
                    HPOS="96"
                    VPOS="249"
                    WIDTH="649"
                    HEIGHT="31"></String>
          </TextLine>

          
          
          <TextLine ID="tl_7"
                    TAGREFS="LT124"
                    BASELINE="93 317 192 317 237 316 309 318 405 322 545 319 583 319 742 323" 
                    HPOS="93"
                    VPOS="289"
                    WIDTH="649"
                    HEIGHT="39">
            <Shape><Polygon POINTS="93 289 742 289 742 328 93 328"/></Shape>
	    <String CONTENT="Pourra de tout Leon, achevant la conquête,"
                    HPOS="93"
                    VPOS="289"
                    WIDTH="649"
                    HEIGHT="39"></String>
          </TextLine>

          
          
          <TextLine ID="tl_8"
                    TAGREFS="LT124"
                    BASELINE="92 357 158 358 209 357 314 358 416 359 495 358 601 358 681 357 756 358" 
                    HPOS="92"
                    VPOS="327"
                    WIDTH="664"
                    HEIGHT="32">
            <Shape><Polygon POINTS="92 327 756 327 756 359 92 359"/></Shape>
	    <String CONTENT="Sous ſes nobles efforts faire cheoir cette tête."
                    HPOS="92"
                    VPOS="327"
                    WIDTH="664"
                    HEIGHT="32"></String>
          </TextLine>

          
          
          <TextLine ID="tl_9"
                    TAGREFS="LT124"
                    BASELINE="352 397 378 397 635 397" 
                    HPOS="352"
                    VPOS="371"
                    WIDTH="283"
                    HEIGHT="30">
            <Shape><Polygon POINTS="352 371 635 371 635 401 352 401"/></Shape>
	    <String CONTENT="D. GARCIE."
                    HPOS="352"
                    VPOS="371"
                    WIDTH="283"
                    HEIGHT="30"></String>
          </TextLine>

          
          
          <TextLine ID="tl_10"
                    TAGREFS="LT124"
                    BASELINE="91 436 128 435 229 437 277 437 379 437 475 437 552 438 692 437 792 443" 
                    HPOS="91"
                    VPOS="406"
                    WIDTH="701"
                    HEIGHT="43">
            <Shape><Polygon POINTS="91 406 792 406 792 449 91 449"/></Shape>
	    <String CONTENT="Le ſuccez en pourra parler dans quelques jours,"
                    HPOS="91"
                    VPOS="406"
                    WIDTH="701"
                    HEIGHT="43"></String>
          </TextLine>

          
          
          <TextLine ID="tl_11"
                    TAGREFS="LT124"
                    BASELINE="88 476 161 475 206 475 297 476 414 477 443 477 572 476 658 476 797 479" 
                    HPOS="88"
                    VPOS="447"
                    WIDTH="709"
                    HEIGHT="42">
            <Shape><Polygon POINTS="88 447 797 447 797 489 88 489"/></Shape>
	    <String CONTENT="Mais de grâce paſſons à quelque autre diſcours."
                    HPOS="88"
                    VPOS="447"
                    WIDTH="709"
                    HEIGHT="42"></String>
          </TextLine>

          
          
          <TextLine ID="tl_12"
                    TAGREFS="LT124"
                    BASELINE="88 515 188 514 257 517 329 527 401 517 479 516 560 516 607 516 666 515 753 520" 
                    HPOS="88"
                    VPOS="487"
                    WIDTH="665"
                    HEIGHT="40">
            <Shape><Polygon POINTS="88 487 753 487 753 527 88 527"/></Shape>
	    <String CONTENT="Puis-je ſans trop oſer vous prier de me dire,"
                    HPOS="88"
                    VPOS="487"
                    WIDTH="665"
                    HEIGHT="40"></String>
          </TextLine>

          
          
          <TextLine ID="tl_13"
                    TAGREFS="LT124"
                    BASELINE="86 553 111 553 176 555 255 556 330 557 397 557 420 561 584 560 658 555 799 561" 
                    HPOS="86"
                    VPOS="526"
                    WIDTH="713"
                    HEIGHT="45">
            <Shape><Polygon POINTS="86 526 799 526 799 571 86 571"/></Shape>
	    <String CONTENT="A qui vous avez pris, Madame, ſoin d’écrire,"
                    HPOS="86"
                    VPOS="526"
                    WIDTH="713"
                    HEIGHT="45"></String>
          </TextLine>

          
          
          <TextLine ID="tl_14"
                    TAGREFS="LT124"
                    BASELINE="87 594 189 595 254 595 291 595 390 595 471 596 500 596 634 595 684 595 701 595" 
                    HPOS="87"
                    VPOS="558"
                    WIDTH="614"
                    HEIGHT="48">
            <Shape><Polygon POINTS="87 558 701 558 701 606 87 606"/></Shape>
	    <String CONTENT="Depuis que le deſtin nous a conduits ici?"
                    HPOS="87"
                    VPOS="558"
                    WIDTH="614"
                    HEIGHT="48"></String>
          </TextLine>

          
          
          <TextLine ID="tl_15"
                    TAGREFS="LT124"
                    BASELINE="351 635 387 635 447 635 481 635 515 634 543 634 580 635 626 634" 
                    HPOS="351"
                    VPOS="608"
                    WIDTH="275"
                    HEIGHT="27">
            <Shape><Polygon POINTS="351 608 626 608 626 635 351 635"/></Shape>
	    <String CONTENT="D. ELUIRE."
                    HPOS="351"
                    VPOS="608"
                    WIDTH="275"
                    HEIGHT="27"></String>
          </TextLine>

          
          
          <TextLine ID="tl_16"
                    TAGREFS="LT124"
                    BASELINE="86 673 220 674 299 673 444 675 463 674 507 676 587 674 672 674 713 674 798 676 819 677" 
                    HPOS="86"
                    VPOS="644"
                    WIDTH="733"
                    HEIGHT="41">
            <Shape><Polygon POINTS="86 644 819 644 819 685 86 685"/></Shape>
	    <String CONTENT="Pourquoi cette demande? &amp; d’où vient ce ſouci?"
                    HPOS="86"
                    VPOS="644"
                    WIDTH="733"
                    HEIGHT="41"></String>
          </TextLine>

          
          
          <TextLine ID="tl_17"
                    TAGREFS="LT124"
                    BASELINE="349 714 385 714 451 716 487 713 526 714 562 715 591 713 637 714" 
                    HPOS="349"
                    VPOS="687"
                    WIDTH="288"
                    HEIGHT="29">
            <Shape><Polygon POINTS="349 687 637 687 637 716 349 716"/></Shape>
	    <String CONTENT="D. GARCIE."
                    HPOS="349"
                    VPOS="687"
                    WIDTH="288"
                    HEIGHT="29"></String>
          </TextLine>

          
          
          <TextLine ID="tl_18"
                    TAGREFS="LT124"
                    BASELINE="83 753 158 753 238 753 358 755 407 754 485 754 622 753" 
                    HPOS="83"
                    VPOS="723"
                    WIDTH="539"
                    HEIGHT="42">
            <Shape><Polygon POINTS="83 723 622 723 622 765 83 765"/></Shape>
	    <String CONTENT="D&#39;un deſir curieux de pure fantaiſie."
                    HPOS="83"
                    VPOS="723"
                    WIDTH="539"
                    HEIGHT="42"></String>
          </TextLine>

          
          
          <TextLine ID="tl_19"
                    TAGREFS="LT124"
                    BASELINE="344 794 381 794 441 793 475 794 510 792 539 793 579 793 622 794" 
                    HPOS="344"
                    VPOS="766"
                    WIDTH="278"
                    HEIGHT="28">
            <Shape><Polygon POINTS="344 766 622 766 622 794 344 794"/></Shape>
	    <String CONTENT="D. ELUIRE."
                    HPOS="344"
                    VPOS="766"
                    WIDTH="278"
                    HEIGHT="28"></String>
          </TextLine>

          
          
          <TextLine ID="tl_20"
                    TAGREFS="LT124"
                    BASELINE="82 832 120 833 253 835 323 834 369 833 407 834 484 833 531 832" 
                    HPOS="82"
                    VPOS="803"
                    WIDTH="449"
                    HEIGHT="40">
            <Shape><Polygon POINTS="82 803 531 803 531 843 82 843"/></Shape>
	    <String CONTENT="La curioſité naît de la jalouſie."
                    HPOS="82"
                    VPOS="803"
                    WIDTH="449"
                    HEIGHT="40"></String>
          </TextLine>

          
          
          <TextLine ID="tl_21"
                    TAGREFS="LT124"
                    BASELINE="343 873 371 873 626 871" 
                    HPOS="343"
                    VPOS="846"
                    WIDTH="283"
                    HEIGHT="28">
            <Shape><Polygon POINTS="343 846 626 846 626 874 343 874"/></Shape>
	    <String CONTENT="D. GARCIE."
                    HPOS="343"
                    VPOS="846"
                    WIDTH="283"
                    HEIGHT="28"></String>
          </TextLine>

          
          
          <TextLine ID="tl_22"
                    TAGREFS="LT124"
                    BASELINE="83 913 165 916 211 912 289 911 353 912 396 913 463 912 506 911 542 911 609 911 689 912 810 916" 
                    HPOS="83"
                    VPOS="882"
                    WIDTH="710"
                    HEIGHT="39">
            <Shape><Polygon POINTS="83 882 793 882 793 921 83 921"/></Shape>
	    <String CONTENT="Non, ce n&#39;eſt rien du tout de ce que vous penſez,"
                    HPOS="83"
                    VPOS="882"
                    WIDTH="710"
                    HEIGHT="39"></String>
          </TextLine>

          
          
          <TextLine ID="tl_23"
                    TAGREFS="LT124"
                    BASELINE="82 954 139 952 240 952 287 951 332 951 404 952 463 952 618 951 710 951" 
                    HPOS="82"
                    VPOS="916"
                    WIDTH="628"
                    HEIGHT="38">
            <Shape><Polygon POINTS="82 916 710 916 710 954 82 954"/></Shape>
	    <String CONTENT="Vos ordres de ce mal me défendent aſſez."
                    HPOS="82"
                    VPOS="916"
                    WIDTH="628"
                    HEIGHT="38"></String>
          </TextLine>

          
          
          <TextLine ID="tl_24"
                    TAGREFS="LT124"
                    BASELINE="343 992 379 991 442 992 474 991 509 990 539 991 580 990 623 990" 
                    HPOS="343"
                    VPOS="965"
                    WIDTH="280"
                    HEIGHT="27">
            <Shape><Polygon POINTS="343 965 623 965 623 992 343 992"/></Shape>
	    <String CONTENT="D. ELUIRE."
                    HPOS="343"
                    VPOS="965"
                    WIDTH="280"
                    HEIGHT="27"></String>
          </TextLine>

          
          
          <TextLine ID="tl_25"
                    TAGREFS="LT124"
                    BASELINE="80 1032 143 1032 280 1031 351 1031 439 1031 514 1031 622 1030 699 1030 812 1038" 
                    HPOS="80"
                    VPOS="1000"
                    WIDTH="732"
                    HEIGHT="42">
            <Shape><Polygon POINTS="80 1000 812 1000 812 1042 80 1042"/></Shape>
	    <String CONTENT="Sans chercher plus avant quel intérêt vous preſſe,"
                    HPOS="80"
                    VPOS="1000"
                    WIDTH="732"
                    HEIGHT="42"></String>
          </TextLine>

          
          
          <TextLine ID="tl_26"
                    TAGREFS="LT124"
                    BASELINE="78 1079 129 1071 212 1071 276 1072 305 1071 390 1071 467 1071 497 1071 537 1071 702 1074" 
                    HPOS="78"
                    VPOS="1040"
                    WIDTH="624"
                    HEIGHT="39">
            <Shape><Polygon POINTS="78 1040 702 1040 702 1079 78 1079"/></Shape>
	    <String CONTENT="J’ai deux fois à Leon écrit à la Comteſſe;"
                    HPOS="78"
                    VPOS="1040"
                    WIDTH="624"
                    HEIGHT="39"></String>
          </TextLine>

          
          
          <TextLine ID="tl_27"
                    TAGREFS="LT124"
                    BASELINE="79 1111 113 1110 197 1110 262 1111 307 1111 445 1111 498 1110 602 1114 633 1110 768 1108" 
                    HPOS="79"
                    VPOS="1082"
                    WIDTH="689"
                    HEIGHT="40">
            <Shape><Polygon POINTS="79 1082 768 1082 768 1122 79 1122"/></Shape>
	    <String CONTENT="Et deux fois au Marquis D. Loüis, à Burgos?"
                    HPOS="79"
                    VPOS="1082"
                    WIDTH="689"
                    HEIGHT="40"></String>
          </TextLine>

          
          
          <TextLine ID="tl_28"
                    TAGREFS="LT124"
                    BASELINE="78 1150 150 1150 229 1148 348 1150 493 1150 539 1150 629 1150 647 1149" 
                    HPOS="78"
                    VPOS="1122"
                    WIDTH="569"
                    HEIGHT="39">
            <Shape><Polygon POINTS="78 1122 647 1122 647 1161 78 1161"/></Shape>
	    <String CONTENT="Avec cette réponſe êtes-vous en repos?"
                    HPOS="78"
                    VPOS="1122"
                    WIDTH="569"
                    HEIGHT="39"></String>
          </TextLine>

          
          
          <TextLine ID="tl_29"
                    TAGREFS="LT124"
                    BASELINE="336 1189 363 1189 621 1189" 
                    HPOS="336"
                    VPOS="1163"
                    WIDTH="285"
                    HEIGHT="27">
            <Shape><Polygon POINTS="336 1163 621 1163 621 1190 336 1190"/></Shape>
	    <String CONTENT="D. GARCIE."
                    HPOS="336"
                    VPOS="1163"
                    WIDTH="285"
                    HEIGHT="27"></String>
          </TextLine>

          
          
          <TextLine ID="tl_30"
                    TAGREFS="LT124"
                    BASELINE="77 1230 152 1229 257 1230 345 1230 422 1229 453 1231 584 1229 670 1228 830 1235" 
                    HPOS="77"
                    VPOS="1199"
                    WIDTH="753"
                    HEIGHT="42">
            <Shape><Polygon POINTS="77 1199 830 1199 830 1241 77 1241"/></Shape>
	    <String CONTENT="Vous n&#39;avez point écrit à quelque autre perſonne,"
                    HPOS="77"
                    VPOS="1199"
                    WIDTH="753"
                    HEIGHT="42"></String>
          </TextLine>

          
          
          <TextLine ID="tl_31"
                    TAGREFS="LT124"
                    BASELINE="76 1271 222 1268 395 1268 456 1269 490 1268 526 1267 555 1268 593 1268 636 1268" 
                    HPOS="76"
                    VPOS="1240"
                    WIDTH="560"
                    HEIGHT="31">
            <Shape><Polygon POINTS="76 1240 636 1240 636 1271 76 1271"/></Shape>
	    <String CONTENT="Madame? D. ELUIRE."
                    HPOS="76"
                    VPOS="1240"
                    WIDTH="560"
                    HEIGHT="31"></String>
          </TextLine>

          
          
          <TextLine ID="tl_32"
                    TAGREFS="LT124"
                    BASELINE="246 1310 328 1314 400 1309 508 1313 552 1310 596 1308 726 1308 883 1312" 
                    HPOS="246"
                    VPOS="1279"
                    WIDTH="637"
                    HEIGHT="35">
            <Shape><Polygon POINTS="246 1279 883 1279 883 1314 246 1314"/></Shape>
	    <String CONTENT="Non, ſans doute, &amp; ce diſcours m’étonne."
                    HPOS="246"
                    VPOS="1279"
                    WIDTH="637"
                    HEIGHT="35"></String>
          </TextLine>

          
          
          <TextLine ID="tl_33"
                    TAGREFS="LT124"
                    BASELINE="332 1348 359 1348 619 1347" 
                    HPOS="332"
                    VPOS="1322"
                    WIDTH="287"
                    HEIGHT="27">
            <Shape><Polygon POINTS="332 1322 619 1322 619 1349 332 1349"/></Shape>
	    <String CONTENT="D. GARCIE."
                    HPOS="332"
                    VPOS="1322"
                    WIDTH="287"
                    HEIGHT="27"></String>
          </TextLine>

          
          
          <TextLine ID="tl_34"
                    TAGREFS="LT124"
                    BASELINE="73 1387 116 1387 205 1388 314 1388 386 1388 477 1388 542 1388 696 1393" 
                    HPOS="73"
                    VPOS="1357"
                    WIDTH="623"
                    HEIGHT="43">
            <Shape><Polygon POINTS="73 1357 696 1357 696 1400 73 1400"/></Shape>
	    <String CONTENT="De grace ſongez bien avant que d’aſſurer,"
                    HPOS="73"
                    VPOS="1357"
                    WIDTH="623"
                    HEIGHT="43"></String>
          </TextLine>

          
          
          <TextLine ID="tl_35"
                    TAGREFS="LT124"
                    BASELINE="70 1428 112 1427 273 1427 319 1426 467 1427 516 1428 592 1427 630 1427 768 1431" 
                    HPOS="70"
                    VPOS="1399"
                    WIDTH="698"
                    HEIGHT="39">
            <Shape><Polygon POINTS="70 1399 768 1399 768 1438 70 1438"/></Shape>
	    <String CONTENT="En manquant de memoire on peut ſe parjurer."
                    HPOS="70"
                    VPOS="1399"
                    WIDTH="698"
                    HEIGHT="39"></String>
          </TextLine>

          
          
          <TextLine ID="tl_36"
                    TAGREFS="LT124"
                    BASELINE="330 1466 367 1466 426 1467 461 1467 496 1466 527 1467 568 1467 612 1468" 
                    HPOS="330"
                    VPOS="1440"
                    WIDTH="282"
                    HEIGHT="28">
            <Shape><Polygon POINTS="330 1440 612 1440 612 1468 330 1468"/></Shape>
	    <String CONTENT="D. ELUIRE."
                    HPOS="330"
                    VPOS="1440"
                    WIDTH="282"
                    HEIGHT="28"></String>
          </TextLine>

          
          
          <TextLine ID="tl_37"
                    TAGREFS="LT124"
                    BASELINE="72 1504 122 1505 242 1506 298 1506 340 1505 429 1506 476 1506 552 1506 621 1506 747 1508" 
                    HPOS="72"
                    VPOS="1476"
                    WIDTH="675"
                    HEIGHT="41">
            <Shape><Polygon POINTS="72 1476 747 1476 747 1517 72 1517"/></Shape>
	    <String CONTENT="Ma bouche ſur ce point ne peut être parjure."
                    HPOS="72"
                    VPOS="1476"
                    WIDTH="675"
                    HEIGHT="41"></String>
          </TextLine>

          
          
          <TextLine ID="tl_38"
                    TAGREFS="LT124"
                    BASELINE="329 1544 356 1544 607 1545" 
                    HPOS="329"
                    VPOS="1519"
                    WIDTH="278"
                    HEIGHT="27">
            <Shape><Polygon POINTS="329 1519 607 1519 607 1546 329 1546"/></Shape>
	    <String CONTENT="D. GARCIE."
                    HPOS="329"
                    VPOS="1519"
                    WIDTH="278"
                    HEIGHT="27"></String>
          </TextLine>

          
          
          <TextLine ID="tl_39"
                    TAGREFS="LT124"
                    BASELINE="69 1580 127 1580 156 1582 208 1584 347 1586 412 1585 503 1586 670 1586" 
                    HPOS="69"
                    VPOS="1550"
                    WIDTH="601"
                    HEIGHT="47">
            <Shape><Polygon POINTS="69 1550 670 1550 670 1597 69 1597"/></Shape>
	    <String CONTENT="Elle a dit toutefois une haute impoſture."
                    HPOS="69"
                    VPOS="1550"
                    WIDTH="601"
                    HEIGHT="47"></String>
          </TextLine>

          
          
          <TextLine ID="tl_40"
                    TAGREFS="LT128"
                    BASELINE="754 1627 795 1627 878 1623" 
                    HPOS="754"
                    VPOS="1598"
                    WIDTH="124"
                    HEIGHT="30">
            <Shape><Polygon POINTS="754 1598 878 1598 878 1628 754 1628"/></Shape>
	    <String CONTENT="D. EL¬"
                    HPOS="754"
                    VPOS="1598"
                    WIDTH="124"
                    HEIGHT="30"></String>
          </TextLine>

          
        </TextBlock>
        

        
      </PrintSpace>
    </Page>
  </Layout>
</alto>
