1032 1758
222 52 600 68 DE NAVARRE.

879 76 51 52 19

120 126 807 40 Et dans l’eſprit des Grands, qu’on tâche de ſurprendre,

121 166 704 40 Un rayon de lumiere, à la fin peut deſcendre,

122 206 702 42 Qui ſur tous ces flateurs vange équitablement,

122 245 733 44 Ce qu’a fait à leur gloire, un long aveuglement.

123 285 673 41 Cependant je dirai, que vôtre ame s’explique

120 324 660 40 Un peu bien librement ſur vôtre Politique;

122 364 641 39 Et ſes nobles motifs, au Prince rapportez,

122 403 526 30 Serviroient aſſez mal vos aſſiduitez.

425 444 205 28 D. LOPE.

121 480 677 41 Outre que je pourrois deſavoüer ſans blame,

120 521 701 40 Ces libres veritez, ſur quoi s’ouvre mon ame;

117 559 703 41 Je ſçai fort bien qu'Eliſe a l’eſprit trop diſcret,

119 598 594 42 Pour aller divulguer cet entretien ſecret.

120 638 799 41 Qu'ai-je dit, aprés tout, que ſans moi l'on ne ſçache?

117 677 701 44 Et dans mon procedé que faut-il que je cache?

117 716 747 39 On peut craindre une cheute avec quelque raiſon,

117 754 709 44 Quand on met en uſage, ou ruſe, ou trahiſon.

117 796 787 39 Mais qu'ai-je à redouter, moi qui par tout n'avance

116 832 769 43 Que les ſoins approuvez d’un peu de complaiſance;

116 874 580 40 Et qui ſui ſeulement par d’utiles leçons

115 912 690 46 La pente qu’a le Prince à de jaloux ſoupçons?

112 958 736 37 Son ame ſemble en vivre, & je mets mon étude

113 997 584 39 A trouver des raiſons à ſon inquietude;

111 1034 651 42 A voir de tous côtez, s'il ne ſe paſſe rien,

111 1073 576 39 A fournir le ſujet d'un ſecret entretien.

111 1113 660 41 Et quand je puis venir enflé d'une nouvelle,

110 1153 629 40 Donner à ſon repos une atteinte mortelle,

109 1191 743 42 C’eſt lors que plus il m’aime, & je voi ſa raiſon

108 1232 580 40 D’une audience avide avaler ce poiſon,

106 1270 654 36 Et m'en remercier, comme d'une victoire,

106 1310 758 43 Qui combleroit ſes jours de bonheur & de gloire.

106 1350 718 41 Mais mon rival paroît, je vous laiſſe tous deux,

105 1388 705 44 Et bien que je renonce à l'eſpoir de vos vœux,

104 1428 771 43 J'aurois un peu de peine à voir qu’en ma preſence,

104 1466 620 44 Il reçeût des effets de quelque preference;

102 1505 651 47 Et je veux, ſi je puis, m'épargner ce ſouci.

425 1550 163 30 ELISE.

102 1584 641 38 Tout amant de bon ſens en doit uſer ainſi.

806 1628 92 32 SCE¬
