1002 1756
93 55 65 81 14

229 48 567 77 DOM GARCIE

89 129 695 40 Daignez donc étouffer le doute qui m’accable,

91 168 646 40 Et faites qu’un aveu d’une bouche adorable

89 206 697 34 Me donne l’aſſurance au fort de tant d'aſſauts,

91 248 713 39 Que je ne puis trouver dans le peu que je vaux.

350 289 278 27 D. ELUIRE.

89 325 677 42 Prince de vos ſoupçons la tyrannie eſt grande

89 364 801 42 Au moindre mot qu’il dit, un cœur veut qu’on l’entende,

88 405 650 40 Et n’aime pas ces feux, dont l’importunité

88 444 651 40 Demande qu’on explique avec tant de clarté

88 483 737 41 Le premier mouvement qui découvre nôtre ame,

90 522 652 33 Doit d’un Amant diſcret ſatisfaire la flâme,

89 561 643 33 Et c’eſt à s’en dédire authoriſer nos vœux,

89 599 662 41 Que vouloir plus avant pouſſer de tels aveux.

87 640 752 40 Je ne dis point quel choix, s'il m’étoit volontaire,

87 679 751 40 Entre Dom Sylve & vous, mon ame pourroit faire;

86 719 768 38 Mais vouloir vous contraindre à n'être point jaloux,

87 758 704 40 Auroit dit quelque choſe à tout autre que vous;

87 797 673 41 Et je croyois cet ordre un aſſez doux langage

87 836 634 40 Peur n’avoir pas beſoin d’en dire davantage.

87 875 692 39 Cependant vôtre amour n’eſt pas encor content;

85 915 613 39 Il demande un aveu qui ſoit plus éclatant.

85 953 762 40 Pour l’ôter de ſcrupule, il me faut à vous méme,

85 993 685 39 En des termes exprés, dire que je vous aime?

84 1033 636 39 Et peut-être qu’encor pour vous en aſſurer

84 1071 616 38 Vous vous obſtineriez à m’en faire jurer.

342 1114 284 27 D. GARCIE.

82 1149 792 39 Hé bien, Madame, hé bien, je ſuis trop temeraire,

82 1189 733 41 De tout ce qui vous plaît, je dois me ſatisfaire;

79 1229 659 41 Je ne demande point de plus grande clarté,

77 1269 725 39 Je croi que vous avez pour moi quelque bonté,

80 1306 694 41 Que d’un peu de pitié mon feu vous ſollicite,

79 1345 664 41 Et je me vois heureux plus que je ne merite.

79 1385 735 41 C'en eſt fait, je renonce à mes ſoupçons jaloux,

78 1424 771 39 L’arrêt qui me condamne, eſt un arrêt bien doux;

80 1464 660 39 Et je reçois la Loi qu’il daigne me précrire,

80 1501 740 43 Pour affranchir mon cœur de leur injuſte empire.

340 1543 277 27 D. ELUIRE.

82 1579 772 43 Vous promettez beaucoup, Prince, & je doute fort,

82 1615 686 47 Si vous pourrez ſur vous faire ce grand effort.
