1018 1744
868 74 43 56 5

524 1607 57 35 A 3

97 291 802 72 DOM GARCIE

131 399 732 58 DE NAVARRE,

409 494 170 28 OU LE

121 556 753 50 PRINCE JALOUX,

301 641 388 38 COMEDIE.

251 776 482 37 ACTE I.

302 850 382 37 SCENE I.

231 926 524 34 D. ELUIRE, ELISE.

358 981 274 27 D. ELUIRE.

219 1015 689 47 On, ce n’eſt point un choix, qui pour ces deux

272 1058 124 34 Amans,

111 1001 94 154 N

236 1095 662 42 Sceut regler de mon cœur les ſecrets ſentimens;

238 1136 663 41 Et le Prince n’a point dans tout ce qu’il peut étre:

91 1175 679 40 Ce qui fit preferer l’amour qu'il fait paroître.

91 1213 628 43 D. Sylve comme lui fit briller à mes yeux

91 1255 612 39 Toutes les qualitez d’un Heros glorieux;

92 1290 723 39 Même éclat de vertus, joint à même naiſſance,

93 1331 696 39 Me parloit en tous deux pour cette preference;

93 1370 640 39 Et je ſerois encor à nommer le vainqueur,

90 1410 645 38 Si le merite ſeul prenoit droit ſur un cœur.

94 1448 797 40 Mais ces chaînes du Ciel, qui tombent ſur nos ames,

93 1487 665 30 Deciderent en moi le deſtin de leurs flâmes;

94 1526 617 40 Et toute mon eſtime égale entre les deux,

89 1564 698 32 Laiſſa vers D. Garcie entraîner tous mes vœux.

828 1603 56 26 ELI
