1040 1766
122 58 38 59 6

238 57 564 62 DOM GARCIE

440 125 160 27 ELISE.

116 161 734 41 Cet amour que pour lui vôtre aſtre vous inſpire,

113 201 728 41 N’a ſur vos actions pris que bien peu d’empire;

115 240 808 42 Puiſque nos yeux. Madame, ont pû long-tems douter

115 281 772 36 Qui de ces deux Amans vous vouliez mieux traiter.

381 322 281 28 D. ELUIRE.

114 358 668 41 De ces nobles Rivaux l’amoureuſe pourſuite,

118 398 655 34 A de fâcheux combats, Eliſe, m’a reduite.

117 438 715 42 Quand je regardois l’un, rien ne me reprochoit

116 478 703 38 Le tendre mouvement où mon ame panchoit;

119 517 686 41 Mais je me l’imputois à beaucoup d’injuſtice,

117 556 734 40 Quand de l’autre à mes yeux s’offroit le ſacrifice.

117 596 784 40 Et Dom Silve, aprés tout, dans les ſoins amoureux

118 634 676 42 Me ſembloit meriter un deſtin plus heureux.

116 674 720 42 Je m'oppoſois encor, ce qu’au ſang de Caſtille,

117 714 684 35 Du feu Roi de Leon, ſemble devoir la Fille;

118 755 603 40 Et la longue amité, qui d’un étroit lien

115 793 666 40 Joignit les interéts, de ſon Pere & du mien.

118 832 724 40 Ainſi plus dans mon ame un autre prenoit place.

117 872 717 41 Plus de tous ſes reſpects je plaignois la diſgrace:

118 910 659 40 Ma pitié complaiſante à ſes brulans ſoupirs,

119 950 618 37 D’un dehors favorable amuſoit ſes deſirs;

118 992 626 44 Et vouloit reparer par ce foible avantage,

115 1031 789 45 Ce qu’au fond de mon cœur je lui faiſois d’outrage.

440 1073 161 29 ELISE.

120 1109 694 42 Mais ſon premier amour que vous avez appris,

120 1149 674 42 Doit de cette contrainte affranchir vos eſprits.

120 1189 807 44 Et puis qu’avant ſes ſoins, où pour vous il s’engage,

120 1228 735 44 Done Ignés de ſon cœur avoir receu l’hommage;

119 1267 635 42 Et que par des liens auſſi fermes que doux

117 1307 633 33 L’amitié vous unit cette Comteſſe & vous.

114 1339 570 45 Son ſecret revelé vous eſt une matiere

119 1387 645 36 A donner à vos vœux liberté toute entiere;

117 1426 721 39 Et vous pouvez ſans crainte à cet Amant confus

117 1466 659 34 D’un devoir d'amitié couvrir tous vos refus.

380 1508 279 32 D. ELUIRE.

119 1541 666 43 Il eſt vrai que j'ai lieu de cherir la nouvelle,

120 1581 668 44 Qui m’apprit que D. Silve étoit un infidelle;

847 1628 106 35 Puiſ¬
