1034 1758
112 68 52 56 12

228 52 569 73 DOM GARCIE

112 126 751 45 Et qu’il ſoit ſoupçonné, que dans vôtre perſonne

112 166 754 45 Il cherche à me gagner les droits d'une Couronne.

113 205 805 44 Oüy, tout mon cœur voudroit montrer aux yeux de tous,

115 243 703 47 Qu’il ne regarde en vous autre choſe que vous;

114 283 647 44 Et cent fois, ſi je puis le dire ſans offenſe,

113 321 706 40 Ses vœux ſe ſont armez contre vôtre naiſſance,

114 361 674 44 Leur chaleur indiſcrete a d’un deſtin plus bas

113 401 578 45 Souhaité le partage à vos divins appas,

118 440 578 45 Afin que de ce cœur, le noble ſacrifice

116 480 641 42 Pût du Ciel envers vous reparer l'injuſtice;

117 519 677 36 Et vôtre ſort tenir des mains de mon amour,

117 558 781 45 Tout ce qu’il doit au ſang, dont vous tenez le jour.

117 596 804 45 Mais puisqu'enfin les Cieux, de tout ce juſte hommage,

118 637 619 45 A mes feux prévenus dérobent l’avantage.

115 673 778 47 Trouvez bon que ces feux prennent un peu d’eſpoir

119 714 730 45 Sur la mort que mon bras s’apprête à faire voir;

121 753 678 47 Et qu’ils oſent briguer par d’illuſtres ſervices,

121 792 684 45 D’un Frere & d'un Etat les ſuffrages propices.

385 836 274 29 D. ELUIRE.

119 871 808 46 Je ſçay que vous pouvez, Prince, en vangeant nos droits

122 911 735 44 Faire par vôtre amour parler cent beaux exploits.

124 950 703 45 Mais ce n'eſt pas aſſez pour le prix qu’il eſpere

123 988 688 43 Que l’aveu d’un Etat, & la faveur d’un Frere.

124 1029 614 53 D. Eluire n'eſt pas au bout de cet effort,

124 1067 704 46 Et je vous vois à vaincre un obſtacle plus fort.

389 1111 283 30 D. GARCIE.

123 1147 749 44 Oüi, Madame, j'entens ce que vous voulez dire,

122 1186 806 46 Je ſçai bien que pour vous mon cœur en vain ſoûpire;

125 1224 718 46 Et l'obſtacle puiſſant, qui s'oppoſe à mes feux,

123 1264 805 46 Sans que vous le nommiez, n'eſt pas ſecret pour eux.

387 1308 279 29 D. ELUIRE.

122 1343 807 45 Souvent on entend mal, ce qu’on croit bien entendre,

125 1381 805 47 Et par trop de chaleur, Prince, on ſe peut méprendre.

127 1421 725 47 Mais puis qu’il faut parler, deſirez vous ſçavoir,

125 1460 806 47 Quand vous pourrez me plaire, & prendre quelque eſpoir?

384 1505 282 29 D. GARCIE.

128 1539 668 38 Ce me ſera, Madame, une faveur extrême.

389 1583 281 31 D. ELUIRE.

128 1615 806 47 Quand vous ſçaurez m’aimer, cõme il faut que l’on aime.
