4267 7697
1448 558 2948 737 PREFACE.

562 780 3763 995 où il eſtoit tombé, apres le refus qu’on luy avoit

552 970 3762 1143 Fait des armes d'Achille. Ils ont admiré le Phi¬

551 1160 3764 1377 loctete, dont tout le ſujet eſt Ulyſſe, qui vient

552 1356 3759 1577 pour ſurprendre les fleches d'Hercule. L'Oe¬

551 1552 3748 1769 dipe meſme, quoy que tout plein de recon¬

550 1744 3759 1955 noiſſances, eſt moins chargé de matiere, que la

547 1938 3758 2155 plus ſimple Tragédie de nos jours. Nous voyons

550 2126 3757 2339 enfin que les Partiſans de Terence, qui l'éle¬

546 2320 3762 2485 vent avec raiſon au deſſus de tous les Poëtes

557 2514 3753 2719 Comiques, pour l'élegance de ſa diction, &

546 2702 3763 2921 pour la vrayſemblance de ſes mœurs, ne laiſſent

551 2886 3764 3111 pas de confeſſer que Plaute a un grand avanta¬

542 3084 3763 3303 ge ſur luy, par la ſimplicité qui eſt dans la pluſ¬

537 3282 3768 3491 part des ſujets de Plaute. Et c'eſt ſans doute

536 3472 3769 3679 cette ſimplicité merveilleuſe qui a attiré à ce

541 3670 3772 3883 dernier toutes les loüanges que les Anciens luy

537 3860 3767 4019 ont données. Combien Menandre eſtoit-il en¬

532 4052 3769 4265 core plus ſimple, puis que Terence eſt obligé

537 4248 3758 4447 de prendre deux Comedies de ce Poëte, pour

530 4436 2251 4586 en faire une des ſiennes?

697 4629 3764 4845 Et il ne faut point croire que cette Regle

526 4822 3763 5035 ne ſoit fondée que ſur la fantaiſie de ceux qui

521 5014 3758 5225 l'ont faite. Il n'y a que le vray-ſemblable qui

520 5204 3759 5415 touche dans la Tragédie. Et quelle vray-ſem¬

512 5398 3752 5613 blance y a-t-il qu’il arrive en un jour une

511 5594 3754 5813 multitude de choſes qui pourroient à peine

506 5784 3763 5999 arriver en pluſieurs ſemaines? Il y en a qui

507 5972 3748 6189 penſent que cette ſimplicité eſt une marque

2986 6192 3210 6351 ã ij
