4267 7939
1344 598 3613 817 TRAGEDIE. 17

342 836 3272 1012 Et ſans preſter l’oreille à la voix des Flatteurs,

336 1012 3547 1179 Je veux par voſtre bouche entendre tous les Cœurs.

341 1182 3278 1341 Vous me l’avez promis. Le reſpect & la crainte

341 1345 3282 1512 Ferment autour de moy le paſſage à la plainte.

332 1504 3606 1690 Pour mieux voir, cher Paulin, & pour entendre mieux,

331 1668 3111 1839 Je vous ay demandé des oreilles, des yeux.

326 1814 3230 1998 J’ay mis meſme à ce prix mon amitié ſecrete,

325 1994 3480 2177 J’ay voulu que des Cœurs vous fuſſiez l’Interprete,

335 2152 2963 2302 Qu’au travers des Flatteurs voſtre ſincerité

330 2319 2946 2503 Fiſt toûjours juſqu'à moy paſſer la Verité.

331 2488 3173 2669 Parlez donc. Que faut-il que Berenice eſpere?

330 2648 3024 2835 Rome luy ſera-t'elle indulgente, ou ſevere?

333 2820 3061 2999 Dois-je croire qu’aſſiſe au Trône des Céſars

325 2968 2796 3164 Une ſi belle Reyne offenſaſt ſes regards?

1550 3129 2409 3299 PAULIN.

331 3310 3613 3494 N’en doutez point, Seigneur. Soit raiſon ou caprice,

325 3480 3249 3651 Rome ne l’attend point pour ſon Imperatrice.

324 3642 3509 3816 On ſçait qu’elle eſt charmante. Et de ſi belles mains

314 3802 3349 3979 Semblent vous demander l’Empire des Humains.

329 3971 3281 4135 Elle a meſme, dit-on, le cœur d’une Romaine.

324 4133 3546 4320 Elle a mille vertus. Mais, Seigneur, elle eſt Reyne.

319 4292 3241 4490 Rome, par une Loy, qui ne ſe peut changer,

324 4458 3188 4648 N'admet avec ſon ſang aucun ſang étranger,

317 4632 3049 4807 Et ne reconnoiſt point les fruits illégitimes,

315 4792 3488 4967 Qui naiſſent d’un Hymen contraire à ſes maximes.

310 4958 3428 5137 D’ailleurs, vous le ſçavez, en banniſſant ſes Rois,

315 5118 3245 5291 Rome à ce nom ſi noble & ſi ſaint autrefois,

316 5283 2920 5462 Attacha pour jamais une haine puiſſante;

311 5450 2931 5629 Et quoy qu'à ſes Céſars fidelle, obeïſſante,

319 5614 2890 5792 Cette haine, Seigneur, reſte de ſa fierté,

306 5780 2951 5947 Survit dans tous les cœurs apres la liberté.

300 5934 3019 6125 Jules, qui le premier la foûmit à ſes armes,

309 6102 3285 6283 Qui fit taire les Lois dans le bruit des allarmes,

310 6262 2920 6448 Brûla pour Cleopatre, & ſans ſe déclarer,

304 6426 2605 6608 Seule dans l'Orient la laiſſa ſoupirer.

1817 6625 3018 6745 Tome II. B
