4267 7867
3509 523 3575 636 1

325 1697 3578 2122 BERENICE.

702 2303 3193 2596 TRAGEDIE.

594 3093 3325 3350 ACTE PREMIER.

508 3524 3376 3796 SCENE PREMIERE.

622 3918 3321 4142 ANTIOCHUS, ARSACE.

1288 4326 2575 4491 ANTIOCHUS.

301 4612 3567 4943 ARRESTONS un moment. La pompe de ces

953 4784 1391 4934 Lieux,

298 4928 3184 5139 Je le voy bien, Arſace, eſt nouvelle à tes yeux.

300 5096 2734 5293 Souvent ce Cabinet ſuperbe & ſolitaire,

301 5250 2596 5455 Des ſecrets de Titus eſt le dépoſitaire.

311 5408 3055 5622 C’eſt icy quelquefois qu’il ſe cache à ſa Cour,

300 5574 3229 5794 Lors qu’il vient à la Reyne expliquer ſon amour.

296 5732 3138 5949 De ſon Apartement cette porte eſt prochaine,

295 5896 3144 6117 Et cette autre conduit dans celuy de la Reyne,

295 6060 3029 6289 Va chez elle. Dy-luy qu’importun à regret,

285 6210 2687 6420 J’oſe luy demander un entretien ſecret.

931 6408 1610 6538 Tome II.

2868 6455 2984 6575 A
