4267 7915
1374 598 2694 770 TRAGEDIE.

3434 602 3612 756 29

873 1845 3052 2163 ACTE III.

683 2384 3297 2601 SCENE PREMIERE.

716 2782 3267 2992 TITUS, ANTIOCHUS,

1540 3045 2526 3195 ARSACE.

1603 3452 2284 3584 TITUS.

365 3668 3667 4042 QUoy, Prince, vous partiez? Quelle raiſon ſubite

721 3839 3394 4023 Preſſe voſtre depart, ou plutoſt voſtre fuite?

366 4008 3280 4187 Vouliez-vous me cacher juſques à vos Adieux?

365 4173 3515 4361 Eſt-ce comme Ennemy que vous quittez ces Lieux?

362 4339 3498 4518 Que diront avec moy, la Cour, Rome, l’Empire?

366 4503 3569 4684 Mais comme voſtre Amy que ne puis-je point dire?

369 4663 3528 4852 De quoy m'accuſez-vous? Vous avois je ſans choix

380 4833 3042 5019 Confondu juſqu’icy dans la foule des Rois?

377 4993 3670 5171 Mon cœur vous fut ouvert tant qu’a veſcu mon Pere.

380 5157 3336 5343 C'eſtoit le ſeul preſent que je pouvois vous faire.

366 5318 3661 5512 Et lors qu’avec mon cœur ma main peut s’épancher,

361 5482 3651 5666 Vous fuyez mes bienfaits tout preſts à vous chercher?

356 5654 2954 5842 Penſez-vous qu’oubliant ma fortune paſſée

359 5818 3037 6008 Sur ma ſeule grandeur j’arreſte ma penſée?

361 5987 3196 6166 Et que tous mes Amis s’y préſentent de loin

376 6146 3661 6320 Comme autant d’Inconnus, dont je n'ay plus beſoin?

370 6310 3672 6498 Vous-méme, à mes regards qui vouliez vous ſouſtraire,

366 6464 3335 6668 Prince, plus que jamais vous m'eſtes neceſſaire.

2793 6645 3132 6812 C iij
