4267 8223
691 613 3085 820 24 BERENICE,

700 905 3937 1084 Tandis qu'autour de moy voſtre Cour aſſemblée,

700 1075 4016 1255 Retentit des bienfaits dont vous m’avez comblée,

707 1247 3744 1430 Eſt-il juſte, Seigneur, que ſeule en ce moment

713 1415 3525 1597 Je demeure ſans voix & ſans reſſentiment!

713 1589 3943 1774 Mais Seigneur, (car je ſçay que cet Amy ſincere

712 1757 3947 1940 Du ſecret de nos coeurs connoiſt tout le myſtere)

712 1925 3604 2112 Voſtre deüil eſt finy, rien n’arreſte vos pas,

711 2099 3604 2278 Vous eſtes ſeul enfin, & ne me cherchez pas.

707 2273 3953 2454 J’entens que vous m’offrez un nouveau Diadéme,

717 2449 3905 2614 Et ne puis cependant vous entendre vous meſme.

712 2617 3985 2794 Helas! plus de repos, Seigneur, & moins d’éclat.

712 2785 3792 2970 Voſtre amour ne peut-il paroiſtre qu’au Senat?

717 2951 3738 3096 Ah Titus! Car enfin l’amour fuit la contrainte

713 3133 3925 3304 De tous ces noms, que ſuit le reſpect & la crainte.

729 3297 3931 3472 De quel ſoin voſtre amour va-t-il s’importuner?

716 3467 3777 3646 N’a-t-il que des Eſtats qu’il me puiſſe donner?

718 3645 4134 3821 Depuis quand croyez-vous que ma grandeur me

1065 3805 1564 3937 touche?

713 3973 3883 4152 Un ſoupir, un regard, un mot de voſtre bouche,

713 4149 3573 4299 Voilà l’ambition d’un cœur comme le mien.

722 4321 3760 4490 Voyez-moy plus ſouvent & ne me donnez rien.

718 4479 3808 4654 Tous vos momens ſont-ils dévoüez à l’Empire?

723 4651 3910 4836 Ce cœur apres huit jours n’a-t-il rien à me dire?

717 4821 3513 4991 Qu'un mot va raſſurer mes timides eſprits!

712 4993 4113 5173 Mais parliez-vous de moy, quand je vous ay surpris?

712 5165 3680 5346 Dans vos ſecrets diſcours eſtois-je intereſſée.

712 5331 4012 5523 Seigneur? Eſtois-je au moins preſente à la penſée?

2029 5524 2712 5649 TITUS.

717 5679 3969 5858 N’en doutez point, Madame, & j’atteſte les Dieux

712 5847 3771 6036 Que toûjours Berenice eſt preſente à mes yeux.

708 6029 3760 6194 L'abſence, ni le temps, je vous le jure encore,

712 6189 3792 6378 Ne vous peuvent ravir ce cœur qui vous adore.

1809 6375 2946 6506 BERENICE.

713 6525 3717 6728 Hé quoy? vous me jurez une éternelle ardeur,

716 6705 3379 6885 Et vous me la jurez avec cette froideur?

3484 6879 4092 7043 Pourquoy
