4267 7934
1363 530 3687 720 TRAGEDIE. 11

315 798 3024 998 Rome vous vit, Madame, arriver avec, luy.

318 962 3176 1170 Dans l'Orient deſert quel devint mon ennuy!

320 1117 3247 1336 Je demeuray longtemps errant dans Céſarée,

313 1280 3447 1478 Lieux charmans, où mon cœur vous avoit adorée.

313 1452 2942 1654 Je vous redemandois à vos triſtes Eſtats,

314 1617 3106 1818 Je cherchois en pleurant les traces de vos pas.

325 1779 2994 1958 Mais enfin ſuccombant à ma mélancolie,

329 1942 3035 2144 Mon deſeſpoir tourna mes pas vers l’Italie.

349 2094 3158 2312 Le Sort m'y reſervoit le dernier de ſes coups.

330 2267 3252 2438 Titus en m’embraſſant m'amena devant vous.

337 2426 3305 2624 Un voile d’amitié vous trompa l'un & l’autre;

361 2588 3179 2768 Et mon amour devint le confident du voſtre.

345 2731 3499 2962 Mais toujours quelque eſpoir flattoit mes déplaiſirs.

346 2920 3050 3122 Rome, Veſpaſien, traverſoient vos ſoûpirs.

355 3080 3319 3276 Apres tant de combats Titus cedoit peut-eſtre.

347 3242 2915 3444 Veſpaſien eſt mort, & Titus eſt le Maiſtre.

362 3403 3526 3622 Que ne fuyois-je alors! J’ay voulu quelques jours

372 3576 2910 3774 De ſon nouvel empire examiner le cours.

377 3732 3345 3944 Mon ſort eſt accomply. Voſtre gloire s’apreſte.

375 3894 3323 4098 Aſſez d'autres ſans moy, témoins de cette Feſte,

376 4054 3576 4262 A vos heureux tranſports viendront joindre les leurs.

386 4220 3567 4436 Pour moy, qui ne pourrois y meſler que des pleurs,

381 4388 3097 4590 D’un inutile amour trop conſtante victime,

381 4536 3659 4751 Heureux dans mes malheurs, d’en avoir pû ſans crime,

392 4708 3334 4924 Conter toute l’hiſtoire aux yeux qui les ont faits,

381 4874 3199 5086 Je pars plus amoureux que je ne fus jamais.

1519 5056 2585 5194 BERENICE.

385 5190 3346 5406 Seigneur, je n'ay pas crû que dans une journée

392 5356 2828 5558 Qui doit avec Céſar unir ma deſtinée,

396 5515 3145 5728 Il fuſt quelque Mortel qui puſt impunément

387 5683 3019 5884 Se venir à mes yeux déclarer mon Amant.

398 5844 3344 6058 Mais de mon Amitié mon ſilence eſt un gage,

402 6006 3354 6224 J'oublie en ſa faveur un diſcours qui m'outrage.

435 6173 3133 6377 Je n’en ay point troublé le cours injurieux.

401 6325 3163 6550 Je fay plus, A regret je reçoy vos adieux.
