4267 7905
643 702 2822 863 6 BERENICE.

658 916 3383 1101 Un Prince qui jadis témoin de vos combats

644 1088 3640 1278 Vous vit chercher la gloire & la mort ſur ſes pas,

637 1252 3256 1429 Et de qui la valeur par vos ſoins ſecondée

632 1413 3017 1596 Mit enfin ſous le joug la rebelle Judée.

627 1573 3346 1759 Il ſe ſouvient du jour illuſtre & douloureux

623 1739 3383 1925 Qui décida du ſort d'un long ſiege douteux:

628 1903 3449 2088 Sur leur triple rempart les Ennemis tranquiles

633 2074 3444 2248 Contemploient ſans peril nos aſſauts inutiles,

619 2237 3279 2413 Le Bellier impuiſſant les menaçoit en vain.

628 2391 3899 2580 Vous ſeul, Seigneur, vous ſeul, une échelle à la main,

633 2560 3590 2740 Vous portaſtes la mort juſques ſur leurs murailles.

639 2724 3559 2902 Ce jour preſque éclaira vos propres funerailles,

628 2892 3435 3048 Titus vous embraſſa mourant entre mes bras,

629 3052 3502 3230 Et tout le camp vainqueur pleura voſtre trépas.

628 3210 3687 3397 Voicy le temps, Seigneur, où vous devez attendre

628 3376 3810 3561 Le fruit de tant de ſang qu’ils vous ont veû répandre.

627 3538 2910 3705 Si preſſé du deſir de revoir vos Eſtats

632 3708 3691 3881 Vous vous laſſez de vivre, où vous ne regnez pas;

634 3866 3738 4043 Faut-il que ſans honneur l’Euphrate vous revoye?

623 4034 3446 4212 Attendez pour partir que Céſar vous renvoye

628 4192 3395 4371 Triomphant, & chargé des titres ſouverains

634 4356 3652 4527 Qu'ajouſte encore aux Rois l’amitié des Romains.

633 4514 3878 4702 Rien ne peut-il, Seigneur, changer voſtre entrepriſe?

632 4686 2195 4852 Vous ne répondez point.

1585 4906 2818 5041 ANTIOCHUS

2326 5101 3903 5268 Que veux-tu que je diſe?

638 5258 3414 5440 J'attens de Berenice un moment d’entretien.

1889 5505 2725 5627 ARSACE.

648 5702 1978 5869 Hé bien, Seigneur?

1607 5894 2884 6029 ANTIOCHUS.

2110 6084 3697 6225 Son ſort decidera du mien,

1797 6313 2642 6438 ARSACE.

665 6486 1401 6613 Comment?
