4267 7761
1314 555 3638 719 TRAGEDIE. 7

1399 803 2648 937 ANTIOCHUS.

995 939 3436 1136 Sur ſon hymen j’attens qu’elle s’explique.

419 1115 3182 1281 Si ſa bouche s’accorde avec la voix publique,

419 1255 3335 1462 S’il eſt vray qu'on l’éleve au trône des Céſars,

425 1437 2789 1615 Si Titus a parlé, s’il l’épouſe, je pars.

1656 1613 2451 1732 ARSACE.

438 1755 3269 1941 Mais qui rend à vos yeux cet hymen ſi funeſte?

1398 1931 2708 2057 ANTIOCHUS.

444 2073 3264 2256 Quand nous ſerons partis, je te diray le reſte.

1687 2252 2500 2374 ARSACE.

449 2385 3567 2579 Dans quel trouble, Seigneur, jettez-vous mon eſprit!

1447 2573 2719 2698 ANTIOCHUS.

453 2711 3349 2897 La Reyne vient. Adieu, fai tout ce que j'ay dit.

1185 3624 2982 3828 SCENE IV.

591 4022 3592 4227 BERENICE, ANTIOCHUS,

1495 4274 2599 4423 PHENICE.

1517 4594 2598 4723 BERENICE.

485 4822 3194 5102 ENfin je me dérobe à la joye importune

778 4980 3663 5152 De tant d’Amis nouveaux, que me fait la Fortune

480 5134 3010 5311 Je fuis de leurs reſpects l’inutile longueur,

491 5300 3386 5475 Pour chercher un Amy, qui me parle du cœur.

486 5444 3229 5626 Il ne faut point mentir, ma juſte impatience

490 5620 3036 5796 Vous accuſoit déja de quelque negligence.

495 5776 3310 5949 Quoy cet Antiochus, diſois-je, dont les ſoins

500 5938 3259 6105 Ont eû tout l’Orient & Rome pour témoins,

495 6082 3622 6272 Luy que j’ay veû toujours conſtant dans mes traverſes

501 6250 3121 6436 Suivre d’un pas égal mes fortunes diverſes;

2870 6437 3177 6592 A iij
