4267 8041
587 550 2861 774 30 BERENICE.

1661 842 2986 997 ANTIOCHUS.

582 984 1655 1162 Moy, Seigneur?

1853 1176 2532 1315 TITUS.

1737 1345 2102 1474 Vous.

1602 1502 2913 1646 ANTIOCHUS.

1833 1674 3924 1861 Helas! D’un Prince malheureux,

565 1821 3918 2024 Que pouvez-vous, Seigneur, attendre que des vœux?

1920 2008 2605 2148 TITUS.

560 2149 3448 2344 Je n'ay pas oublié, Prince, que ma victoire

565 2325 3452 2518 Devoit à vos exploits la moitié de ſa gloire,

582 2484 3457 2666 Que Rome vit paſſer au nombre des Vaincus

560 2651 3500 2845 Plus d’un Captif, chargé des fers d’Antiochus,

571 2820 3122 2998 Que dans le Capitole elle voit attachées

560 2983 3689 3174 Les dépoüilles des Juifs par vos mains arrachées.

550 3151 3572 3349 Je n'attens pas de vous de ces ſanglans exploits,

565 3323 3388 3514 Et je veux ſeulement emprunter voſtre voix.

564 3487 3259 3681 Je ſçay que Berenice à vos ſoins redevable

565 3650 3202 3844 Croit poſſeder en vous un Amy veritable.

555 3815 3446 4016 Elle ne voit dans Rome & n’écoute que vous.

560 3989 3761 4185 Vous ne faites qu’un cœur & qu’une ame avec nous.

561 4153 3484 4337 Au nom d’une Amitié ſi conſtante, & ſi belle,

559 4329 3400 4528 Employez le pouvoir que vous avez ſur elle.

564 4492 1949 4679 Voyez-la de ma part.

1571 4672 2882 4808 ANTIOCHUS.

1679 4830 3416 5014 Moy? paroiſtre à ſes yeux.

564 4996 3195 5186 La Reyne pour jamais a receu mes adieux.

1843 5180 2510 5315 TITUS.

575 5326 3838 5528 Prince, il faut que pour moy vous luy parliez encore.

1544 5505 2845 5646 ANTIOCHUS.

564 5664 3542 5865 Ah! parlez-luy, Seigneur, la Reyne vous adore.

565 5822 3793 6035 Pourquoy vous dérober vous-meſme en ce moment

566 5990 3195 6193 Le plaiſir de luy faire un aveu ſi charmant?

577 6166 3122 6354 Elle l’attend, Seigneur, avec impatience.

565 6328 3086 6554 Je répons en partant de ſon obeïſſance.
