4267 8061
665 544 3009 728 16 BERENICE.

662 761 3362 939 L’Orient preſque entier va fléchir ſous ſa loy.

667 945 1802 1105 Vous la plaignez?

2021 1107 2667 1230 TITUS

1695 1263 3991 1436 Paulin, qu'on vous laiſſe avec moy.

1543 1726 3112 1916 SCENE II.

1283 2069 3267 2252 TITUS, PAULIN.

1958 2302 2639 2435 TITUS.

620 2461 3969 2758 HE' bien, de mes deſſeins Rome encore incer¬

1333 2634 1629 2751 taine

661 2789 3517 2966 Attend que deviendra le deſtin de la Reyne,

660 2959 3471 3112 Paulin, & les ſecrets de ſon cœur & du mien

656 3125 3324 3255 Sont de tout l’Univers devenus l’entretien.

660 3283 3836 3466 Voicy le temps enfin qu'il faut que je m’explique.

656 3457 3654 3628 De la Reyne & de moy que dit la voix publique?

651 3625 2400 3788 Parlez. Qu’entendez-vous?

1959 3795 2757 3932 PAULIN.

2241 3950 3655 4124 J’entens de tous coſtez

651 4121 3513 4286 Publier vos vertus, Seigneur, & ſes beautez.

2026 4293 2689 4426 TITUS.

646 4439 3612 4622 Que dit-on des ſoupirs que je pouſſe pour elle?

646 4613 3408 4775 Quel ſuccés attend-on d’un amour ſi fidelle?

1944 4791 2730 4914 PAULIN.

651 4945 3954 5118 Vous pouvez tout. Aimez, ceſſez d’eſtre amoureux;

651 5117 3497 5288 La Cour ſera toûjours du party de vos vœux.

1895 5289 2559 5422 TITUS.

647 5445 3409 5619 Et je l’ay veuë auſſi cette Cour peu ſincere,

646 5605 3711 5786 A ſes Maiſtres toujours trop ſoigneuſe de plaire,

646 5779 3528 5950 Des crimes de Neron approuver les horreurs,

640 5943 3382 6123 Je l'ay veuë à genoux conſacrer ſes fureurs.

646 6111 3618 6290 Je ne prens point pour Juge une Cour idolâtre;

655 6273 3576 6460 Paulin, Je me propoſe un plus ample Theatre;

3653 6447 3809 6572 Et
