4267 7968
612 534 2847 745 8 BERENICE.

599 794 3347 1059 Aujourd’huy que le Ciel ſemble me preſager

609 969 3592 1232 Un honneur, qu'avec vous je prétens partager,

615 1129 3452 1376 Ce meſme Antiochus ſe cachant à ma veuë,

608 1295 3352 1535 Me laiſſe à la mercy d’une foule inconnuë?

1606 1497 2887 1677 ANTIOCHUS.

596 1627 3597 1872 Il eſt donc vray, Madame? Et ſelon ce diſcours

595 1795 3363 2040 L’hymen va ſucceder à vos longues amours?

1649 1999 2726 2149 BERENICE.

584 2126 3764 2377 Seigneur, je vous veux bien confier mes allarmes.

594 2301 3887 2554 Ces jours ont veû mes yeux baignez de quelques

949 2468 1388 2596 larmes.

595 2621 3369 2860 Ce long deüil que Titus impoſoit à ſa Cour,

575 2780 3354 3016 Avoit meſme en ſecret ſuſpendu ſon amour.

575 2946 3372 3182 Il n’avoit plus pour moy cette ardeur aſſiduë

574 3108 3634 3353 Lors qu’il paſſoit les jours, attaché ſur ma veuë.

574 3275 3503 3522 Müet, chargé de ſoins, & les larmes aux yeux,

572 3437 3229 3675 Il ne me laiſſoit plus que de triſtes Adieux.

569 3601 3742 3851 Jugez de ma douleur, moy dont l'ardeur extréme,

583 3773 3892 4023 Je vous l'ay dit cent fois, n’aime en luy que luy-même,

574 3935 3526 4179 Moy qui loin des grandeurs, dont il eſt reveſtu,

581 4093 3288 4317 Aurois choiſi ſon cœur, & cherché ſa vertu.

1536 4290 2861 4459 ANTIOCHUS.

577 4423 3271 4660 Il a repris pour vous ſa tendreſſe premiere?

1634 4627 2714 4776 BERENICE.

579 4749 3354 4989 Vous fuſtes ſpectateur de cette nuit derniere,

574 4919 3318 5160 Lors que, pour ſeconder les ſoins religieux,

574 5081 3331 5316 Le Sénat a placé ſon Pere entre les Dieux.

578 5247 2819 5469 De ce juſte devoir ſa pieté contente

573 5407 3545 5656 A fait place, Seigneur, au ſoin de ſon Amante.

581 5575 3752 5823 Et meſme en ce moment, ſans qu’il m’en ait parlé,

583 5736 3354 5975 Il eſt dans le Senat par ſon ordre aſſemblé.

569 5907 2992 6115 Là de la Paleſtine il étend la frontiere,

572 6077 3027 6300 Il y joint l’Arabie, & la Syrie entiere.

575 6234 3223 6470 Et ſi de ſes Amis j’en dois croire la voix,

569 6391 3427 6647 Si j’en crois ſes ſermons redoublez mille fois,
