4267 7905
603 433 2869 619 4 BERENICE.

597 685 3377 855 Titus apres huit jours d’une retraites auſtere

613 849 3249 1025 Ceſſe enfin de pleurer Veſpaſien ſon pere.

613 1015 3563 1169 Cet Amant ſe redonne aux ſoins de ſon amour.

607 1189 3635 1361 Et ſi j'en croy, Seigneur, l'entretien de la Cour,

607 1349 3317 1489 Peut-eſtre avant la nuit l’heureuſe Berenice

619 1519 3579 1699 Change le nom de Reyne au nom d’Imperatrice.

1585 1725 2889 1865 ANTIOCHUS.

623 1921 1073 2055 Helas!

1879 2115 2719 2241 ARSACE.

1143 2265 3903 2431 Quoy? ce diſcours pourroit-il vous troubler?

1653 2477 2931 2617 ANTIOCHUS,

623 2631 3471 2801 Ainſi donc ſans témoins je ne luy puis parler?

1813 2851 2653 2981 ARSACE.

629 3007 3599 3171 Vous la verrez, Seigneur. Berenice eſt inſtruite

639 3171 3461 3337 Que vous voulez icy la voir ſeule, & ſans ſuite.

633 3331 3239 3501 La Reyne d’un regard a daigné m'avertir

643 3501 3511 3661 Qu'à à voſtre empreſſement elle alloit conſentir.

643 3659 3521 3795 Et ſans doute elle attend le moment favorable

649 3825 3681 3995 De diſparoiſtre aux yeux d'une Cour qui l'accable.

1571 3999 2869 4119 ANTIOCHUS.

649 4149 3197 4319 Il ſuffit. Cependant n'as-tu rien négligé

665 4309 3475 4479 Des ordres importans dont je t'avois chargé?

1827 4489 2683 4619 ARSACE.

665 4637 3753 4825 Seigneur, vous connoiſſez ma promte obeïſſance.

665 4807 3485 4969 Des Vaiſſeaux dans Oſtie armez en diligence,

679 4977 3629 5149 Preſts à quitter le port de momens en momens,

675 5137 3769 5303 N’attendent pour partir que vos commandemens.

685 5297 3677 5469 Mais qui renvoyez-vous dans voſtre Comagene?

1683 5467 2991 5615 ANTIOCHUS.

695 5615 3785 5797 Arſace, il faut partir quand j'auray veû la Reyne.

1873 5801 2703 5921 ARSACE.

705 5975 1721 6129 Qui doit partir?

1663 6115 2941 6255 ANTIOCHUS.

1889 6295 2215 6445 Moy.
