4267 8126
695 652 2973 813 22 BERENICE,

2000 936 2832 1081 PAULIN.

699 1090 4062 1288 Hé quoy, Seigneur, hé quoy? Cette magnificence

699 1260 3671 1441 Qui va juſqu'à l’Euphrate étendre ſa puiſſance,

698 1428 3765 1604 Tant d’honneurs, dont l’excés a ſurpris le Senat,

704 1600 3830 1784 Vous laiſſent-ils encor craindre le nom d’ingrat?

699 1770 3814 1934 Sur cent Peuples nouveaux Berenice commande.

1999 1946 2709 2084 TITUS.

704 2096 3539 2283 Foibles amuſemens d’une douleur ſi grande!

688 2268 3702 2451 Je connoy Berenice, & ne ſçay que trop bien

699 2436 3814 2616 Que ſon cœur n’a jamais demandé que le mien.

687 2600 3661 2779 Je l’aimay, je luy plûs. Depuis cette journée,

708 2766 3455 2939 (Dois-je dire funeſte, helas! ou fortunée?)

687 2932 3654 3119 Sans avoir en aimant d’objet que ſon amour,

693 3102 3703 3283 Eſtrangere dans Rome, inconnue à la Cour,

688 3272 3713 3449 Elle paſſe ſes jours, Paulin, ſans rien prétendre

682 3440 4040 3620 Que quelque heure à me voir, & le reſte à m’attendre.

677 3608 3350 3787 Encor ſi quelquefois un peu moins aſſidu

671 3770 3317 3952 Je paſſe le moment, où je ſuis attendu,

666 3942 3523 4117 Je la revoy bientoſt de pleurs toute trempée.

672 4110 3570 4293 Ma main à les ſecher eſt longtemps occupêe.

677 4270 3882 4460 Enfin tout ce qu’Amour a de nœuds plus puiſſans,

671 4444 3871 4616 Doux reproches, tranſports ſans ceſſe renaiſſans,

666 4612 3791 4792 Soin de plaire ſans art, crainte toûjours nouvelle,

672 4778 3560 4945 Beauté, Gloire, Vertu, je trouve tout en elle,

661 4950 3692 5123 Depuis cinq ans entiers chaque jour je la vois,

667 5114 3613 5291 Et croy toûjours la voir pour la premiere fois.

662 5272 4025 5482 N'y ſongeons plus. Allons, cher Paulin, plus j’y penſe,

662 5444 3454 5625 Plus je ſens chanceler ma cruelle confiance.

655 5618 3686 5795 Quelle nouvelle, ô Ciel! je luy vais annoncer!

651 5780 3691 5963 Encor un coup, allons, il n’y faut plus penſer.

640 5952 3723 6125 Je connoy mon devoir, c’eſt à moy de le ſuivre,

646 6118 3348 6304 Je n’examine point ſi j’y pourray ſurvivre.
