4267 7783
1460 589 2812 770 PREFACE.

567 807 3766 1031 que je n'ay point pouſſé Berenice juſqu’à ſe

562 1007 3767 1217 tüer comme Didon, parce que Berenice n’ayant

563 1205 3767 1411 pas icy avec Titus les derniers engagemens que

567 1399 3772 1601 Didon avoit avec Enée, elle n’eſt pas obligée

558 1591 3776 1789 comme elle de renoncer à la vie. A cela prés,

562 1779 3781 1981 le dernier Adieu qu’elle dit à Titus, & l'effort

569 1971 3782 2185 qu’elle ſe fait pour s’en ſeparer, n’eſt pas le

574 2169 3782 2379 moins tragique de la Piece, & j'oſe dire qu’il

568 2363 3777 2573 renouvelle aſſez bien dans le cœur des Specta¬

573 2559 3767 2765 teurs l'émotion que le reſte y avoit pû exciter.

583 2751 3788 2957 Ce n’eſt point une neceſſité qu’il y ait du ſang &

582 2947 3797 3153 des morts dans une Tragédie; il ſuffit que l’A¬

589 3139 3797 3343 ction en ſoit grande, que les Acteurs en ſoient

579 3329 3798 3535 heroïques, que les Paſſions y ſoient excitées,

584 3521 3796 3735 & que tout s’y reſſente de cette triſteſſe maje¬

582 3722 3605 3929 ſtueuſe qui fait tout le plaiſir de la Tragédie.

735 3923 3808 4121 Je crûs que je pourrois rencontrer toutes

594 4111 3812 4313 ces parties dans mon ſujet. Mais ce qui m'en

598 4303 3813 4515 plût davantage, c’eſt que je le trouvay extré¬

597 4499 3818 4703 mement ſimple. Il y avoit long temps que je

594 4689 3818 4899 voulois eſſayer ſi je pourrois faire une Tragé¬

588 4885 3823 5089 die avec cette ſimplicité d’action qui a eſté ſi

593 5081 3827 5289 fort du gouſt des Anciens. Car c’eſt un des pre¬

597 5269 3832 5481 „ miers préceptes qu’ils nous ont laiſſez. Que

608 5461 3823 5673 „ ce que vous ferez, dit Horace, ſoit toûjours

599 5655 3833 5871 „ ſimple, & ne ſoit qu'un. Ils ont admiré

613 5841 3834 6063 l'Ajax de Sophocle, qui n’eſt autre choſe qu’A¬

614 6039 3832 6255 jax qui ſe tuë de regret, à cauſe de la fureur
