4267 7973
1400 596 2779 758 TRAGEDIE.

333 846 3210 1044 Et meſme elle m'a dit, que preſt à l'épouſer,

332 1016 3214 1210 Vous ne la verrez plus que pour l’y diſpoſer.

1630 1251 2307 1380 TITUS.

333 1419 3526 1602 Ah! Qu'un aveu ſi doux auroit lieu de me plaire!

338 1587 3054 1782 Que je ſerois heureux, ſi j’avois à le faire!

342 1745 3501 1944 Mes tranſports aujourd’huy s’attendoient d’éclatter.

353 1915 3515 2118 Cependant aujourd’huy, Prince, il faut la quitter.

1401 2140 2728 2270 ANTIOCHUS.

358 2314 2164 2482 La quitter. Vous, Seigneur?

1656 2475 2307 2602 TITUS.

1999 2620 3365 2758 Telle eſt ma deſtinée.

358 2784 3370 2968 Pour elle, & pour Titus, il n’eſt plus d’hymenée.

358 2952 3381 3132 D’un eſpoir ſi charmant je me flattois en vain,

369 3120 3241 3302 Prince, il faut avec vous qu'elle parte demain,

1411 3312 2732 3452 ANTIOCHUS.

370 3473 1864 3648 Qu’entens-je! O Ciel!

1718 3675 2415 3813 TITUS.

1557 3825 3724 4014 Plaignez ma grandeur importune.

383 3981 3018 4184 Maiſtre de l'Univers je regle ſa Fortune.

374 4165 2955 4346 Je puis faire les Roys, je puis les dépoſer.

395 4338 3277 4508 Cependant de mon cœur je ne puis diſpoſer.

389 4506 3398 4678 Rome contre les Roys de tout temps ſoulevée,

394 4666 3198 4846 Dédaigne une Beauté dans la pourpre élevée,

394 4834 3273 5012 L’éclat du Diadéme, & cent Roys pour Ayeux

401 4995 3515 5186 Deſ-honorent ma flâme, & bleſſent tous les yeux.

409 5159 3744 5334 Mon cœur libre d’ailleurs, ſans craindre les mur¬

716 5381 1164 5485 mures,

405 5491 3511 5658 Peut brûler à ſon choix dans des flâmes obſcures,

415 5665 3178 5834 Et Rome avec plaiſir recevroit de ma main

410 5824 3432 6012 La moins digne Beauté, qu’elle cache en ſon ſein.

410 5992 3417 6174 Jules ceda luy-meſme au torrent qui m’entraîne,

405 6159 3189 6344 Si le Peuple demain ne voit partir la Reyne.

421 6319 2914 6500 Demain elle entendra ce Peuple furieux

426 6485 3048 6670 Me venir demander ſon depart à ſes yeux.

2807 6665 3181 6831 C iiij
