4267 7765
1259 637 2756 827 PREFACE.

439 849 3663 1083 conjure d'avoir aſſez bonne opinion d’eux-

443 1034 3642 1271 meſmes pour ne pas croire qu'une Piece qui

431 1234 3643 1471 les touche, & qui leur donne du plaiſir, puiſſe

429 1430 3645 1663 eſtre abſolument contre les Regles, La prin¬

428 1626 3632 1851 cipale Regle eſt de plaire & de toucher.

435 1821 3626 2043 Toutes les autres ne ſont faites que pour

411 2010 3623 2228 parvenir à cette premiere. Mais toutes ces

418 2204 3627 2434 Regles ſont d'un long détail, dont je ne leur

413 2393 3622 2621 conſeille pas de s'embarraſſer. Ils ont des oc¬

403 2592 3628 2814 cupations plus importantes. Qu'ils ſe repoſent

398 2779 3623 3006 ſur nous de la fatigue d'éclaircir les difficultez

398 2975 3628 3199 de la Poëtique d'Ariſtote. Qu'ils ſe reſervent

389 3165 3622 3400 le plaiſir de pleurer & d'eſtre attendris; Et

398 3365 3624 3593 qu'ils me permettent de leur dire ce qu'un

394 3555 3624 3781 Muſicien diſoit à Philippe Roy de Mace¬

388 3751 3612 3976 doine, qui prétendoit qu'une Chanſon n'é¬

385 3944 3618 4170 toit pas ſelon les Regles.  A Dieu ne plaiſe,

374 4140 3611 4365 „ Seigneur, que vous ſoyez jamais ſi malheu¬

378 4327 3612 4550 „ reux que de ſçavoir ces choſes-là mieux que

496 4580 866 4725 „ moy.

560 4719 3605 4948 Voilà tout ce que j'ay à dire à ces Perſonnes,

368 4915 3606 5146 à qui je feray toujours gloire de plaire. Car

364 5110 3596 5327 pour le Libelle que l'on a fait contre moy, je

357 5297 3592 5522 croy que les Lecteurs me diſpenſeront volon¬

358 5494 3587 5717 tiers d'y répondre. Et que répondrois-je à un

352 5683 3582 5904 Homme qui ne penſe rien, & qui ne ſçait pas

346 5873 3582 6101 meſme conſtruire ce qu'il penſe. Il parle de

344 6072 3561 6273 Protaſe, comme s’il entendoit ce mot, &

2620 6283 2872 6443 ã iij
