4267 7934
3498 580 3596 694 9

1353 492 2678 657 TRAGEDIE.

340 780 3065 944 Il va ſur tant d'Eſtats couronner Berenice,

341 940 3534 1122 Pour joindre à plus de noms le nom d’Imperatrice,

346 1101 3205 1284 Il m'en viendra luy-meſme aſſurer en ce lieu.

1271 1280 2585 1428 ANTIOCHUS.

355 1438 3184 1629 Et je viens donc vous dire un éternel adieu.

1472 1612 2573 1753 BERENICE.

351 1770 3643 1942 Que dites-vous! Ah Ciel! Quel adieu? Quel langage?

361 1926 3496 2119 Prince, vous vous troublez, & changez de viſage?

1400 2110 2683 2249 ANTIOCHUS.

373 2273 1907 2439 Madame, il faut partir.

1406 2437 2470 2573 BERENICE.

1726 2591 3333 2760 Quoy? ne puis-je ſçavoir

377 2762 1200 2931 Quel ſujet....

1292 2924 2616 3060 ANTIOCHUS.

1390 3073 3255 3247 Il falloit partir ſans la revoir.

1431 3246 2554 3389 BERENICE.

374 3383 3668 3583 Que craignez-vous? Parlez, c'eſt trop long-temps ſe

784 3590 1097 3716 taire.

381 3718 3490 3907 Seigneur, de ce départ quel eſt donc le myſtere?

1370 3902 2676 4051 ANTIOCHUS.

376 4050 3479 4239 Au moins, ſouvenez-vous que je cede à vos lois,

387 4209 3206 4399 Et que vous m’écoutez pour la derniere fois.

512 4370 3535 4565 Si dans ce haut degré de gloire & de puiſſance,

382 4538 3595 4717 Il vous ſouvient des lieux où vous priſtes naiſſance,

377 4705 3686 4895 Madame, il vous ſouvient que mon cœur en ces lieux

378 4871 3215 5059 Receût le premier trait qui partit de vos yeux.

371 5035 3395 5225 J’aimay, j'obtins l'aveu d'Agrippa voſtre Frere.

377 5195 3354 5379 Il vous parla pour moy. Peut-eſtre ſans colere

376 5362 3123 5519 Alliez-vous de mon cœur recevoir le tribut,

377 5511 3685 5695 Titus, pour mon malheur, vint, vous vit, & vous plût.

381 5684 3556 5853 Il parut devant vous dans tout l’éclat d'un Homme

382 5846 3463 6043 Qui porte entre ſes mains la vengeance de Rome.

383 6013 2899 6193 La Judée en pâlit. La triſte Antiochus

381 6172 3158 6357 Se conta le premier au nombre des vaincus.

392 6332 3159 6523 Bientoſt de mon malheur interprete ſevere,

393 6497 3321 6661 Voſtre bouche à la mienne ordonna de ſe taire.
