4267 8111
1187 500 3577 736 TRAGEDIE. 25

205 771 3183 960 Pourquoy des Immortels atteſter la puiſſance?

211 935 3067 1119 Faut-il par des ſermens vaincre ma défiance?

213 1105 3594 1303 Mon cœur ne prétend point, Seigneur, vous dé¬

528 1297 1057 1439 mentir,

217 1442 2921 1632 Et je vous en croiray ſur un ſimple ſoûpir.

1499 1624 2166 1769 TITUS.

227 1809 938 1948 Madame....

1331 1957 2442 2104 BERENICE.

384 2119 3600 2308 Hé bien, Seigneur? Mais quoy ſans me répondre

226 2289 3506 2465 Vous détournez les yeux & ſemblez vous confondre.

221 2457 3122 2644 Ne m'offrirez-vous plus qu’un viſage interdit?

227 2621 3266 2816 Toûjours la mort d'un Pere occupe voſtre eſprit?

232 2788 3450 2979 Rien ne peut-il charmer l’ennuy qui vous devore?

1520 2974 2193 3115 TITUS.

242 3131 3562 3311 Pluſt aux Dieux que mon Pere, helas, veſcuſt encore!

244 3302 1751 3482 Que je vivois heureux!

1348 3480 2458 3630 BERENICE.

1768 3650 3472 3843 Seigneur, tous ces regrets

248 3796 2493 3985 De voſtre pieté ſont de juſtes effets.

260 3975 3187 4152 Mais vos pleurs ont aſſez honoré ſa Memoire,

254 4141 3525 4327 Vous devez d’autres ſoins à Rome, à voſtre Gloire:

253 4307 3044 4497 De mon propre intereſt je n’oſe vous parler.

257 4475 2821 4651 Berenice autrefois pouvoit vous conſoler.

264 4643 2879 4824 Avec plus de plaiſir vous m'avez écoutée.

248 4808 3203 5009 De combien de malheurs pour vous perſecutée

237 4989 2981 5173 Vous ay-je pour un mot ſacrifié mes pleurs!

243 5160 3323 5333 Vous regrettez un Pere, Helas, foibles douleurs!

247 5317 3023 5501 Et moy (ce ſouvenir me fait frémir encore)

243 5483 3054 5702 On vouloit m’arracher de tout ce que j’adore,

255 5658 3620 5854 Moy, dont vous connoiſſez le trouble & le tourment,

252 5831 3608 6024 Quand vous ne me quittez que pour quelque moment,

259 5999 3614 6184 Moy, qui mourrois le jour qu’on voudroit m’interdire

253 6180 990 6326 De vous....

1543 6346 2230 6489 TITUS.

924 6499 3588 6693 Madame, helas! que me venez-vous dire?

770 6682 2984 6827 Tome II. C
