4267 7959
1552 500 2856 672 BERENICE.

591 743 3923 962 Le Ciel ſçait qu’au milieu des honneurs qu’il m'en¬

931 960 1312 1081 voye,

590 1081 3710 1304 Je n’attendois que vous pour témoin de ma joye.

600 1246 3308 1444 Avec tout l'Uniuers j’honorois vos vertus,

594 1403 3290 1594 Titus vous cheriſſoit, vous admiriez Titus.

610 1574 3446 1772 Cent fois je me ſuis fait une douceur extréme

609 1740 3347 1947 D’entretenir Titus dans un autre luy-méme.

1584 1928 2925 2080 ANTIOCHUS.

615 2077 3603 2276 Et c’eſt ce que je fuis. J’évite, mais trop tard,

631 2232 3551 2439 Ces cruels entretiens où je n'ay point de part.

610 2388 3515 2605 Je fuis Titus. Je fuis ce nom qui m’inquiete,

630 2558 3772 2765 Ce nom qu’à tous momens voſtre bouche repete.

616 2720 3762 2932 Que vous diray-je enfin? Je fuis des yeux diſtraits

626 2894 3644 3093 Qui me voyant toûjours ne me voyoient jamais.

622 3052 3788 3267 Adieu, je vais le cœur trop plein de voſtre image,

631 3220 3835 3431 Attendre en vous aimant la mort pour mon partage.

637 3384 3783 3593 Surtout ne craignez point qu’une aveugle douleur

631 3540 3591 3744 Rempliſſe l’Univers du bruit de mon malheur,

631 3702 3717 3922 Madame, le ſeul bruit d’une mort que j’implore,

635 3868 3239 4071 Vous fera ſouvenir que je vivois encore.

637 4038 1049 4186 Adieu.

1331 5087 3121 5311 SCENE V.

1005 5494 3592 5713 BERENICE, PHENICE.

1939 5862 2898 6023 PHENICE

1295 5851 3592 6217 Que je le plains! Tant de fidelité,

639 6169 2997 6384 Madame, meritoit plus de proſperité.

656 6342 2270 6542 Ne le plaignez-vous pas?
