4267 8051
3521 592 3651 742 13

1293 523 2599 696 TRAGEDIE.

1374 784 2520 931 BERENICE.

1760 964 3226 1147 Cette prompte retraitte

334 1107 3076 1323 Me laiſſe, je l'avouë, une douleur ſecrette.

1474 1326 2468 1475 PHENICE.

341 1503 1481 1684 Je l’aurois retenu.

1447 1702 2493 1836 BERENICE.

1534 1871 2980 2042 Qui moy? Le retenir?

330 2011 3100 2224 J’en doy perdre plutoſt juſques au ſouvenir.

344 2175 3336 2387 Tu veux donc que je flatte une ardeur inſenſée?

1494 2392 2451 2533 PHENICE.

339 2531 3059 2733 Titus n’a point encore expliqué la penſée.

351 2701 3561 2906 Rome vous voit, Madame, avec des yeux jaloux,

367 2868 3317 3071 La rigueur de ſes Loix m’épouvante pour vous.

355 3031 3657 3243 L’hymen chez les Romains n’admet qu’une Romaine.

367 3198 3363 3403 Rome hait tous les Rois, & Berenice eſt Reyne.

1441 3390 2514 3518 BERENICE.

356 3527 3642 3735 Le temps n’eſt plus, Phénice, où je pouvois trembler.

354 3693 3380 3899 Titus m’aime, il peut tout, il n’a plus qu’à parler.

366 3858 3190 4067 Il verra le Senat m’apporter ſes hommages,

372 4024 3248 4234 Et le Peuple, de fleurs couronner ſes images.

533 4196 3557 4396 De cette nuit, Phénice, as-tu veu la ſplendeur?

365 4356 3603 4564 Tes yeux ne ſont-ils pas tous pleins de ſa grandeur?

371 4522 3369 4749 Ces flambeaux, ce Bucher, cette nuit enflâmée,

377 4690 3671 4897 Ces Aigles, ces Faiſceaux, ce Peuple, cette Armée,

377 4854 3137 5054 Cette foule de Rois, ces Conſuls, ce Senat,

376 5022 3504 5233 Qui tous de mon Amant empruntoient leur éclat;

382 5188 3288 5398 Cette pourpre, cet or que rehauſſoit ſa gloire,

372 5356 3232 5552 Et ces Lauriers encore témoins de ſa victoire,

366 5520 3410 5734 Tous ces yeux, qu’on voyoit venir de toutes parts

382 5682 3168 5887 Confondre ſur luy ſeul leurs avides regards;

382 5854 2953 6048 Ce port majeſtueux, cette douce preſence.

381 6020 3379 6228 Ciel! avec quel reſpect, & quelle complaiſance,

371 6182 3451 6393 Tous les cœurs en ſecret l’aſſuroient de leur foy!

393 6348 3513 6565 Parle. Peut-on le voir fans penſer comme moy,
