4267 7821
625 447 2890 630 2 BERENICE.

1847 716 2675 854 ARSACE.

636 853 3817 1074 Vous, Seigneur, importun? Vous, cet Amy fidelle:

637 1012 3254 1222 Qu'un ſoin ſi genereux intereſſe pour elle?

634 1184 3391 1386 Vous, cet Antiochus, ſon Amant autrefois;

635 1349 3800 1558 Vous, que l’Orient conte entre ſes plus grands Rois?

636 1504 3289 1714 Quoy déja de Titus l'Epouſe en eſperance,

653 1678 3622 1854 Ce rang entre elle & vous met-il tant de diſtance.

1590 1855 2899 2008 ANTIOCHUS.

643 1993 3800 2198 Va, dis-je, & ſans vouloir te charger d’autres ſoins;

648 2159 3529 2350 Voy ſi je puis bientoſt luy parler ſans témoins.

1533 3088 3006 3298 SCENE. II.

1367 3510 3257 3707 ANTIOCHUS, ſeul.

692 3792 3822 4139 HE' bien, Antiochus, es-tu toujours le meſme?

1059 3965 3912 4144 Pourray-je ſans trembler luy dire, Je vous aime?

692 4114 3770 4323 Mais quoy? Déjà je tremble, & mon cœur agité

714 4282 3505 4469 Craint autant ce moment que je l’ay ſouhaité.

699 4452 3206 4623 Berenice autrefois m’oſta toute eſperance.

708 4612 3199 4797 Elle m'impoſa meſme un eternel ſilence.

703 4767 3382 4987 Je me ſuis tû cinq ans. Et juſques à ce jour

708 4938 3489 5113 D'un voile d'amitié j'ay couvert mon amour.

717 5084 3560 5299 Dois-je croire qu’au rang, où Titus la deſtine,

722 5247 3261 5438 Elle m’écoute mieux que dans la Paleſtine?

727 5423 3326 5624 Il l'épouſe. Ay-je donc attendu ce moment

732 5575 3255 5760 Pour me venir encor declarer ſon Amant?

727 5718 3827 5950 Ah! puis qu’il faut partir, partons ſans luy déplaire.

722 5872 3720 6112 Je me ſuis tû long-temps, je puis encore me taire.

727 6051 3623 6254 Retirons nous, ſortons, & ſans nous découvrir,

769 6216 3408 6422 Allons loin de ſes yeux l’oublier, ou mourir.
