4267 8101
702 677 851 826 18

1738 652 3039 832 BERENICE.

696 928 3255 1119 Antoine, qui l’aima juſqu’à l’idolâtrie,

707 1093 3440 1293 Oublia dans ſon ſein ſa gloire & ſa Patrie,

700 1267 3455 1451 Sans oſer toutefois ſe nommer ton Eſpoux.

695 1435 3388 1629 Rome l'alla chercher juſques à ſes genoux,

706 1597 3325 1791 Et ne deſarma point ſa fureur vengereſſe,

711 1766 3636 1943 Qu'elle n’euſt accablé l'Amant & la Maiſtreſſe.

712 1941 3731 2129 Depuis ce temps, Seigneur, Caligula, Neron,

711 2106 3482 2293 Monſtres, dont à regret je cite icy le nom,

712 2272 3599 2461 Et qui ne conſervant que la figure d'Homme,

707 2441 3736 2623 Foulerent à leurs pieds toutes les Lois de Rome,

722 2607 4059 2793 Ont craint cette Loy ſeule, & n’ont point à nos yeux

715 2777 3388 2955 Allumé le Flambeau d’un Hymen odieux.

712 2936 3863 3097 Vous m'avez commandé ſur tout d'eſtre ſincere.

727 3109 3698 3293 De l’affranchy Pallas nous avons veu le Frere.

722 3279 3317 3461 Des fers de Claudius Felix encor flétry,

728 3453 3698 3633 De deux Reynes, Seigneur, devenir le Mary;

732 3614 3551 3803 Et s’il faut juſqu'au bout que je vous obeïſſe,

737 3775 3736 3971 Ces deux Reynes eſtoient du ſang de Berenice.

738 3929 3979 4133 Et vous pourriez, Seigneur, ſans bleſſer nos regards,

745 4114 3620 4301 Faire entrer une Reyne au Lit de nos Ceſars,

734 4284 3631 4471 Tandis que l’Orient dans le Lit de ſes Reynes

739 4445 3762 4635 Voir paſſer un Eſclave au ſortir de nos chaiſnes?

748 4612 3959 4811 C'eſt ce que les Romains penſent de voſtre amour.

743 4786 3262 4975 Et je ne répons pas avant la fin du jour

744 4953 3799 5141 Que le Senat chargé des vœux de tout l’Empire,

750 5125 3430 5305 Ne vous rediſe icy ce que je viens de dire:

748 5285 3773 5483 Et que Rome avec luy tombant à vos genoux,

753 5447 3980 5639 Ne vous demande un choix digne d’elle & de vous.

754 5606 3959 5811 Vous pouvez preparer, Seigneur, voſtre réponſe.

2084 5818 2781 5966 TITUS.

767 5989 3710 6169 Hélas! A quel amour on veut que je renonce!

2010 6156 2844 6303 PAULIN.

781 6313 3445 6477 Cet amour eſt ardent, il le faut confeſſer.

2122 6495 2802 6623 TITUS.

775 6646 3542 6845 Plus ardent mille fois que tu ne peux penſer,
