4267 7925
1331 518 2624 675 TRAGEDIE.

3435 551 3632 715 33

1153 1475 2768 1683 SCENE II.

580 1864 3301 2055 ANTIOCHUS, ARSACE.

1560 2210 2386 2341 ARSACE.

322 2398 3284 2721 Ainſi le Ciel s’appreſte à vous rendre juſtice.

645 2570 3525 2764 Vous partirez, Seigneur, mais avec Berenice.

320 2743 2944 2886 Loin de vous la ravir on va vous la livrer.

1243 2916 2578 3050 ANTIOCHUS.

335 3072 2819 3248 Arſace, laiſſe-moy le temps de reſpirer.

346 3212 3540 3425 Ce changement eſt grand, ma ſurpriſe eſt extréme.

335 3399 3284 3574 Titus entre mes mains remet tout ce qu’il aime?

350 3539 3620 3755 Dois-je croire, grands Dieux! ce que je viens d’oüir,

356 3725 3160 3914 Et quand je le croiray, dois-je m’en réjoüir?

1537 3908 2364 4036 ARSACE.

362 4052 3625 4250 Mais moy-meſme, Seigneur, que faut il que je croye?

360 4211 3166 4403 Quel obſtacle nouveau s’oppoſe à voſtre joye?

355 4380 3416 4573 Me trompiez-vous tantoſt au ſortir de ces Lieux,

350 4545 3310 4738 Lors qu'encor tout ému de vos derniers Adieux,

346 4715 3164 4898 Tremblant d’avoir oſé s’expliquer devant elle,

351 4881 3128 5027 Voſtre cœur me contoit ſon audace nouvelle?

352 5035 3320 5229 Vous fuyiez un hymen qui vous faiſoit trembler.

364 5184 3546 5396 Cet hymen eſt rompu. Quel ſoin peut vous troubler?

351 5350 3428 5567 Suivez les doux tranſports où l’amour vous invite.

1346 5556 2650 5686 ANTIOCHUS.

360 5701 2958 5897 Arſace, je me voy chargé de ſa conduite.

356 5872 3129 6067 Je joüiray longtemps de ſes chers entretiens,

364 6003 3662 6222 Ses yeux meſme pourront s’accoutumer aux miens.

380 6188 2810 6371 Et peut-eſtre ſon cœur fera la difference

378 6358 3011 6536 Des froideurs de Titus à ma perſeverance.
