4267 8136
656 661 3025 846 20 BERENICE.

666 914 3765 1119 J’aimois, je ſoupirois dans une paix proſonde,

667 1090 3734 1289 Un autre eſtoit changé de l'Empire du Monde;

688 1258 3736 1457 Maiſtre de mon deſtin, libre dans mes ſoupirs,

677 1435 3548 1619 Je ne rendois qu’à moy conte de mes deſirs.

688 1612 3449 1791 Mais à peine le Ciel eut rappellé mon Pere,

683 1772 3644 1965 Dés que ma triſte main eut fermé ſa paupiere,

688 1950 3315 2123 De mon aimable erreur je fus deſabuſé,

687 2114 3300 2305 Je ſentis le fardeau qui m’eſtoit impoſé.

682 2255 3935 2479 Je connus que bientoſt loin d’eſtre à ce que j’aime,

693 2450 3792 2635 Il falloit, cher Paulin, renoncer à moy-meſme,

704 2614 4093 2809 Et que le choix des Dieux, contraire à mes amours,

693 2789 3268 2973 Livroit à l’Univers le reſte de mes jours.

700 2955 3925 3137 Rome obſerve aujourd’huy ma conduite nouvelle.

709 3130 3802 3319 Quelle honte pour moy! Quel préſage pour elle,

704 3300 3723 3477 Si dés le premier pas renverſant tous ſes droits,

709 3460 3734 3649 Je fondois mon bonheur ſur le débris des Lois!

710 3634 3066 3809 Reſolu d’accomplir ce cruel ſacrifice,

709 3803 3193 3989 J’y voulus préparer la triſte Berenice.

716 3962 4088 4157 Mais par où commencer? Vingt fois depuis huit jours

709 4143 3469 4331 J’ay voulu devant elle en ouvrir le diſcours,

719 4305 3622 4497 Et dés le premier mot ma langue embaraſſée

724 4477 3565 4669 Dans ma bouche vingt fois a demeuré glacée.

719 4647 3978 4845 J’eſperois que du moins mon trouble & ma douleur

720 4814 3755 5011 Luy feroit preſſentir noſtre commun malheur.

731 4979 3918 5169 Mais ſans me ſoupçonner, ſenſible à mes allarmes,

730 5150 3669 5327 Elle m’offre ſa main pour eſſuyer mes larmes,

741 5318 3692 5509 Et ne prévoit rien moins dans cette obſcurité

740 5490 3723 5687 Que la fin d’un amour, quelle a trop merité.

745 5657 3522 5859 Enfin j'ay ce matin rappellé ma conſtance.

742 5827 3579 6005 Il faut la voir, Paulin, & rompre le ſilence.

741 6003 3590 6201 J’attens Antiochus, pour luy recommander

756 6171 3475 6363 Ce dépoſt précieux que je ne puis garder.

751 6336 3746 6541 Juſques dans l'Orient je veux qu’il la remeine.

746 6508 3713 6691 Demain Rome avec luy verra partir la Reyne.

747 6677 3522 6847 Elle en ſera bientoſt inſtruite par ma voix,

742 6838 3417 7045 Et je vais luy parler pour la derniere fois.
