4267 7839
1537 593 2941 767 PREFACE.

587 823 3875 1023 de peu d'invention. Ils ne ſongent pas qu’au

583 1017 3859 1171 contraire toute l'invention conſiſte à faire

587 1211 3859 1411 quelque choſe de rien, & que tout ce grand

583 1409 3855 1609 nombre d’Incidens a toujours eſté le refuge

587 1609 3849 1793 des Poëtes qui ne ſentoient dans leur Genie

577 1803 3855 2003 ny aſſez d’abondance, ny aſſez de force, pour

573 1997 3839 2197 attacher durant cinq Actes leurs Spectateurs,

567 2185 3839 2391 par une action ſimple, ſoutenuë de la vio¬

561 2389 3835 2579 lence des paſſions, de la beauté des ſentimens,

577 2583 3835 2783 & de l'élegance de l'expreſſion. Je ſuis bien

573 2783 3835 2977 éloigné de croire que toutes ces choſes ſe

567 2975 3829 3165 rencontrent dans mon Ouvrage. Mais auſſi

551 3169 3835 3369 je ne puis croire que le Public me ſçache

561 3363 3829 3563 mauvais gré de luy avoir donné une Tragé¬

557 3563 3831 3753 die qui a eſté honorée de tant de larmes; &

561 3751 3825 3951 dont la trentiéme repreſentation a eſté auſſi

551 3961 2217 4151 ſuivie que la premiere.

767 4149 3825 4349 Ce n'eſt pas que quelques Perſonnes ne

551 4339 3825 4549 m’ayent reproché cette meſme ſimplicité que

547 4537 3819 4747 j’avois recherchée avec tant de ſoin. Ils ont

551 4737 3825 4931 crû qu’une Tragédie qui eſtoit ſi peu chargée

551 4925 3825 5133 d'intrigues, ne pouvoit eſtre ſelon les Regles

547 5119 3819 5329 du Theatre. Je m'informay s’ils ſe plaignoient

567 5323 3819 5529 qu'elle les euſt ennuyez. On me dit qu’ils

551 5523 3819 5713 avoüoient tous qu'elle n’ennnyoit point,

551 5711 3809 5917 qu elle les touchoit meſme en pluſieurs en¬

541 5915 3813 6111 droits, & qu’ils la verroient encore avec

515 6105 3809 6325 plaiſir. Que veulent-ils davantage? Je les
