4267 7963
639 496 2836 689 14 BERENICE.

646 761 3824 955 Qu’en quelque obſcurité que le ſort l'euſt fait naiſtre,

632 926 3739 1092 Le Monde, en le voyant euſt reconnu ſon Maiſtre?

628 1081 3899 1262 Mais, Phénice, où m’emporte un ſouvenir charmant?

805 1263 3889 1448 Cependant Rome entiere, en ce meſme moment,

616 1421 3434 1580 Fait des vœux pour Titus, & par des ſacrifices

608 1578 3418 1750 De ſon regne naiſſant conſacre les prémices.

608 1741 3470 1913 Je prétens quelque part à des ſouhaits ſi doux.

607 1902 3887 2101 Phénice, allons nous joindre aux vœux qu’on fait

923 2109 1604 2232 pour nous.

597 2228 3552 2414 Auſſitoſt ſans l’attendre, & ſans eſtre attenduë,

587 2393 3554 2563 Je reviens le chercher, & dans cette entreveuë

597 2564 3527 2726 Dire tout ce qu’au cœur l'un de l’autre contens

601 2720 3411 2911 Inſpirent des tranſports retenus ſi long-temps.

1384 3090 3061 3249 Fin du Premier Acte.
