4267 7821
1386 498 2727 651 TRAGEDIE.

1447 779 2445 899 PHENICE,

3481 551 3675 713 27

377 931 3633 1099 Comme vous je me perds d’autant plus que j’y penſe.

326 1090 3031 1222 Mais ne s’offre-t-il rien à voſtre ſouvenir?

356 1257 3311 1425 Qui contre vous, Madame, ait pu le prévenir?

363 1435 1519 1576 Voyez, examinez.

1405 1588 2537 1714 BERENICE.

1398 1750 3173 1904 Helas, tu peux m’en croire;

379 1906 3061 2071 Plus je veux du paſſé rappeller la memoire,

373 2062 2955 2238 Du jour que je le vis, juſqu’à ce triſte jour,

378 2229 3545 2398 Plus je voy qu’on me peut reprocher trop d’amour.

372 2390 3357 2538 Mais tu nous entendois. Il ne faut rien me taire.

373 2556 3225 2724 Parle. N’ay-je rien dit qui luy puiſſe déplaire?

376 2709 3433 2887 Que ſçay-je? J’ay peut-eſtre avec trop de chaleur

378 2876 2856 3043 Rabaiſſé ſes préſens, ou blâmé ſa douleur.

382 3036 3393 3211 N’eſt-ce point que de Rome il redoute la haine?

383 3199 3505 3371 Il craint peut-eſtre, il craint d'épouſer une Reyne.

378 3365 3337 3534 Helas! s’il eſtoit vray.... Mais non, il a cent fois

382 3524 3041 3668 Raſſuré mon amour contre leurs dures Lois.

383 3685 3479 3865 Cent fois.. Ah! Qu’il m’explique un ſilence ſi rude.

372 3850 2827 4021 Je ne reſpire pas dans cette incertitude.

372 4012 3316 4191 Moy, je vivrois, Phenice, & je pourrois penſer

378 4165 3479 4352 Qu'il me neglige, ou bien que j’ay pu l’offenſer?

383 4333 3515 4517 Retournons ſur ſes pas. Mais quand je m'examine,

376 4502 3046 4675 Je croy de ce deſordre entrevoir l’origine,

396 4650 2935 4838 Phénice, il aura ſceu tout ce qui s’eſt paſſé.

391 4824 3021 4995 L'amour d’Antiochus l’a peut-eſtre offenſé.

399 4981 3291 5164 Il attend, m’a-t-on dit, le Roy de Comagene.

398 5137 3300 5327 Ne cherchons point ailleurs le ſujet de ma peine.

382 5305 3291 5493 Sans doute ce chagrin qui vient de m’allarmer,

387 5468 3057 5655 N’eſt qu’un leger ſoupçon facile à deſarmer.

366 5632 2908 5807 Je ne te vante point cette foible victoire,

382 5799 3555 5976 Titus. Ah, pluſt au Ciel, que ſans bleſſer ta gloire,

387 5952 3199 6138 Un Rival plus puiſſant vouluſt tenter ma foy,

383 6124 3423 6303 Et peuſt mettre à mes piez plus d’Empires qu toy,

2786 6304 3042 6459 C ij
