4267 7839
1432 385 2692 543 TRAGEDIE.

3555 451 3616 571 3

373 632 3630 807 Hé quoy? ſouffrir toûjours un tourment qu'elle

687 805 1181 962 ignore?

371 954 3498 1137 Toûjours verſer des pleurs qu'il faut que je devore?

378 1120 3467 1292 Quoy meſme en la perdant redouter ſon courroux?

377 1281 3370 1464 Belle Reyne; & pourquoy vous offenſeriez-vous?

377 1444 3641 1624 Viens-je vous demander que vous quittiez l’Empire,

373 1608 3649 1787 Que vous m’aimiez? Helas! je ne viens que vous dire,

388 1771 3411 1954 Qu’apres m’eſtre longtemps flatté que mon Rival

377 1929 3166 2111 Trouveroit à ſes vœux quelque obſtacle fatal;

377 2093 3627 2278 Aujourd’huy qu’il peut tout, que voſtre hymen s'a¬

709 2301 1125 2410 vance,

378 2410 3115 2600 Exemple infortuné d'une longue conſtance,

383 2588 3234 2762 Apres cinq ans d’amour, & d'eſpoir ſuperflus,

377 2739 3068 2922 Je pars, fidelle encor quand je n’eſpere plus.

383 2902 3161 3080 Au lieu de s'offenſer, elle pourra me plaindre,

388 3058 3621 3248 Quoy qu’il en ſoit, parlõs, c’eſt aſſez nous contrain¬

705 3231 972 3381 dre,

387 3380 3452 3575 Et que peut craindre, helas! un Amant fans eſpoir

388 3542 3191 3730 Qui peut bien ſe reſoudre à ne la jamais voir?

1192 4368 2777 4563 SCENE III.

643 4717 3252 4898 ANTIOCHUS, ARSACE.

1356 5049 2621 5188 ANTIOCHUS.

363 5192 2150 5520 ARſace, entrerons-nous?

1578 5535 2401 5655 ARSACE.

1619 5698 3294 5872 Seigneur, j’ay vû la Reyne.

387 5849 3394 6030 Mais pour me faire voir, je n’ay percé qu'à peine

383 6011 3396 6192 Les flots toûjours nouveaux d’un Peuple adorateur

387 6166 3029 6357 Qu’attire ſur ſes pas ſa prochaine grandeur.

2740 6357 3023 6524 A ij
