4267 8012
1399 603 2714 755 TRAGEDIE,

3431 662 3584 779 21

1496 863 2327 996 PAULIN.

311 1005 3412 1197 Je n'attendois pas moins de cet amour de gloire

304 1177 3021 1353 Qui par tout apres vous attacha la Victoire.

303 1339 3012 1537 La Judée aſſervie & ſes remparts fumans,

302 1509 3059 1677 De cette noble ardeur éternels monumens,

303 1668 3298 1861 Me répondoient aller que voſtre grand courage

304 1838 3501 2029 Ne voudroit pas, Seigneur, détruire ſon ouvrage,

307 2006 3164 2189 Et qu’un Heros vainqueur de tant de Nations

296 2166 3309 2353 Sçauroit bien, toſt ou tard, vaincre ſes paſſions.

1617 2352 2292 2478 TITUS.

307 2497 3539 2689 Ah! que ſous de beaux noms cette Gloire eſt cruelle!

313 2665 3541 2855 Combien mes triſtes yeux la trouveroient plus belle,

302 2836 2959 3025 S’il ne falloit encor qu’affronter le trépas!

313 3000 3502 3189 Que dis-je? Cette ardeur que j'ay pour ſes appas,

318 3171 2797 3349 Berenice en mon ſein l’a jadis allumée.

313 3333 3070 3525 Tu ne l'ignores pas, toûjours la Renommée

322 3501 3115 3683 Avec le meſme éclat n’a pas ſemé mon nom,

333 3670 2870 3843 Ma jeuneſſe nourrie à la Cour de Néron

330 3823 3133 4013 S’égaroit cher Paulin, par l’exemple abuſée,

333 4000 2820 4183 Et ſuivoit du plaiſir la pente trop aiſée.

334 4167 3335 4343 Berenice me plut. Que ne fait point un Cœur

335 4319 3648 4519 Pour plaire à ce qu’il aime, & gagner ſon Vainqueur!

328 4487 3691 4689 Je prodiguay mon ſang. Tout fit place à mes armes.

333 4657 3340 4845 Je revins triomphant. Mais le ſang & les larmes

344 4824 3241 5011 Ne me ſuffiſoient pas pour meriter ſes vœux.

335 4995 3086 5175 J’entrepris le bonheur de mille malheureux.

354 5151 3341 5345 On vit de toutes parts mes bontez ſe répandre;

349 5319 3700 5515 Heureux! & plus heureux que tu ne peux comprendre,

354 5485 3345 5679 Quand je pouvois paroiſtre à ſes yeux ſatisfaits

365 5653 3476 5851 Chargé de mille cœurs conquis par mes bienfaits.

354 5828 3193 6014 Je luy doy tout, Paulin. Recompenſe cruelle

361 5998 3168 6183 Tout ce que je luy doy va retomber ſur elle.

370 6163 3465 6353 Pour prix de tant de gloire & de tant de vertus,

375 6317 2992 6517 Je luy diray, Partez & ne me voyez plus.

2858 6488 3173 6648 B iij
