4267 8051
1233 518 2628 696 TRAGEDIE.

236 777 3462 991 Ouvrez les yeux, Seigneur, & ſongeons entre nous

230 949 2957 1115 Par combien de raiſons Berenice eſt à vous.

239 1113 3497 1321 Puis qu'aujourd’huy Titus ne prétend plus luy plaire,

231 1281 3319 1495 Songez que voſtre hymen luy devient neceſſaire.

1241 1461 2534 1610 ANTIOCHUS.

241 1638 982 1779 Neceſſaire!

1489 1800 2328 1939 ARSACE.

849 1948 3232 2144 A ſes pleurs accordez quelques jours.

256 2113 3158 2320 De ſes premiers ſanglots laiſſez paſſer le cours.

258 2284 3268 2478 Tout parlera pour vous, le dépit, la vangeance,

266 2444 3184 2642 L’abſence de Titus, le temps, voſtre préſence,

268 2605 3513 2812 Trois Sceptres, que ſon bras ne peut ſeul ſoutenir,

268 2775 3293 2980 Vos deux Eſtats voiſins, qui cherchent à s’unir.

261 2948 3037 3136 L'intereſt, la raiſon, l'amitié, tout vous lie.

1183 3126 2503 3270 ANTIOCHUS.

261 3275 2995 3474 Ah, je reſpire Arſace, & tu me rens la vie.

253 3446 2895 3651 J'accepte avec plaiſir un préſage ſi doux.

263 3600 3614 3814 Que tardons-nous? Faiſons-ce qu'on attend de nous.

260 3770 3614 3980 Entrons chez Berenice; & puis qu’on nous l'ordonne,

266 3948 3016 4146 Allons luy déclarer que Titus l'abandonne.

272 4100 3612 4308 Mais plutoſt demeurons. Que faiſois-je? Eſt-ce à moy,

272 4282 2870 4480 Arſace, à me charger de ce cruel employ?

272 4429 3467 4618 Soit vertu ſoit amour, mon cœur s'en effarouche.

272 4611 3157 4786 L'aimable Berenice entendroit de ma bouche,

283 4754 3635 4984 Qu’on l'abandonne. Ah Reyne! Et qui l’auroit penſé

283 4941 3305 5146 Que ce mot duſt jamais vous eſtre prononcé?

1545 5138 2481 5288 ARSACE.

277 5274 2900 5460 La haine ſur Titus tombera toute entiere,

279 5441 3322 5650 Seigneur, ſi vous parlez, ce n'eſt qu'à ſa priere.

1221 5636 2544 5782 ANTIOCHUS.

288 5767 3496 5982 Non, ne la voyons point. Reſpectons ſa douleur.

298 5935 3320 6152 Aſſez d’autres viendront luy conter ſon malheur.

308 6123 2572 6314 Et ne la crois-tu pas aſſez infortunée

314 6277 3304 6486 D’apprendre à quel mépris Titus l’a condannée,

304 6452 2859 6646 Sans luy donner encor le déplaiſir fatal

309 6609 3232 6825 D'apprendre ce mépris par ſon propre Rival?
