4267 8012
625 454 2924 670 28 BERENICE.

641 699 3906 941 Que de Sceptres ſans nombre il puſt payer ma flâme,

635 869 3831 1108 Que ton amour n'euſt rien à donner que ton ame;

634 1042 3491 1272 C'eſt alors, cher Titus, qu’aimé, victorieux,

630 1203 3753 1438 Tu verrois de quel prix ton cœur eſt à mes yeux.

633 1375 3476 1598 Allons, Phénice, un mot pourra le ſatisfaire.

629 1527 3902 1768 Raſſurons-nous, mon cœur, je puis encor luy plaire.

638 1701 3757 1942 Je me contois trop toſt au rang des Malheureux.

646 1881 3188 2094 Si Titus eſt jaloux, Titus eſt amoureux.

1531 2333 3069 2529 Fin du Second Acte.
