4267 8141
661 542 2991 774 34 BERENICE.

667 811 3581 1026 Titus m’accable icy du poids de ſa grandeur.

667 981 3841 1196 Tout diſparoiſt dans Rome aupres de ſa ſplendeur.

673 1147 3831 1362 Mais quoy que l’Orient ſoit plein de ſa mémoire,

672 1325 3316 1533 Berenice y verra des traces de ma gloire.

1935 1506 2780 1661 ARSACE.

676 1655 4046 1868 N’en doutez point, Seigneur, tout ſuccede à vos vœux.

1642 1847 3018 2044 ANTIOCHUS.

672 1991 4042 2202 Ah! Que nous nous plaiſons à nous tromper tous

1027 2161 1396 2290 deux?

1940 2350 2776 2538 ARSACE.

672 2501 2516 2688 Et pourquoy nous tromper!

1680 2673 3006 2848 ANTIOCHUS.

2262 2858 4042 3050 Quoy je luy pourrois plaire?

668 2997 3634 3209 Berenice à mes voeux ne ſeroit plus contraire?

668 3169 3432 3339 Berenice d’un mot flatteroit mes douleurs?

664 3335 3464 3549 Penſes-tu ſeulement que parmy ſes malheurs,

668 3503 3718 3728 Quand l'Univers entier negligeroit ſes charmes,

668 3673 3820 3888 L’Ingrate me permiſt de luy donner des larmes,

677 3845 3161 4058 Ou qu’elle s’abaiſſaſt juſques à recevoir

667 4015 3713 4228 Des ſoins, qu'à mon amour elle croiroit devoir?

1946 4215 2795 4359 ARSACE.

677 4349 3707 4566 Et qui peut mieux que vous conſoler ſa diſgrace?

667 4517 3733 4739 Sa fortune, Seigneur, va prendre une autre face.

687 4689 1609 4873 Titus la quitte.

1647 4879 3009 5032 ANTIOCHUS.

1919 5038 4063 5245 Helas! De ce grand changement

693 5193 3527 5406 Il ne me reviendra que le nouveau tourment

683 5363 3937 5583 D’apprendre par ſes pleurs à quel point elle l'aime.

677 5533 3835 5748 Je la verrai gémir, je la plaindray moy-meſme.

693 5697 3855 5918 Pour fruit de tant d’amour j’auray le triſte employ

679 5873 3920 6087 De recüeillir des pleurs qui ne ſont pas pour moy.

1945 6079 2802 6219 ARSACE.

692 6199 4062 6437 Quoy? Ne vous plairez-vous qu’à vous geſner ſans

1023 6374 1365 6506 ceſſe?

682 6543 4067 6767 Jamais dans un grand cœur vit-on plus de foibleſſe?
