4267 8172
549 596 744 750 32

1650 581 3005 760 BERENICE.

585 808 3743 1034 Sauvons de cet affront mon nom, & ſa memoire.

591 983 3660 1220 Et puis qu'il faut ceder, cedons à noſtre gloire.

584 1150 3847 1392 Ma bouche, & mes regards muets depuis huit jours,

582 1321 3190 1532 L’auront pu préparer à ce triſte diſcours.

590 1486 3579 1722 Et meſme en ce moment, inquiete, empreſſée,

597 1661 3472 1888 Elle veut qu’à ſes yeux j’explique ma penſée.

593 1833 3359 2059 D’un Amant interdit ſoulagez le tourment,

583 1996 3372 2221 Epargnez à mon cœur cet éclairciſſement.

580 2174 3761 2400 Allez, expliquez-luy mon trouble & mon ſilence,

591 2332 3406 2561 Sur tout qu’elle me laiſſe éviter ſa preſence.

580 2504 3649 2734 Soyez le ſeul témoin de ſes pleurs & des miens.

591 2683 3458 2897 Portez-luy mes Adieux, & recevez les ſiens.

582 2846 3446 3068 Fuyons tous deux, fuyons un ſpectacle funeſte

589 3013 3505 3238 Qui de noſtre conſtance accableroit le reſte.

574 3188 3577 3418 Si l'eſpoir de regner & de vivre en mon cœur

585 3357 3224 3579 Peut de ſon infortune adoucir la rigueur;

581 3524 3652 3757 Ah Prince! jurez-luy que toujours trop fidelle,

589 3695 3610 3930 Gemiſſant dans ma Cour, & plus exilé qu'elle,

590 3867 3632 4097 Portant juſqu’au tombeau le nom de ſon Amant,

584 4036 3563 4268 Mon regne ne ſera qu’un long banniſſement,

585 4211 3212 4386 Si le Ciel non content de me l'avoir ravie

593 4378 3279 4603 Veut encor m’affliger par une longue vie.

593 4548 3436 4771 Vous, que l’amitié ſeule attache ſur les pas,

594 4713 3675 4931 Prince, dans ſon malheur ne l’abandonnez pas.

590 4888 3316 5094 Que l’Orient vous voye arriver à ſa ſuite;

594 5045 3743 5284 Que ce ſoit un triomphe, & non pas une fuite;

595 5222 3276 5436 Qu'une amitié ſi belle ait d’éternels liens,

600 5381 3971 5624 Que mon nom ſoit toujours dans tous vos entretiens.

595 5562 3786 5790 Pour rendre vos Eſtats plus voiſins l'un de l’autre,

596 5727 3467 5951 L’Euphrate bornera ſon Empire & le voſtre.

593 5902 3516 6128 Je ſçay que le Senat tout plein de voſtre nom,

595 6069 3263 6248 D’une commune voix confirmera ce don.

591 6234 3080 6451 Je joins la Cilicie à voſtre Comagene.

596 6404 3813 6647 Adieu, ne quittez point ma Princeſſe, ma Reyne,

594 6576 3431 6807 Tout ce qui de mon cœur fut l'unique deſir,

588 6738 3563 6981 Tout ce que j'aimeray juſqu’au dernier ſoupir.
