4267 7982
670 554 2903 726 10 BERENICE.

656 807 3589 999 Je diſputay longtemps, je fis parler mes yeux.

661 973 3958 1155 Mes pleurs & mes ſoûpirs vous ſuivoient en tous lieux.

660 1135 3167 1321 Enfin voſtre rigueur emporta la balance,

659 1297 3448 1486 Vous ſçeuſtes m'impoſer l'exil, ou le ſilence.

654 1467 3225 1645 Il fallut le promettre, & meſme le jurer.

651 1641 3510 1817 Mais, puisqu’en ce moment j'oſe me declarer,

644 1797 3703 1980 Lors que vous m’arrachiez cette injuſte promeſſe,

655 1961 3714 2128 Mon cœur faiſoit ſerment de vous aimer ſans ceſſe.

1720 2169 2829 2309 BERENICE.

665 2343 2262 2504 Ah! Que me dites-vous?

1704 2517 3037 2662 ANTIOCHUS.

2215 2687 3614 2857 Je me ſuis tû cinq ans,

645 2837 3649 3019 Madame, & vais encor me taire plus longtemps.

780 3005 3780 3188 De mon heureux Rival j'accompagnay les armes.

661 3165 3620 3351 J'eſperay de verſer mon ſang apres mes larmes,

660 3331 3957 3521 Ou qu'au moins juſqu'à vous porté par mille exploits,

645 3493 3754 3674 Mon nom pourroit parler, au défaut de ma voix.

640 3653 3437 3836 Le Ciel ſembla promettre une fin à ma peine.

655 3821 3802 3998 Vous pleuraſtes ma mort, helas! trop peu certaine.

644 3987 3297 4159 Inutiles périls! Quelle eſtoit mon erreur!

645 4151 3106 4326 La valeur de Titus ſurpaſſoit ma fureur.

638 4309 3249 4493 Il faut qu’à ſa vertu mon eſtime réponde.

649 4481 3823 4663 Quoy qu'attendu, Madame, à l’Empire du Monde,

654 4641 3163 4815 Chery de l'Univers, enfin aimé de vous;

644 4801 3410 4982 Il ſembloit à luy ſeul appeller tous les coups,

645 4969 3385 5146 Tandis que ſans eſpoir, haï, laſſé de vivre,

640 5131 3615 5311 Son malheureux Rival ne ſembloit que le ſuivre.

789 5295 3624 5477 Je voy que voſtre cœur m’applaudit en ſecret,

634 5461 3619 5643 Je voy que l'on m’écoute avec moins de regret,

651 5623 3100 5798 Et que trop attentive à ce recit funeſte,

650 5787 3417 5958 En faveur de Titus vous pardonnez le reſte.

773 5949 3350 6132 Enfin apres un ſiege auſſi cruel que lent,

644 6115 3415 6296 Il domta les mutins, reſte pâle & ſanglant

649 6279 3552 6445 Des flâmes, de la faim, des fureurs inteſtines,

660 6445 3609 6621 Et laiſſa leurs remparts cachez ſous leurs ruïnes.
