4267 7886
1561 617 2868 815 PREFACE.

647 853 3945 1056 veut que cette premiere des quatre parties de

647 1043 3939 1258 la Tragédie ſoit toûjours la plus proche de la

648 1245 3939 1466 derniere, qui eſt la Cataſtrophe. Il ſe plaint

652 1435 3940 1644 que la trop grande connoiſſance des Regles

648 1635 3950 1840 l'empeſche de ſe divertir à la Comedie, Cer¬

652 1829 3950 2038 tainement ſi l'on en juge par ſa Diſſertation, il

653 2031 3956 2238 n’y eut jamais de plainte plus mal fondée. Il

657 2223 3961 2438 paroît bien qu’il n’a jamais lû Sophocle, qu’il

663 2423 3955 2630 loüe tres-injuſtement d'une grande multiplici¬

672 2621 3961 2828 té d'incidens, & qu'il n’a meſme jamais rien

666 2809 3960 3022 lû de la Poëtique, que dans quelques Préfa¬

668 3009 3960 3220 faces de Tragédies. Mais je luy pardonne de

667 3215 3966 3418 ne pas ſçavoir les Regles du Theatre, puis

679 3407 3971 3624 qu’heureuſement pour le Public, il ne s’appli¬

689 3605 3965 3814 que pas à ce genre d’écrire. Ce que je ne luy

678 3801 3981 4010 pardonne pas, c’eſt de ſçavoir ſi peu les Regles

688 3989 3970 4206 de la bonne plaiſanterie, luy qui ne veut pas

694 4189 3960 4410 dire un mot ſans plaiſanter. Croit-il réjoüir

687 4381 3968 4600 beaucoup les honneſtes Gens par ces Helas de

683 4591 3969 4796 poche, ces Meſdemoiſelles mes Regles, & quan¬

699 4787 3971 4978 tité d’autres baſſes affectations qu’il trouvera

699 4975 3975 5152 condamnées dans tous les bons Auteurs, s’il

710 5171 2379 5390 ſe meſle jamais de lire?

900 5376 3970 5584 Toutes ces Critiques ſont le partage de

710 5573 3976 5790 quatre ou cinq petits Auteurs infortunez, qui

709 5767 3976 5986 n’ont jamais pû par eux-meſmes exciter la cu¬

709 5961 3981 6164 rioſité du Public. Ils attendent toûjours l'oc¬

709 6161 3981 6376 caſion de quelque Ouvrage qui reüſſiſſe, pour
