4267 7830
1382 643 3603 823 TRAGEDIE. 5

1549 880 2369 1012 ARSACE.

1872 1058 2252 1168 Vous?

1320 1190 2597 1328 ANTIOCHUS.

2285 1349 3586 1520 En ſortant du Palais,

372 1513 3469 1705 Je ſors de Rome, Arſace, & j’en ſors pour jamais.

1560 1685 2414 1815 ARSACE.

376 1831 3169 2015 Je ſuis ſurpris ſans doute, & c’eſt avec juſtice.

388 1999 3151 2181 Quoy depuis ſi long-temps la Reyne Berenice

383 2157 3300 2340 Vous arrache, Seigneur, du ſein de vos Eſtats,

388 2323 3449 2495 Depuis trois ans dans Rome elle arreſte vos pas;

399 2481 3076 2655 Et lors que cette Reyne aſſurant ſa conqueſte

392 2637 3341 2812 Vous attend pour témoin de cette illuſtre Feſte,

397 2803 3248 2976 Quand l'amoureux Titus, devenant ſon Epoux,

393 2965 3039 3139 Luy prépare un éclat qui rejallit ſur vous....

1260 3139 2593 3270 ANTIOCHUS.

399 3283 2658 3455 Arſace, laiſſe-la joüir de ſa fortune,

404 3449 3371 3624 Et quitte un entretien dont le cours m’importune.

1611 3623 2434 3746 ARSACE.

402 3771 3309 3954 Je vous entens, Seigneur. Ces meſmes dignitez

413 3933 3044 4111 Ont rendu Berenice ingrate à vos bontez.

403 4095 2602 4230 L’inimitié ſuccede à l’amitié trahie.

1372 4270 2637 4397 ANTIOCHUS.

413 4417 3178 4593 Non, Arſace, jamais je ne l'ay moins haïe.

1570 4597 2397 4727 ARSACE.

407 4741 3504 4921 Quoy donc? De ſa grandeur déja trop prévenu,

412 4899 3085 5067 Le nouvel Empereur vous a-t-il méconnu?

404 5057 3050 5233 Quelque preſſentiment de ſon indifference

413 5217 3172 5403 Vous fait-il loin de Rome éviter ſa preſence?

1316 5398 2623 5537 ANTIOCHÜS.

407 5545 3122 5721 Titus n’a point pour moy paru ſe démentir,

418 5705 2183 5876 J’aurois tort de me plaindre.

1580 5889 2408 6007 ARSACE.

1748 6042 3387 6217 Et pourquoy donc partir?

414 6179 3423 6375 Quel caprice vous rend ennemy de vous-meſme?

409 6341 3398 6541 Le Ciel met ſur le Trône un Prince qui vous aime,

2764 6539 3061 6699 A iij
