4267 8041
1267 645 3599 849 TRAGEDIE. 19

267 907 2917 1079 Paulin. Je me ſuis fait un plaiſir neceſſaire

263 1079 3389 1247 De la voir chaque jour, de l'aimer, de luy plaire.

257 1247 3179 1415 J’ay fait plus. Je n'ay rien de ſecret à tes yeux.

257 1419 3353 1583 J’ay pour elle cent fois rendu graces aux Dieux,

267 1577 3283 1751 D’avoir choiſi mon Pere au fond de l’Idumée,

263 1743 3079 1917 D’avoir rangé ſous luy l’Orient & l'Armée,

277 1911 2917 2065 Et ſoulevant encor le reſte des Humains,

273 2073 3143 2253 Remis Rome ſanglante en ſes paiſibles mains.

267 2247 3095 2405 J'ay meſme ſouhaitté la place de mon Pere,

273 2399 3613 2583 Moy, Paulin, qui cent fois, ſi le Sort moins ſevere,

277 2577 2739 2713 Euſt voulu de ſa vie étendre les liens,

277 2743 3409 2913 Aurois donné mes jours pour prolonger les ſiens.

277 2911 3477 3075 Tout cela (qu’un Amant ſçait mal ce qu'il deſire!)

289 3073 3011 3237 Dans l'eſpoir d'élever Berenice à l'Empire,

289 3235 3137 3405 De reconnoiſtre un jour ſon amour & ſa foy,

299 3403 3383 3571 Et de voir à ſes pieds tout le monde avec moy.

283 3565 3609 3739 Malgré tout mon amour, Paulin, & tous ſes charmes,

293 3739 3237 3901 Apres mille ſermens appuyez de mes larmes,

289 3905 3425 4069 Maintenant que je puis couronner tant d’attraits,

289 4073 3409 4237 Maintenant que je l’aime encor plus que jamais,

289 4225 3477 4405 Lors qu’un heureux hymen joignant nos deſtinées

299 4399 3357 4567 Peut payer en un jour les vœux de cinq années;

293 4561 3311 4729 Je vais, Paulin.... O Ciel! puis-je le déclarer?

1523 4759 2357 4885 PAULIN.

299 4917 1435 5085 Quoy, Seigneur?

1629 5089 2315 5221 TITUS.

1195 5247 3321 5409 Pour jamais je vais m'en ſeparer.

299 5413 3645 5571 Mon cœur en ce moment ne vient pas de ſe rendre,

289 5581 3121 5745 Si je t’ay fait parler, ſi j’ay voulu t’entendre,

283 5743 3049 5911 Je voulois que ton zele achevaſt en ſecret

305 5911 3189 6085 De confondre un amour qui ſe taiſt à regret.

299 6079 2943 6247 Berenice a longtemps balancé la victoire.

299 6241 3163 6409 Et ſi je panche enfin du coſté de ma Gloire,

305 6403 3661 6577 Croy qu’il m’en a couſté, pour vaincre tant d’amour.

305 6575 3671 6755 Des combats dont mon coeur ſaignera plus d'un jour.

2785 6743 3033 6907 B ij
