2479 3508
568 226 1873 392 14 L’illuſtre Baſſa

570 385 2106 526 rent debout des deux coſtez, &

571 531 2109 653 le ſeul Ibrahim fut aſſis aux

570 674 2111 822 pieds de fa Hauteſſe, ſur vn

571 819 2112 968 quarreau de toile d’argent. Com¬

571 965 2111 1112 me chacun eut pris la place, le

572 1110 2110 1256 Baſſa de la Mer qui ce iour là fai¬

572 1251 2104 1403 ſoit la charge de Maiſtre des ce¬

571 1396 2111 1530 remonies, aduertit les Ambaſſa¬

578 1543 2110 1692 deurs, qu’ils pouuoient aller au

567 1687 2108 1837 Baiſe-main, & offrir leurs pre¬

575 1836 2111 1983 ſents au Grand-Seigneur. Ils y

572 1974 2106 2128 furent tous, excepté celuy de

579 2125 2106 2276 France, qui par vn priuilege qui

571 2268 2107 2416 n’eſt accordé qu'à luy ſeul, fit

572 2410 2106 2564 les ſiens en particulier: De peur

575 2557 2106 2709 que cette actiõ publique, n'euſt

577 2701 2097 2853 quelque image de ſeruitude.

572 2848 2106 2999 Auſſi-toſt qu’ils eurent repris

577 2988 2106 3145 leur rang, le Muphti parut aſſis
