2479 3508
560 181 1858 367 16 L’Illuſtre Baſſa

557 339 2085 508 ſa Hauteſſe, luy offrirent vn li¬

559 483 2085 654 ure de la loy couvert d'or & de

558 633 2088 805 Turquoiſes, & apres s’eſtre deſ¬

560 771 2086 947 coupé les bras & le viſage avec

561 923 2092 1091 vn grand couteau, pour l'amour

561 1059 2091 1233 du Prophete & du Sultan, ils ſe

559 1203 2089 1379 retirerent, & firent place à ceux

556 1353 2090 1527 qui les deuoient ſuiure. Les Mar¬

556 1499 2086 1655 chands Turcs, Chreſtiens, &

553 1633 2092 1817 Iuifs, meſlez enſemble, parurent

555 1779 2093 1945 lors richement vertus, & au mi¬

552 1929 2091 2105 lieu d’eux vn Char tiré par dou¬

558 2081 2096 2243 ze Amours couronnez de fleurs,

554 2219 2096 2393 ſur lequel eſtoit dreſſée vne bou¬

557 2367 2093 2545 tique de drap d'or, & de tapis

555 2511 2095 2683 de Perſe qu’ils preſenterent au

552 2651 2095 2829 Sultan. Les Orpheures les ſui¬

551 2801 2094 2935 uirẽt auec vn buffet de vaiſſelle

558 2943 2094 3103 d’or cizelée, ſur vne machine

1890 3120 2091 3221 d’ar¬
