2479 3508
859 63 1703 159 PREFACE.

443 191 2141 355 catement les paſsions, qu'on peut

437 351 2133 501 l’apeller le Peintre de l'ame. Il va

433 505 2129 663 chercher dans le fond des cœurs,

433 665 2129 817 les plus ſecrets ſentimens; et dans

431 821 2129 975 la diuerſité des naturels qu'il re¬

407 977 2113 1145 preſente, chacun trouue ſon por¬

423 1147 739 1249 trait.

753 1287 2011 1433 Enfin ſi parmi les mortels,

699 1427 2119 1571 Quelqu’vn merite des Autels,

627 1559 2119 1707 Vrfé ſeul a droit d’y pretendre.

417 1707 2115 1861 Certainement il n'est rien de plus

415 1873 2119 2021 important, dans cette espece de

415 2029 2117 2187 compoſition, que d'imprimer for¬

409 2185 2117 2337 tement l'Idée, ou pour mieux di¬

403 2333 2115 2497 re l'Jmage des Heros, en l'eſprit

411 2497 2113 2621 du Lecteur: mais en facon qu'ils

369 2653 2107 2811 ſoyent comme de ſa connoisſance:

405 2817 2107 2965 car c'eſt ce qui intereſse en leurs

399 2973 2109 3125 auantures, & de là que vient

359 3123 2109 3283 ſon plaiſir. Or pour les faire con¬
