2479 3508
602 221 1835 390 26 L'illuſtre Baſſa

605 379 2076 538 champ: mais le grand Viſir ſe

604 525 2075 666 releuant d’où il eſtoit aſſis, &

601 669 2080 826 ſe mettant à genoux, ſupplia

600 813 2081 968 le Sultan de ne vouloir point

602 959 2081 1118 marquer de ſang le jour de

601 1103 2080 1258 ſon triomphe; & de ſe ſouue¬

602 1249 2083 1410 nir que la clemence eſt pro¬

599 1393 2088 1550 prement la vertu des victo¬

598 1539 2083 1696 rieux; qu’en ſauuant la vie à

601 1683 2086 1828 cet inconſideré, il l'aſſeuroit

600 1829 2089 1988 qu’il la perdroit pour ſon ſer¬

599 1977 2088 2134 uice; & qu’il eſtoit d’vne naiſ¬

602 2119 2085 2238 ſance & d’vne humeur à n’a¬

595 2271 2091 2426 uoir iamais d’ingratitude. Que

599 2413 2090 2560 le connoiſſant comme ſoy¬

596 2553 2091 2712 meſme, il en reſpondoit à ſa

601 2701 2094 2862 Hauteſſe; & que luy eſtant aſ¬

598 2845 2091 3002 ſez obligé pour deuoir mou¬

597 2989 2090 3154 rir pour le ſauuer, il ſupplioit
