2479 3508
523 256 1743 430 36 L'Illuſtre Baſſa

531 414 2033 581 deſpend l'heure & l'infortune

535 558 2033 727 de noſtre vie, il faut que ie

541 702 2037 831 deſcouure les cruautez de

535 844 2037 1013 mon pere, & qu’Oſman accu¬

533 990 2041 1159 ſe le ſien. Iuge apres cela Sei¬

539 1136 2043 1305 gneur, ſi mes larmes ſont iu¬

542 1288 2041 1447 ſtes, & ſi aymant nos ennemis

546 1428 2048 1599 au point que nous faiſons, ce

546 1574 2050 1741 n’eſt pas eſtre expoſée à vn

546 1718 2048 1885 malheur extreme, que d’eſtre

552 1862 2050 2029 contrainte de publier leur

554 2008 2054 2159 honte, de les accuſer, & de de¬

552 2158 2053 2281 mander iuſtice contre-eux?

558 2298 2061 2427 Alibech ſe trouua lors telle¬

560 2446 2058 2609 ment oppreſſée de douleur,

564 2590 2066 2757 qu’elle fut quelque temps

562 2736 2066 2901 ſans pouuoir parler: mais So¬

564 2878 2062 3041 liman ayant loüé en elle vn

564 3028 2068 3173 ſi beau ſentiment, & luy ayant
