2479 3508
595 242 1822 412 Liure premier. 27

317 389 1817 552 le Sultan de prendre ſa vie au

320 537 1811 674 lieu de la ſienne, ſi ſa faute

312 691 1791 846 n’obtenoit point de pardon.

314 831 1810 958 Soliman tendit les bras à cet

308 977 1816 1140 illuſtre Baſſa, & luy dit en le

309 1127 1808 1290 releuant, que quand il auroit

309 1275 1805 1438 la foudre à la main, ſes prieres

303 1419 1813 1586 l’arreſteroient: & que ne pou¬

298 1565 1813 1730 uant luy rien refuſer, il luy ac¬

300 1711 1812 1876 cordoit la vie & le pardon de

303 1861 1810 1982 ce temeraire. Ibrahim ſe ietta

301 2007 1811 2172 encore vne fois aux pieds du

295 2153 1807 2320 Sultan pour luy rendre grace,

300 2303 1809 2462 & apres auoir obtenu du Baſſa

298 2447 1808 2612 de la Mer, que cet Eſclaue al¬

298 2587 1808 2756 laſt paſſer la nuict chez luy, il

299 2735 1804 2894 luy enuoya commander de le

299 2881 1807 3054 ſuiure. Toutes les magnifi¬

300 3037 1807 3200 cences de ce triomphe eſtant
