2479 3508
858 109 1655 207 PREFACE.

414 238 2060 394 urage il faloit conſulter les Grecs,

410 402 2060 556 qui ont eſté nos premiers maiſtres;

391 532 2062 702 ſuiure la route qu'ils ont tenuë; Et

415 694 2061 822 tacher en les imitant, d’arriuer à

412 846 2061 1002 la meſme fin, que ces grands hom¬

414 996 2070 1152 mes s'eſtoient proposée. I'ay donc

414 1152 2068 1302 veu dans ces fameux Romans de

409 1302 2072 1458 l'Antiquité, qu'a l'imitation du

417 1452 2071 1614 poëme Epique, il y a vne action

410 1606 2071 1760 principale, ou toutes les autres

392 1752 2075 1914 ſont attachées; qui regne par tout

414 1908 2076 2072 l'ouurage; & qui fait qu'elles n'y

393 2060 2074 2218 ſont employées, que pour la con¬

415 2218 2081 2368 duire à ſa perfection. Cette action

415 2364 2085 2498 dam l'Iliade d'Homere eſt la rui¬

422 2516 2093 2676 ne de Troye: dãs ſon Odyßée, le re¬

420 2664 2088 2822 tour d'Vlyſſe à Itaque: dãs Virgil-

417 2820 2094 2946 le, la mort de Turne ou pour mieux

419 2966 2095 3124 dire la conqueſte de l'Italie; plus

413 3112 2099 3292 pres de nous dãs le Taſſe, la priſe de
