2479 3508
942 218 1828 396 L'Illuſtre Baſſa

551 280 740 401 34

486 909 2091 1059 HISTOIRE D'OSMAN,

748 1106 1859 1211 ET D'ABILECH.

596 1387 2094 1681 IE ne doute point Seigneur,

732 1529 2098 1695 que ta Hauteſſe ne trouve

592 1667 2098 1845 bien eſtrange (dit cette fem¬

596 1821 2100 1985 me, les yeux tous remplis de

600 1961 2102 2135 pleurs) qu'en vn iour ou l'on

606 2115 2100 2279 ne deuoit reſpandre que des

606 2250 2103 2421 larmes de ioye, ie commence

606 2403 2104 2567 mon diſcours, par des larmes

610 2547 2104 2715 de triſteſſe: mais le ſuiet que

608 2691 2104 2859 i'en ay eſt ſi preſſant, qu’il

614 2837 2106 3007 m'eſt impoſſible de les rete¬

616 2987 2110 3157 nir. Car Seigneur, tu vois de¬
