2479 3508
808 87 1630 199 PREFACE.

367 223 2080 385 Throne, & dans le cercueil: &

370 381 2081 563 qui par cette confuſion peu iudi¬

367 543 2078 717 cieuſe, embarraſſent celuy qui cõ¬

341 707 2085 869 ſidere leur Ouurage: Mais auec

372 857 2079 1025 vne adreſſe incomparable, ils

373 1013 2082 1181 ont commencé leur hiſtoire par le

371 1171 2083 1339 milieu, afin de donner de la ſu¬

346 1333 2086 1501 ſpenſion au Lecteur, dés l'ouuer¬

375 1493 2090 1657 ture du liure: & pour s'enfermer

368 1645 2085 1807 dãs des bornes raiſõnables, ils ont

357 1805 2082 1973 fait (& moy apres eux) que l'hi¬

343 1959 2087 2129 ſtoire ne dure qu'vne année, &

378 2119 2107 2287 que le reſte eſt par narratiõ, ainſi

383 2275 2090 2443 toutes les choſes ſe trouuant inge¬

378 2431 2091 2597 nieuſement placées, & d’vne iu¬

354 2591 2090 2757 ſte grandeur; il en reſulte indubi¬

379 2741 2090 2917 tablement du plaiſir, pour celuy

388 2901 2091 3071 qui les regarde, & de la gloire

377 3061 2090 3227 pour celuy qui les a faites. Mais

385 3223 2093 3389 entre toutes les regles qu'il faut
