2479 3508
615 196 1837 373 Liure premier. 31

333 348 1841 520 du Sultan, ayant eſté confirmé

335 501 1827 674 par les conſeils d’vn homme,

337 642 1843 822 qui pouuoit toutes choſes en

337 794 1845 968 ſon eſprit; il commanda au

331 940 1840 1091 Baſſa de la Mer de ſe taire, &

339 1088 1849 1256 à cette femme qu’Oſman

339 1232 1849 1400 auoit conduite à ſes pieds, de

341 1384 1849 1554 luy dire, quel intereſt elle pre¬

339 1532 1850 1686 noit, en la fortune de cét hõ¬

339 1676 1843 1846 me: afin qu’aprenant la choſe,

347 1826 1854 1994 d'vne perſonne qui ſembloit

347 1970 1856 2136 eſtre la moins capable de la

345 2118 1860 2288 deſguiſer, il puſt auſſi en don¬

343 2266 1862 2434 ner vn iugement plus equita¬

352 2412 1862 2580 ble. Cette femme ayant ouy

358 2564 1862 2728 ce commandement ne put

354 2706 1866 2868 pourtãt ſe reſoudre d’y obeïr,

358 2850 1866 3018 qu’auparauant elle n’euſt re¬

360 3002 1870 3170 gardé Oſman, comme pour
