2479 3508
681 251 1841 405 42 L'Illuſtre Baſſa

679 407 2081 527 Comme en effect, il fut dans

681 545 2081 683 la Mingrelie, ou ayant acheté

679 683 2079 817 vn vaiſſeau de guerre, il s’em¬

681 819 2079 959 barqua ſur la Mer Major auec

681 959 2081 1091 ſa femme, qui comme elle

681 1091 2077 1213 eſtoit la cauſe de ſes malheurs,

677 1225 2083 1365 ne voulut point l’abandonner

679 1365 2083 1509 en ſon exil. Ils furent quelque

681 1507 2081 1645 temps de cette ſorte, ſans ſça¬

673 1641 2085 1783 uoir quelle reſolution pren¬

677 1783 2083 1903 dre, & ſans auoir d’autre deſ¬

675 1917 2087 2055 ſein en la route qu’ils tenoiẽt,

677 2055 2083 2195 que de s’eſloigner de la Perſe;

677 2195 2085 2331 le grand coeur de mon pere

681 2331 2087 2469 ne luy, permettant pas d’al¬

681 2465 2087 2567 ler chercher les ennemis de

679 2605 2087 2743 Tachmas, pour obtenir d’eux

679 2743 2087 2843 vn lieu de retraite: car encor

679 2879 2091 3025 qu’il ait quelque cruauté, il eſt
