2479 3508
775 197 1965 365 Liure premier. 21

479 361 1961 485 bales, de Tambours, de Hau¬

483 499 1961 631 bois, de Fiffres, & de Cimba¬

477 643 1959 767 les en l'aſſemblée; les Turcs

481 783 1957 893 donnerent vn aſſaut à cette

477 927 1955 1035 feinte ville de Tauris. Si l’at¬

481 1067 1957 1219 taque fut vigoureuſe, la def¬

479 1211 1957 1355 fence ne le fut pas moins; l’on

477 1355 1955 1495 vid laſcher le pied aux Perſes,

475 1497 1955 1643 l'on vid auſſi repouſſer les

475 1641 1955 1785 Turcs; & cette fauce image

479 1779 1955 1927 de guerre, eut toutes les apa¬

477 1925 1947 2055 rences, d’vn veritable com¬

479 2065 1953 2209 bat. Mais enfin apres vne

475 2207 1949 2349 grande reſiſtance, l’Eſclaue

479 2351 1945 2495 bien fait enfonça les portes;

479 2495 1943 2637 monta le premier ſur les mu¬

481 2637 1951 2761 railles; & arrachant les dra¬

479 2779 1949 2927 peaux du Sophi pour arborer

487 2921 1953 3055 ceux du Sultan, ſa valeur &

1489 3077 1741 3201 B iij
