2479 3508
912 171 1768 282 PREFACE.

489 311 2174 490 te ſçay que leurs Royaumes meſ¬

495 453 2174 636 mes ne ſont point en la Carthe

490 631 2177 792 vniuerſelle, ou pour mieux dire,

499 780 2182 966 en l'étre des choſes? mais ce n'eſt

494 937 2175 1118 pas le ſeul deffaut, qui peut

509 1095 2176 1268 nous esloigner de la vray-ſem¬

508 1261 2177 1424 blance: Et nous auons autre-fois

511 1419 2172 1586 veu des Romans, qui nous pro¬

514 1575 2175 1746 duiſoient des Monſtres, en pen¬

503 1730 2182 1898 ſant nous faire voir des miracles

520 1890 2187 2058 leurs Autheurs pour s'atacher

527 2048 2184 2214 trop au merueilleux, ont fait des

524 2204 2187 2376 Groteſques, qui tiennent beau¬

527 2352 2191 2530 coup des viſions de la fieure chau¬

536 2520 2190 2690 de; & l'on pourroit, auec plus de

532 2674 2191 2848 raiſon que n'en auoit le Duc de

539 2828 2194 2998 Ferrare, demander à ces Meſ¬

514 2992 2191 3166 ſieurs ce qu'il demanda à l’Ario¬

523 3140 2194 3326 ſte, apres auoir leu ſon Roland;

552 3306 2207 3446 Meſſer Lodoico, doue Diauolo
