2479 3508
616 239 1866 414 Liure premier. 41

353 390 1866 556 mon pere, vouloit encor qu'il

359 534 1861 702 paſſaſt ſa vie en vne priſon

357 684 1861 850 perpetuelle, & la perſonne

358 834 1863 998 qu’il auoit eſpouſée dans vne

350 986 1865 1146 autre, de peur que demeurant

352 1126 1854 1288 enſemble & ayãt des enfants,

352 1268 1856 1434 cela ne puſt vn iour cauſer des

349 1420 1856 1586 deſordres à l’Eſtat. Mon pere

345 1566 1857 1734 ſe voyant en vne fortune ſi pi¬

347 1714 1853 1880 toyable, n’entreprit point de

348 1862 1853 1986 toucher le coeur de Tachmas

342 2014 1855 2178 par prieres & par ſumiſſions;

338 2160 1858 2320 mais au contraire, il luy en¬

340 2310 1860 2474 uoya dire que ne meritant pas

344 2448 1850 2616 d'eſtre ſerui par vn homme de

345 2590 1852 2766 ſon courage, & de ſa valeur, il

341 2738 1857 2896 ſortoit de ſes Eſtats, auec in¬

343 2896 1853 3054 tention de n'y rentrer iamais,

343 3012 1907 3210 que pour y porter la guerre.
