2479 3508
779 69 1548 176 EPISTRE.

351 186 2014 398 ma plus haute felicité. Mais

361 372 2012 578 c'eſt que ie ne veux pas le

358 544 2007 764 faire pecher par exemple;

358 730 2021 938 & que ie ſçay que les teme¬

351 906 2020 1121 ritez, ne ſont pas touſiours

353 1088 2020 1293 heureuſes. Il eſt vray que

352 1268 2027 1477 i'eſpere mieux de ſa fortu¬

362 1450 2017 1654 ne & de la mienne, quand

359 1628 2020 1837 ie me ſouuiens que voſtre

357 1810 2017 1991 Hoſtel, à touſiours eſté

366 1991 2017 2200 ouuert aux Muſes; que la

364 2173 2019 2383 Minerue ſçauante y a re¬

357 2353 2016 2559 gné, auſsi bien que la guer¬

355 2539 2012 2741 riere; & que parmi les

362 2707 2011 2919 Triomphes des Armes, la

361 2887 2008 3057 Gloire des Lettres n'en à

353 3069 2014 3277 pas eſté bannie, feu Mon¬
