2479 3508
668 229 1887 399 Liure premier. 39

365 381 1896 547 auoit creu que Tachmas l’en¬

366 535 1895 695 freindroit pour l’amour de

373 677 1891 843 luy: & que s’il ne le vouloit

367 827 1888 991 pas, ce manquement d’affe¬

370 977 1895 1123 ction, ſeroit vne raiſon aſſez

367 1125 1896 1283 forte, pour l’obliger à faire re¬

368 1269 1896 1389 uolter la Prouince où il com¬

364 1419 1897 1569 mandoit, & dont il croyoit

369 1567 1888 1685 eſtre abſolument le Maiſtre.

370 1715 1899 1867 La choſe n’alla pourtant pas

373 1865 1899 2015 ainſi; car les ennemis que

371 2007 1896 2163 mon pere s’eſtoit faits par ſes

372 2155 1899 2293 violences, trouuant vne ſi

373 2301 1900 2450 belle occaſion de luy nuire,

376 2449 1902 2605 repreſenterent au Sophi, que

378 2583 1897 2751 s’il luy pardonnoit cette fau¬

381 2741 1904 2879 te, ce ſeroit l’authoriſer à l’ad¬

382 2889 1905 3053 uenir; & que ce ſeroit meſme

385 3037 1897 3195 renuerſer tout cét Empire,

1279 3199 1614 3328 C iiij
