2479 3508
527 243 1759 399 38 L'Illuſtre Baſſa

543 401 2037 553 choſes, eſtant deuenu eſper¬

543 555 2043 663 duëment amoureux d'vne fille

543 695 2037 847 d’excellente beauté, de gran¬

547 843 2043 987 de vertu, & de beaucoup d’eſ¬

545 989 2041 1141 prit, il l’eſpouſa quoy qu'elle

545 1137 2041 1247 fuſt de baſſe condition: &

547 1281 2043 1411 comme les loix de l’Eſtat, ne

545 1429 2051 1575 permettent pas à vn Gentil¬

545 1573 2047 1719 homme, d’eſpouſer vne fem¬

553 1721 2045 1871 me qui ne ſoit pas noble, elles

551 1867 2049 2015 veulent encor que les grands

553 2011 2055 2163 qui font de ſemblables fau¬

555 2157 2051 2313 tes, perdent les honneurs &

555 2301 2051 2451 les charges qu’ils poſſedent;

561 2453 2057 2601 & qu’ils ſoient declarez igno¬

557 2595 2053 2745 bles, & incapables de toutes

557 2749 2059 2889 ſortes de dignitez. Mon pere

557 2891 2059 3041 n’auoit pas ignoré cette cou¬

567 3019 2055 3185 ſtume & cette loy, mais il
