2479 3508
715 242 1993 446 Liure premier. 3

410 387 1978 591 le premier rang: celuy de l'Em¬

414 537 1974 737 pereur le ſecond; & ceux d'Eſpa¬

408 684 1971 883 gne & de Pologne furent aſſis

407 825 1969 1027 apres eux: & apres eux, les Bailes

406 977 1967 1168 de Veniſe de Rhaguſe. Mais

409 1130 1966 1296 ceux des Princes Mahometans,

404 1274 1966 1429 comme eſtant de meſme crean¬

406 1417 1963 1614 ce que Soliman eurent la gau¬

395 1570 1963 1766 che, qui parmi les Turcs eſt tou¬

390 1713 1958 1912 ſiours la place d’honneur: celuy

393 1867 1960 2055 des Tartares y parut auec vne

393 2010 1958 2196 põpe barbare, & couuert d’vne

393 2156 1955 2309 coiffure & d’vne robe de Mar¬

389 2302 1953 2466 thres Zebelines, toute ſa ſuitte

387 2454 1952 2641 veſtuë de peaux d’Ours, de Re¬

387 2602 1948 2791 nards, de Loups, & de Tigres: &

379 2747 1947 2933 ceux de Maroc & de Fez s'y firẽt

374 2894 1943 3088 voir, auec toute la magnificen¬

376 3041 1937 3237 ce, & toute la galanterie, donc

1449 3230 1656 3360 A ij
