2479 3508
667 242 1857 408 Liure premier. 17

376 387 1849 554 d’argent mat, que quatre che¬

379 529 1854 658 uaux blancs traiſnoient, &

382 673 1853 836 qu’ils donnerent à ſa Hauteſ¬

381 821 1846 972 ſe. Tous les Meſtiers parurent

373 961 1847 1114 en ſuite, faiſant chacun quel¬

368 1107 1845 1262 que riche ouurage de ſa pro¬

365 1247 1844 1388 feſſion, mais auec vne dili¬

364 1393 1837 1546 gence ſi extraordinaire, qu’a¬

359 1531 1842 1688 uant que le tour de la place

353 1673 1841 1830 fuſt acheué, le preſent eſtoit

355 1815 1841 1934 en eſtat d’eſtre offert au

351 1951 1838 2110 grand Soliman. Il les receut

346 2099 1837 2232 tous fauorablement, & les

351 2241 1830 2368 donna tous à l’heure meſme à

347 2383 1835 2550 ſon cher Ibrahim, auquel il

348 2527 1829 2680 dit qu’ils eſtoient bien deubs,

347 2669 1822 2823 puiſque c’eſtoit de ſon coura¬

342 2811 1827 2978 ge & de ſa conduite, qu’il te¬

341 2955 1816 3079 noit Le la victoire à le triom¬

1442 3126 1514 3217 B
