2479 3508
866 68 1676 169 PREFACE.

374 201 2105 360 faire. En effet, ceux qui font ſi

377 360 2090 527 ſouuent deffaire des armées entie¬

399 505 2095 665 res par vn homme ſeul, ont oublié

402 669 2086 820 ce Prouerbe qui dit: NVL CONTRE

399 820 2091 976 DEUX, & ne ſcauent pas que l'an¬

400 979 2092 1146 tiquité nous aßeure, qu'Hercule

383 1125 2089 1295 y ſeroit trop foible. Il eſt hors de

398 1283 2092 1450 doute que pour repreſenter la ve¬

397 1433 2097 1587 ritable ardeur heroique, il faut

398 1590 2088 1748 luy faire executer quelque choſe

399 1745 2087 1890 d'extraordinaire, comme par vn

404 1895 2086 2057 tranſport de Heros: mais il ne

375 2047 2083 2211 faut pas continuer de cette force,

386 2211 2098 2365 parce qu'autrement ces actions in¬

393 2362 2087 2510 croyables, degenerent en contes

402 2510 2096 2663 ridicules, & ne touchent point

401 2666 2089 2828 l'eſtprit. Cette faute en fait encor

398 2850 2096 2937 commettre vne autre: car ceux

399 2976 2097 3133 qui ne font qu'entaßer auantures

370 3130 2097 3285 ſur auantures, ſans ornemens,
