2479 3508
741 246 1906 405 44 L'Illuſtre Baſſa

739 394 2111 541 fort loing du terme ou ie de¬

736 532 2111 689 uois voir la lumiere, lors que

738 672 2112 815 les viures manquerent entie¬

735 806 2114 927 rement à Arſalon. Et comme

733 940 2113 1085 il auoit employé tout ſon ar¬

734 1078 2113 1227 gent, à l’achapt de ſon vaiſ¬

738 1226 2112 1335 ſeau, & aux munitions de

731 1356 2114 1505 guerre & de bouche qu’il y

730 1492 2115 1637 auoit miſes, il ne pouuoit ſon¬

732 1628 2110 1775 ger à aborder en nulle part

729 1774 2116 1909 pour en auoir. En vne aduan¬

739 1906 2113 2037 ture ſi facheuſe, les ſoldats &

730 2042 2113 2151 les Matelots conſulterent en¬

734 2178 2116 2325 ſemble, & ayant gagné le Pi¬

729 2316 2114 2465 lote, ils firent que malgré les

727 2462 2115 2601 commandements que mon

724 2592 2113 2733 pere luy faiſoit, il ne laiſſoit

724 2732 2118 2874 pas de prendre la route d'vne

727 2868 2114 3015 Iſle qu'ils deſcouuroient. La
