2479 3508
630 215 1916 389 Liure premier. 11

354 363 1914 535 loit le cheual du corps, ou le che¬

356 511 1912 669 ual de bataille, auoit le mords

362 659 1914 791 de bride & les eſtrieux d’or maſ¬

355 805 1911 975 ſif, tous couuerts de pierreries, la

353 953 1907 1123 ſelle toute blanche de perles, &

354 1099 1907 1229 toute brillante de diamants; la

353 1243 1909 1417 Rondache du Sultan penduë à

349 1391 1903 1555 larçon, auec des cordons d’or,

343 1539 1913 1713 au bout deſquels traiſnoient à

347 1685 1913 1859 terre, de groſſes houpes de perles

353 1835 1913 1967 Orientales. En ſuite de ces ches¬

342 1981 1912 2153 uaux marchoient en vn rang, le

340 2123 1912 2299 Tubenter Aga, & le Chiodar

342 2273 1912 2443 Aga, qui portoient le Turban

350 2413 1914 2587 & le Manteau Imperial. Derriere

348 2563 1912 2739 eux Ibrahim Balſſa grand Viſir,

344 2707 1914 2843 marchoit ſeul monté ſur vn Bar¬

348 2847 1914 2997 be noir, dont le harnois eſtoit

350 2997 1910 3163 de velours de meſme couleur,
