2479 3508
740 189 1943 364 Liure premier. 7

371 353 1948 477 de meſme aux mains & aux

369 489 1952 667 pieds, portoient le Throſne d'or

374 637 1952 797 maſſif, de Tachmas Sophi de

382 785 1953 957 Perſe, que l’on auoit trouué dans

383 929 1953 1087 Tauris, & tous les riches vaſes

387 1081 1956 1249 d’Agathe & de Turquoiſe, dont

388 1231 1958 1397 ce Monarque ſe ſeruoit. Douze

390 1375 1955 1539 Elephants eſtoient menez apres

389 1519 1952 1663 cela, & deux cents Chameaux

393 1663 1956 1831 chargez de l’or, de l’argent, &

392 1815 1962 1981 des pierreries, que l'on auoit pri¬

398 1961 1965 2121 ſes dans le Threſor du Sophi. Vn

395 2109 1967 2273 grand Char tiré par douze Bar¬

401 2249 1974 2417 bes iſabelle ſuiuoit apres, où

404 2399 1980 2563 pendoient cent Drapeaux deſ¬

406 2541 1981 2709 ployez que les Turcs auoient gai¬

407 2691 1986 2847 gnez ſur les Perſes, au milieu

417 2835 1984 3003 deſquels s’eſleuoit vn ſuperbe

416 2985 1984 3157 Trophée, compoſé de cuiraſſes

1433 3142 1726 3280 A iiij
