2479 3508
794 114 1623 226 PREFACE.

386 235 2085 426 que, mes principaux perſõnages

383 411 2078 579 marquez, dans l'hiſtoire verita¬

379 559 2080 746 ble comme perſonnes illuſtres, &

374 721 2074 896 les guerres effectiues. c'eſt ſans

375 877 2076 1055 doute par cette voye, que l’on

364 1035 2077 1208 peut arriuer à ſa fin: Car lors que

368 1196 2083 1364 le menſonge & la verité, ſont

367 1351 2075 1524 confondus par vne main adroite,

361 1494 2083 1687 l’eſprit à peine à les demesler, &

359 1667 2067 1842 ne ſe porte pas aiſement, a de¬

329 1826 2066 2000 ſtruire ce qui luy plaiſt. Au con¬

358 1980 2062 2156 traire, quand l’inuention ne ſe

332 2133 2061 2309 ſert point de cet artifice, que le

355 2298 2061 2468 menſonge ſe produit à découuert;

355 2453 2068 2625 cette fauceté großiere ne fait au¬

350 2612 2048 2787 cune impreßion en l’ame, & ne

349 2765 2051 2937 donne aucun plaiſir. En effect,

352 2923 2058 3102 commẽt ſeray-je touché des infor¬

350 3081 2049 3243 tunes de la Reine de Guindaye,

353 3243 2053 3424 & du Roy d'Aſtrobacie; puis que
