2479 3508
833 77 1709 199 PREFACE.

377 219 2124 405 que toutes les parties de mon Ou¬

382 381 2122 557 urage, tendent a cette concluſion;

384 541 2119 723 qu'il y ait vne forte liaiſon entre-

375 697 2107 881 elles; & qu'excepté les obſtacles

381 855 2130 1043 que la fortune oppoſe aux deſirs de

386 1021 2124 1191 mon Heros, toutes choſes aduan¬

390 1181 2133 1331 cent, ou du moins tachent d'ad¬

395 1343 2131 1519 uancer ſon mariage, qui eſt la fin

391 1505 2128 1673 de mon trauail. Or ces grands

398 1663 2136 1843 Genies de l'Antiquité, dont i'em¬

378 1823 2135 2001 prunte les lumieres; Scachant que

401 1983 2139 2161 l'ordonnance eſtoit vne des prin¬

399 2145 2142 2327 cipales parties d'vn Tableau, en

400 2303 2142 2479 ont dõné vne ſi belle à leurs pein¬

406 2467 2145 2643 tures parlantes, qu'il y auroit

401 2623 2147 2809 autant de ſtupidité que d’orgueil,

409 2781 2144 2967 à ne les vouloir pas imiter. Ils

408 2953 2152 3119 n'ont pas fait comme ces Peintres,

408 3101 2153 3287 qui font voir en vne méme toile,

419 3261 2149 3445 vn Prince dans le berceau, ſur le
