2479 3508
672 222 1841 382 40 L'Illuſtre Baſſa

671 368 2070 522 dont la gloire & la force con¬

666 509 2067 660 ſiſte principalement, en la va¬

664 645 2064 794 leur des perſonnes nobles

665 781 2066 930 dont elle eſt remplie. Enfin

662 919 2055 1068 ils agirent d’vne telle ſorte,

659 1055 2062 1206 que mon pere fut declaré cri¬

656 1189 2067 1324 minel, comme contreuenant

657 1325 2068 1442 aux loix fondamentales de

653 1465 2066 1596 l'Eſtat; & contraint de ſubir

652 1601 2065 1756 les chaſtimens que ie viens de

651 1739 2058 1874 dire: à cauſe que la Prouince

646 1875 2065 1990 où il commandoit ſi abſolu¬

644 2017 2066 2166 ment quand il eſtoit en grace,

645 2151 2062 2300 ſe reuolta contre luy, & ne luy

644 2287 2057 2440 laiſſa qu’à peine, la liberté de

643 2423 2062 2538 chercher vn azile ailleurs. Car

638 2559 2059 2676 i’oubliois de dire à ta Hauteſ¬

641 2699 2056 2852 ſe, que cette meſme loy qui

637 2837 2055 2992 vouloit la ruine entiere de
