2479 3508
570 241 1824 404 Liure premier. 43

305 394 1820 550 pourtant genereux. Il ne vou¬

310 540 1817 696 lait pas auſſi aller chez les

310 692 1824 840 Princes alliez de noſtre Empi¬

311 840 1822 988 re, de crainte de n’y eſtre pas

309 986 1825 1140 receu fauorablement. Cepen¬

310 1136 1827 1282 dant ces irreſolutions n’ayant

311 1282 1832 1432 point de fin, les munitions du

311 1428 1829 1580 vaiſſeau d’iminuoient chaque

308 1576 1833 1722 iour: Le Pilote auoit beau luy

312 1722 1836 1876 demander où il vouloit pren¬

315 1872 1829 2026 dre terre? Il ne trouuoit point

314 2014 1841 2130 de lieu en toute la Carte vni¬

312 2160 1832 2280 uerſelle où il vouluſt aborder.

321 2312 1842 2462 Six mois ſe paſſerent de cette

323 2448 1841 2592 ſorte, à courir toutes les Mers

324 2604 1840 2720 du Leuant: & comme ma

323 2758 1848 2911 mere s’eſtoit trouuée grosse

329 2898 1843 3057 de moy lors qu’elle s’eſtoit

330 3042 1843 3207 embarquée; Elle n’eſtoit pas
