2479 3508
763 247 1928 424 Liure premier. 19

467 389 1931 528 tous. Elle eſtoit ſuiuie de deux

465 525 1931 668 cents Eſclaues du Baſſa de la

461 671 1926 822 Mer, la moitié armez à la Tur¬

452 815 1921 994 que, & la moitié à la Perſien¬

448 965 1916 1118 ne, auec des Cimeterres & des

442 1105 1911 1274 Boucliers d’argent, qui au ſon

448 1247 1920 1416 de cinquante Haubois dan¬

443 1385 1907 1562 çoient ce que les Grecs nom¬

434 1532 1910 1700 moient dance Pirrhique, &

433 1670 1908 1842 ce que l'on peut nommer vne

432 1817 1905 1984 dance armée. Les coups y eſ¬

430 1962 1900 2092 toient donnez & receus en

425 2096 1895 2266 cadence, le changement des

420 2236 1892 2406 figures y repreſentoit les ad¬

413 2378 1886 2557 uantages & la fuite qui ſuit

417 2518 1883 2669 les combats; & le bruit des

416 2660 1876 2827 Boucliers & des Cimeterres,

412 2796 1875 2983 marquoit la meſure des pas,

406 2952 1874 3125 auec autant de iuſteſſe que les

1435 3123 1635 3253 B ij
