2479 3508
896 159 1667 270 EPISTRE

420 293 2136 460 vous diuertir, ie ne tombe

412 477 2138 678 au malheur de vous deſplai¬

414 663 2138 866 re: ie vous fais vn pre¬

417 853 2133 1052 ſent ſi peu digne de vo¬

419 1037 2125 1214 ſtre GRANDEVR,

413 1223 2129 1432 que ma hardieſſe me don¬

413 1409 2127 1574 ne de la confuſion: & i’a¬

416 1597 2120 1800 uoüe que ie ne fus iamais

410 1789 2124 1988 liberal, auec tant de repu¬

404 1973 2122 2172 gnance. Mais ſi vous ne re¬

407 2163 2125 2360 ceuiez, que les ſeules cho¬

401 2353 2119 2550 ſes qui ſe trouueroient pro¬

401 2536 2103 2726 portionnées à voſtre meri¬

401 2719 2115 2892 te, toute la terre ne vous

402 2901 2120 3108 ſçauroit faire que des of¬

390 3089 2116 3262 fres inutiles, & vous n'ac¬

384 3285 2120 3487 cepteriez iamais rien. Ie
