2479 3508
639 221 1842 385 30 L’Illuſtre Baſſa

642 379 2125 519 Vn diſcours ſi violent, & ſi eſ¬

639 525 2118 683 loigné des ſentimens d’vn

634 671 2121 827 pere, fit que Soliman voulut

638 815 2118 971 s’eſclaircir de ce que c’eſtoit;

629 960 2116 1115 ne voulant pas qu’au iour de

632 1107 2117 1261 ſa gloire ſon peuple puſt dire,

631 1247 2114 1405 qu’il euſt reffuſé d’ouïr les

624 1392 2113 1549 pleintes des oppreſſez. Il vou¬

620 1522 2114 1661 lut toutesfois en demander

625 1688 2107 1843 aduis au grand Viſir Ibrahim,

622 1832 2105 1989 qui n’ayant pour but que la

617 1976 2106 2131 gloire de ſon Maiſtre, Luy dit,

622 2122 2109 2279 qu’en vn temps ou le Ciel luy

617 2268 2106 2415 auoit rendu iuſtice, en luy fai¬

614 2412 2105 2569 ſant remporter la victoire ſur

614 2560 2106 2715 ſes ennemis, il ſeroit en quel¬

615 2704 2100 2861 que façon iniuſte, de la reffu¬

614 2848 2097 3007 ſer à ceux qui la luy deman¬

619 3000 2094 3153 doient. Le premier ſentiment
