2479 3508
629 230 1821 381 10 L'Illustre Baſſa

626 377 2077 537 main, au bout de laquelle il y

622 513 2079 671 auoit vne plume d’Aigle, qui

631 649 2082 769 tenoit lieu de banderole. Cette

640 789 2081 937 biſarre trouppe eſtoit ſuiuie,

639 929 2086 1075 d’vn meſlange de Trompettes,

642 1059 2089 1195 d’Atabales, de Hautsbois, de

641 1197 2090 1343 Tambours à l’Europeane, de

634 1335 2095 1483 Cimbales, & de Fiffres, qui com¬

639 1473 2098 1621 poſoient vne muſique, qui n’e¬

644 1613 2099 1761 ſtoit gueres moins extrauagan¬

647 1747 2094 1897 te, que l’équipage de ceux qui

646 1879 2097 2029 les deuançoient. Cent Pages à

653 2019 2094 2163 cheual ſuiuoient ceux-cy, mon¬

656 2155 2101 2285 tez ſur des Barbes blancs, & ve¬

657 2289 2101 2407 ſtus de velours blanc chamarré

660 2433 2103 2583 d’argẽt: derriere ces Pages vingt

655 2567 2098 2717 Azapes menoient en main dix

662 2697 2104 2838 cheuaux enharnachez à la Roya¬

662 2829 2103 2992 le, dõt le dernier que l'on appel¬
