2479 3508
666 202 1889 371 Liure premier. 13

339 356 1886 512 ſes d’heron, & d’autant d’enſei¬

338 500 1886 684 gnes de pierreries: & le harnois

342 652 1887 790 de ſon cheual, tout couuert d’é¬

341 796 1884 950 meraudes, & de rubis. Il eſtoit

338 948 1881 1088 ſuiui de tous les Baſſas, & de

336 1088 1877 1262 tous les Beglierbeis de l’Empire,

337 1234 1888 1406 apres leſquels vn Boluch Baſſi,

338 1384 1887 1512 marchoit à la teſte de deux mille

338 1528 1889 1698 Ianiſſaires, qui eſtoient les der¬

331 1676 1892 1844 nieres trouppes, de cette ſuperbe

338 1822 1890 1990 entrée. Apres que ce merueilleux

340 1972 1889 2136 triomphe eut fait le tour de la

333 2114 1904 2282 place de l’Hipodrome, tout ſe

340 2262 1893 2426 rengea à droit & à gauche, & le

339 2408 1891 2570 Sultan fut mettre pied à terre,

345 2556 1892 2714 dans vne Tente de drap d’orfri¬

340 2700 1891 2862 ſé, que l'on auoit dreſſée ſous les

341 2838 1880 2970 feneſtres de la Sultane Reine.

353 2988 1890 3116 tous les Grãds de la Porte reſte¬
