2479 3508
476 256 1771 440 4 L'Illuſtre Baſſa

471 410 2032 597 les Maures font profeſſiõ. Auſſi.

480 554 2027 741 tort que chacun eut pris ſa place,

477 698 2031 844 le Gouuemeur de Conſtantino¬

474 842 2033 1028 ple que les Turcs appellẽt Capitã

482 992 2036 1176 Baſſa & qui eſt vn des quatre

472 1130 2037 1318 premiers Officiers de l’Empire,

486 1277 2042 1445 ſortit de la ville, & fut au Serrail

492 1421 2041 1607 Daüt, maiſon de plaiſir du Grãd

494 1564 2045 1756 Seigneur, qui n'en eſt éloignée

496 1709 2047 1900 que de deux mille, pour aduertir

502 1863 2049 2045 ſa Hauteſſe,qui s'y eſtoit renduë

499 2003 2049 2190 le ſoir auparauant, que toutes

502 2144 2052 2293 choſes eſtoient en eſtat de la re¬

505 2289 2056 2436 ceuoir. A l’heure meſme Soli¬

504 2437 2059 2620 man fut à cheual; & ce grand

501 2581 2062 2769 Prince apres vne conqueſte ſi

504 2725 2063 2912 glorieuſe, fut reuoir le ſurperbe

512 2876 2065 3062 ſiege de ſon Empire. Cinquante

516 3022 2069 3212 Trompettes, & cinquante Ata¬
