2479 3508
811 89 1655 204 PREFACE.

409 208 2108 411 dãt que ie parle de la bien-ſcean¬

403 366 2107 569 ce, il eſt a propos de vous dire (de

408 525 2105 721 peur qu'on ne m'accuſe d’ẽ man¬

402 684 2105 879 quer) que ſi vous voyez par tout

415 835 2098 1027 mon Ouurage, quand on parle à

402 991 2093 1170 Soliman; ta Hauteſſe, ta Ma¬

398 1144 2097 1343 ieſté; & qu'enfin on le traitte de

398 1305 2107 1499 Toy, & non pas de Vous: ce n'eſt

383 1462 2092 1649 pas à faute de reſpect, mais au

381 1614 2083 1810 contraire, c'eſt pour en auoir da¬

384 1772 2089 1965 vantage: & pour marquer la

382 1926 2065 2120 couſtume de ces peuples, qui par¬

377 2080 2090 2273 lent ainſi à leurs Souverains. que

350 2236 2087 2423 ſi l'authorité des viuans,

362 2394 2087 2587 peut auoir autant de force que

373 2548 2083 2713 celle des morts, vous en trouve¬

375 2702 2082 2901 rez des exemples, dans nos plus

334 2859 2080 3045 fameux Romans: & vous ver¬

362 3018 2081 3207 rez que leurs Autheurs, n’ont

338 3174 2071 3371 pas craint d’employer dans la
