2479 3508
826 143 1660 252 PREFACE.

352 278 2059 459 que d'auoir bien fait ſans y ſon¬

334 438 2082 613 ger. Il n'eſt rien que la temerité

353 594 2066 768 n'oſe entreprendre & dont la for¬

354 748 2070 927 tune ne puiſſe venir à bout: mais

356 910 2076 1089 quand on ſe fie en ces deux gui¬

358 1066 2084 1240 des, ſi l’on ne s’égare, on peut s'eſ¬

344 1226 2087 1403 garer; Et de cette ſorte, quand

364 1385 2080 1554 meſme les euenemens ſont heu¬

365 1547 2082 1710 reux, l’on n'en merite point de

350 1704 2086 1873 gloire. Chaque art a ſes regles cer¬

374 1861 2091 2031 taines, qui par des moyens in¬

356 2014 2089 2191 faillibles y meinent à la fin que

373 2176 2097 2347 l'on ſe propoſe: & pourueu qu'vn

377 2326 2096 2504 Architecte prenne bien ſes alli¬

388 2486 2103 2661 gnemens, il eſt aſſeuré de la beau¬

388 2646 2103 2814 té de ſon baſtiment. Ne croyez pas

392 2802 2111 2976 Lecteur, que ie veuille conclure de

389 2966 2117 3134 là, que mon ouurage ſoit accom¬

381 3113 2123 3297 ply, parce que i'ay ſuiuy les reigles

397 3280 2116 3453 qui le pouuoient rendre tel: ie
