2479 3508
604 221 1850 394 32 L’Illuſtre Baſſa

617 377 2110 560 luy demander permiſſion d’y

618 525 2107 692 reſpondre; mais luy ayant fait

611 669 2111 840 ſigne qu’il le ſouhaitoit, elle

608 815 2105 964 ſe tourna vers Soliman, auec

608 967 2105 1100 vne contenance modeſte &

605 1107 2103 1282 aſſurée tout enſemble, qui

607 1249 2099 1420 commença deſia de luy obte¬

600 1397 2101 1528 nir l’attention & la bien-veil¬

599 1541 2101 1714 lance, de tous ceux qui la pou¬

596 1689 2095 1822 uoient entendre. Alibech

601 1835 2093 2006 (c’eſt ainſi que s'appeloit cet¬

591 1973 2093 2134 te femme) eſtoit ieune & bel¬

591 2123 2089 2298 le, & l’on euſt pu dire que ſa

587 2269 2089 2442 beauté euſt eſté ſans compa¬

587 2407 2083 2584 raiſon, ſi elle n'euſt pas eu le

585 2563 2075 2732 teint vn peu hallé du Soleil.

580 2705 2079 2840 Elle auoit la mine haute ſans

579 2855 2079 3032 eſtre ſuperbe, & vne ingenui¬

583 2997 2083 3184 té ſur le viſage, qui ne permet¬

1907 3185 2075 3282 toit
