2479 3508
658 195 1890 362 Liure premier. 23

396 355 1891 507 Elle repreſentoit certains

399 497 1891 655 Chreſtiens, qui viuants ſous

387 647 1880 803 l’Empire du Sophi, auoient

386 791 1893 949 creu eſtre obligez de deffen¬

385 937 1891 1099 dre ce Prince, quoy qu’il ne

381 1087 1894 1243 fuſt pas de leur Religion: & en

388 1235 1888 1387 effet auoient combatu ſi ge¬

384 1377 1891 1537 nereuſement pour luy, qu’ils

381 1525 1896 1682 auoient eſté les premiers à la

374 1675 1892 1830 guerre, & toutesfois les der¬

374 1821 1893 1936 niers vaincus. Cette feinte

377 1971 1897 2120 troupe auoit ordre du Baſſa de

379 2115 1894 2272 la Mer, de reſiſter quelque

382 2259 1901 2418 temps à celle des Turcs, qui

379 2405 1905 2524 ſortit à l’heure meſme de la

383 2553 1904 2688 ville, & de ſe laiſſer vaincre

390 2699 1901 2859 en ſuite. Et ceux qui eſtoient

382 2843 1901 3010 habillez à la Turque, auoient

395 2995 1906 3113 commandement de les en¬

1356 3152 1658 3292 B iiij
