2479 3508
581 228 1818 395 12 L'Illuſtre Baſſa

580 377 2107 547 auſſi bien que l'habillement de

579 523 2108 667 cét Illuſtre Baſſa, le tout en bro¬

578 667 2109 835 derie de groſſes perles: il portoit

577 813 2108 937 à la main & ſans fourreau le Ci¬

574 953 2105 1115 metterre Imperial. Les cent

573 1101 2108 1263 Peiks ou laquais du Grand Sei¬

572 1245 2107 1409 gneur marchoient en ſuitte ſans

577 1388 2104 1549 tenir de rang, auec leurs bonnets

574 1530 2103 1695 d'argent maſſif ſur la teſte: du

568 1679 2107 1843 milieu deſquels ſortoit d‘vn tuy¬

569 1828 2100 1983 au couuert de pierreries, des Ai¬

566 1974 2101 2129 grettes d’vne grandeur extraor¬

567 2114 2098 2275 dinaire. Cinquãte Archers à pied

568 2258 2097 2401 les ſuiuoient, auec l’arc & la fle¬

565 2400 2096 2559 che à la main, au milieu deſquels

568 2546 2099 2689 eſtoit Sultan Soliman, veſtu d’v¬

561 2692 2092 2849 ne robe de drap d’or en brode¬

562 2836 2091 2995 rie de perles & de diamants, ſon

559 2974 2092 3139 Turban eſtoit orné de cinq maſ¬
