2479 3508
593 588 2077 835 PREFACE.

980 1022 2180 1188 E ne ſçay quelle eſpece

969 1182 2175 1337 de loüange, les anciens

973 1342 2177 1502 croyoient donner à ce

960 1504 2174 1655 Peintre, qui ne pouuãt

464 1654 2171 1814 finir ſon ouurage, l'acheua fortui¬

463 1816 2175 1974 temẽt en iettant ſon eſponge cõtre

458 1964 2172 2127 sõ Tableau: mais ie ſcay biẽ qu'elle

460 2128 2168 2292 ne m’auroit pas obligé; Et que ie

455 2282 2169 2451 l'aurois pluſtoſt priſe, pour vne

459 2444 2168 2600 Satire que pour vn Eloge. Les

460 2602 2152 2758 operations de l'eſprit ſont trop im¬

442 2754 2161 2917 portantes, pour en laiſſer la con¬

453 2910 2161 3064 duite au haſard: & i'aimerois

432 3072 2168 3232 preſque mieux que l’õ m'accuſaſt

452 3220 2153 3388 d'auoir failly par connoiſſance,

1715 3393 1897 3482 ẽ iij
