2479 3508
870 105 1684 218 PREFACE.

428 243 2146 418 mens: & que quelques vns l’ont

442 393 2130 566 nomée le Theatre de l'inconſtan¬

442 559 2123 710 ce. Mais comme tout excez eſt vi¬

443 705 2191 883 cieux, ie ne m'ẽ ſuis ſerui que mo¬

435 859 2137 1036 derement, pour conſeruer le vrai¬

419 1013 2135 1186 ſemblable. Or le meſme deſſain a

423 1171 2143 1346 fait außi, que mõ Heros n'eſt point

441 1321 2137 1502 accablé, de cette prodigieuſe quã-

433 1473 2137 1650 tité d'accidens, qui arriuent à

434 1629 2142 1808 quelques autres: dautant que ſe¬

436 1785 2144 1961 lon mon ſens, cela s'esloigne de la

436 1937 2166 2099 vrai-ſemblance: la vie d'aucun

436 2087 2156 2275 homme n'ayant iamais eſté tra¬

442 2245 2154 2413 uerſee. il vaut mieux à mon ad¬

454 2395 2152 2573 uis, ſeparer les aduantures; en

450 2549 2154 2727 former diuerſes hiſtoires; & faire

452 2707 2152 2885 agir pluſieurs perſonnes; afin de

448 2861 2151 3029 paroiſtre fecond & iudicieux

449 3015 2157 3189 tout enſemble d'eſtre touſiours

443 3159 2161 3351 dans cette vrai-ſemblance ſi neceſ¬

1782 3356 1819 3446 ĩ
