2479 3508
910 92 1733 198 PREFACE.

449 220 2136 395 nommé. Ils font les tempeſtes &

441 372 2138 551 les nauffrages quãd il leur plaiſt;

442 530 2138 705 ils en exciteroyẽt ſur la mer paci¬

420 688 2143 863 fique, & trouueroyẽt des eſcueils

453 838 2138 1003 & des rochers, en des lieux où les

443 984 2146 1169 Pilottes les plus experts, n'en

458 1148 2146 1321 ont iamais remarqué. Mais ceux

460 1308 2149 1483 qui diſpoſent ainſi des vens, ne

409 1462 2151 1649 ſcauent pas que le Prophete nous

467 1618 2154 1791 aſſeure, que Dieu les tient dans

432 1770 2154 1949 ſes Threſors: & que la Philoſo¬

448 1928 2155 2109 phie, toute clair voyante qu'elle

465 2086 2157 2261 est, n'a pu deſcouurir leur re¬

473 2246 2158 2413 traitte. Ce n'eſt pas que ie pre¬

476 2394 2158 2563 tende bannir, les naufrages des

482 2550 2161 2724 Romans: ise les approuue aux

486 2706 2161 2878 Ouurages des autres, & ie m'en

453 2862 2165 3039 ſers dans le mien: ie ſcay meſme

483 3016 2160 3192 que la Mer eſt la Scene la plus

466 3172 2168 3351 propre à faire de grands change¬

1966 3356 2166 3424 mens
