2479 3508
703 256 1938 428 Liure premier. 37

416 405 1937 540 commandé encor vne fois, de

424 553 1931 720 luy aprendre leurs differents,

421 699 1924 824 elle continua ſon diſcours.

409 847 1928 1014 Puis qu’il faut (dit-elle) que

410 999 1933 1160 i’obeiſſe, & que ie ne puis con¬

414 1143 1927 1298 ſeruer vn mary, ſans deſcou¬

409 1289 1930 1414 urir les malheurs de mon

403 1437 1929 1602 pere, il faut diſ-ie que i’apren¬

402 1585 1929 1748 ne à ta Hauteſſe, que ſon nom

402 1729 1926 1894 eſt Arſalon, qu’il eſt né ſuiet

399 1877 1920 2040 du Sophi de Perſe, & que dans

399 2023 1899 2188 le temps qu’il eſtoit à ſa Cour,

396 2169 1917 2336 il eſtoit Satrape d’Aderbion,

399 2314 1932 2480 & ſi conſiderable aupres de

399 2461 1924 2626 Tachmas, qu'il n'y auoit per¬

408 2609 1929 2774 ſonne en cet Empire, qui le

400 2753 1929 2924 fuſt dauantage que luy. Mais

403 2901 1936 3026 comme ſon humeur à touſ¬

393 3053 1930 3198 jours eſté violente en toutes

1406 3209 1667 3351 C iij
