2479 3508
583 238 1800 407 Liure premier. 29

288 402 1808 528 veuilles nous en rendre vne de

296 539 1804 670 ta Iuſtice. Le Baſſa de la Mer

305 688 1805 849 ſçachant bien qu’il eſtoit le

294 835 1813 1004 plus intereſſé en la choſe dont

296 988 1812 1149 ils agiſſoit, s'aprocha du grãd

296 1125 1816 1293 Seigneur pour le ſupplier auec

296 1281 1813 1416 aſſez de vehemence, de n’eſ¬

297 1429 1812 1586 couter pas les pleintes d’vn

297 1576 1817 1733 homme, qui auoit eu la har¬

302 1731 1816 1874 dieſſe de venir interrompre

298 1872 1814 2023 ſon triomphe: que pour luy,

302 2015 1821 2172 encor qu'il fuſt ſon fils, il ne

299 2169 1823 2317 luy demandoit point de grace

303 2313 1813 2460 de cette faute, & qu’au con¬

302 2455 1826 2607 traire il ſeroit obligé à ſa Hau¬

309 2603 1824 2752 teſſe, ſi elle vouloit luy donner

307 2752 1827 2906 vn chaſtiment qui le puniſt de

309 2902 1825 3035 ce crime, & de tous les autres

315 3047 1816 3199 dont il eſtoit deſia coupable.
