2479 3508
749 51 1683 153 EPISTRE.

331 191 2117 377 lemẽt, qu’il oſe pretendre,

337 387 2125 525 à l’honneur de vous entre¬

333 577 2125 763 tenir. Il n'eſt pas iuſte qu'il

333 769 2131 953 vſe mal, des faueurs que

331 961 2117 1145 vous luy ferez ; & qu'il

335 1155 2131 1341 vous importune en vn lieu,

347 1351 2139 1487 ou toutes vos heures ſont

339 1539 2139 1731 precieuſes: außi n'eſt-il de¬

349 1733 2143 1923 ſtiné, qu’à vous faire paſſer

353 1925 2137 2111 auec moins d’ennuy, ces

353 2115 2147 2303 longues iournées de la

355 2313 2147 2505 campagne. Ce n'eſt pas que

357 2507 2149 2689 i’aye oublié, que vous auez

363 2699 2155 2855 eu la bonté, de m’eſcou¬

365 2893 2157 3083 ter plus d’vne fois à Paris:

369 3087 2159 3253 au contraire, i'en conſerue

371 3273 2161 3441 le ſouuenir, comme eſtant
