2479 3508
951 48 1763 156 PREFACE.

433 184 2178 363 ſçay qu'il eſt de ce trauail, comme

454 340 2179 517 des ſciences mathematiques, où

449 507 2184 673 l'operation peut manquer, quoy

458 661 2185 833 que l’art ne manque iamais. außi

455 819 2191 985 ne fay-je ce diſcours, que pour

457 971 2188 1143 vous montrer que ſi i'ay laißé des

434 1137 2187 1303 fautes en mon liure, elles ſont vn

463 1288 2180 1459 effect de ma foibleſſe, & non pas

460 1450 2181 1617 de ma negligence. Souffrez donc

463 1606 2186 1775 que ie vous deſcouure tous les

456 1762 2186 1929 reſſorts de cette machine; & que

454 1926 2187 2083 ie vous face voir, ſinon tout ce

463 2081 2192 2247 que i'ay fait, au moins tout ce que

460 2240 1423 2397 i’ay taché de faire.

605 2398 2188 2562 Comme nous ne pouuons eſtre

436 2542 2183 2719 ſçauans, que de ce que les autres

465 2712 2181 2877 nous enſeignent; Et que c'eſt à ce¬

467 2854 2184 3033 luy qui vient le dernier, a ſuiure

472 3026 2187 3199 ceux qui le deuancent: l’ay creu

475 3184 2186 3373 que pour dreßer le plan de cet ou¬

1608 3355 1847 3487 ẽ iiij
