2479 3508
530 283 1813 474 20 L'Illuſtre Baſſa

529 440 2045 582 inſtruments. Entre ces Eſcla¬

537 588 2049 758 ues, il y en eut vn dans la

540 736 2050 912 troupe Turque, qui par ſa

539 876 2053 1050 bonne mine & par ſon adreſ¬

542 1022 2054 1190 ſe, attira les yeux de toute l’aſ¬

539 1162 2059 1342 ſemblée ſur luy: mais le grand

544 1306 2060 1488 Viſir ne l'eut pas ſi toſt aper¬

543 1456 2060 1636 ceu, qu'il fremit d’eſtonne¬

544 1602 2063 1782 ment & de ioye, & qu'il ne

549 1750 2064 1926 douta point du tout, que ce ne

548 1890 2067 2070 fuit celuy qu’il penſoit con¬

553 2038 2068 2212 noiſtre. Cependant la machi¬

554 2184 2067 2360 ne & les deux troupes ayant

557 2330 2066 2504 fait le tour du camp, cette

562 2470 2071 2648 ville s'arreſta à l'oppoſite du

567 2614 2070 2796 grand Seigneur, & les Per¬

568 2760 2069 2938 ſiens ſe ietterent dans la pla¬

575 2906 2076 3084 ce. Lors au ſon de tout ce qu’il

574 3060 2085 3236 y auoit de Trompettes, d’Ata¬
