2479 3508
823 96 1656 206 PREFACE.

398 228 2116 406 Hieruſalem; & pour paſſer du

392 394 2122 562 Poëme au Roman, qui eſt mon

388 542 2116 732 principal obiet; dans l'Heliodo¬

404 700 2118 880 re, le mariage de Chariclée & de

402 858 2114 1038 Theagenes. ce n'eſt pas que les E¬

384 1016 2118 1198 piſodes en l’vn, & les diuerſes hi¬

366 1176 2110 1350 ſtoires en l'autre, n'y ſoient plu¬

372 1334 2112 1512 ſtoſt des beautez, que des deffaux:

396 1490 2114 1666 mais il eſt touſiours neceſſaire,

396 1646 2116 1828 que l'adreſſe de celuy qui les em¬

388 1802 2112 1984 ploye, les face tenir en quelque

370 1956 2118 2142 façon, à cette action principale;

392 2112 2122 2297 afin que par cét enchainemẽt inge¬

394 2284 2101 2458 nieux, toutes ces parties ne facẽt

400 2436 2123 2614 qu'vn corps; & que l’on n'y puiſ¬

384 2586 2114 2758 ſe rien voir, de dettaché ni d’inu¬

402 2740 2112 2922 tile. Ainſi le mariage de mon Iu¬

380 2898 2116 3084 ſtinian & de ſon Iſabelle, eſtant

402 3050 2120 3242 l'obiet que ie me ſuis proposé; i'ay

406 3208 2100 3400 employé tous mes ſoins, à faire
