2479 3508
815 156 1632 259 PREFACE.

392 287 2095 452 & ſans exciter les paßions, par

393 441 2102 610 les artifices de la Rethorique; ſont

394 601 2089 766 ennuyeux, en penſant eſtre plus

387 761 2090 920 diuertisſans. Cette narration ſe¬

386 911 2087 1076 che & ſans art, eſt plus d'vne

383 1067 2084 1236 vieille Chronique que d'vn Ro¬

386 1219 2083 1386 man: qui peut bien s'embellir de

381 1375 2078 1542 ces ornements, puis que l'Hiſtoire,

379 1529 2080 1692 toute ſeuere eſt toute ſcrupuleuſe

382 1683 2079 1848 qui elle eſt, ne laiſſe pas de les em¬

365 1839 2076 2002 ployer. Apres auoir deſcrit vne

374 1993 2075 2152 auanture, vn deſsain hardi, ou

377 2149 2074 2310 quelque euenement ſurprenant,

378 2301 2071 2468 capable de donner les plus beaux

357 2453 2076 2604 ſentimens du monde: certains

378 2611 2075 2770 Autheurs ſe ſont contentez de

375 2769 2066 2932 nous aſſeurer qu'vn tel Heros

364 2919 2059 3072 penſa de fort belles choſes ſans

371 3071 2071 3230 nous les dire; & c'est cela ſeule¬

374 3229 2071 3392 ment, que ie deſirois ſcauoir. Car

1599 3397 1740 3508 ĩ ij
