2479 3508
517 221 1777 381 8 L'illuſtre Baſſa

518 384 2052 539 & de Morions d’argent graué,

516 526 2047 647 de Rondaches d’or & de Tur¬

517 670 2055 821 quoiſes, de Cimeterres & de

517 804 2054 961 poignards dont les gardes & les

514 956 2055 1103 fourreaux eſtoient d’Agathes &

513 1092 2051 1229 de Cornalines, d’Arcs d'Ebene

509 1244 2050 1397 marquetez d’or, de quarquois

512 1380 2047 1539 d’or ſemez de perles, de piques,

503 1528 2047 1663 de dards, & de fleches de bois

497 1674 2046 1815 de Cedre & de Roſeau d’Inde,

498 1816 2044 1935 le tout meſlé auec vn deſordre ſi

496 1960 2047 2113 agreable & ſi plein d'art, & vue

495 2106 2042 2245 confuſion ſi riche & ſi belle,

494 2246 2044 2405 que rien n’approchoit de la ma¬

486 2392 2049 2547 gnificence de ce trophée. Trente

493 2540 2040 2691 Satrapes ſuperbement veſtus à

492 2680 2036 2823 la Perſienne, auec leurs Caſelbas

490 2826 2037 2979 ou Turbans rouges ſuiuoiẽt ce

495 2972 2031 3113 Char, attachez deux à deux auec
