2479 3508
572 169 1822 338 24 L'Illuſtre Baſſa

577 327 2070 471 chaiſner, & de traiſner leurs

571 481 2069 629 drapeaux par terre. Mais com¬

570 619 2069 779 me le combat fut commencé,

569 767 2070 923 ce genereux Eſclaue qui auoit

573 915 2073 1063 attiré les yeux de toute l'aſ¬

568 1057 2073 1211 ſemblée ſur luy, à la priſe de

574 1203 2070 1341 la feinte ville de Tauris, tom¬

573 1349 2074 1501 ba tout à coup d’vn ieu, dans

572 1495 2073 1647 vne penſée plus ſerieuſe; &

576 1641 2072 1793 eſtant emporté du zele de ſa

571 1785 2076 1941 Religion, il paſſa de la troupe

573 1933 2071 2087 Turque dans la Chreſtienne,

576 2079 2075 2231 & en changeant de parti, fit

571 2223 2074 2377 changer la face des choſes. Les

573 2369 2073 2525 Turcs qu'il auoit abandõnez,

570 2513 2073 2635 taſcherent bien de le vaincre

568 2661 2074 2817 auecques les autres, mais il les

569 2807 2072 2959 mena batant iuſques dans les

574 2957 2071 3113 porte de la ville; & quoy
