2479 3508
871 129 1717 239 PREFACE.

407 269 2141 435 obſeruer, en la compoſition de ces

411 427 2125 597 Ouurages, celle de la vrai-ſem¬

409 587 2141 753 blance, eſt ſans doute la plus ne¬

413 747 2141 907 ceſſaire. Elle eſt comme la pierre

385 907 2139 1069 fondamentale de ce baſtiment; &

413 1065 2137 1233 ce n'eſt que ſur elle qu'il ſubſi¬

391 1233 2135 1393 ſte. Sans elle rien ne peut tou¬

413 1391 2137 1553 cher; ſans elle rien ne ſcauroit

405 1547 2137 1709 plaire; Et ſi cette charmante trõ¬

401 1707 2139 1871 peuſe ne decoit l'eſprit dans les

421 1865 2139 2025 Romans, cette eſpece de lecture le

410 2025 2139 2187 deſgouſte, au lieu de le diuertir.

417 2187 2141 2351 I'ay donc eſſayé de ne m'en esloi¬

397 2343 2145 2509 gner iamais: i'ay obſerué pour

413 2505 2143 2669 cela, les mœurs, les couſtumes, les

413 2665 2149 2825 loix, les religions, & les inclina¬

423 2827 2153 2987 tions des peuples: & pour donner

409 2983 2155 3151 plus de vray-ſemblance aux cho¬

391 3147 2155 3313 ſes, i'ay voulu que les fondemens

415 3305 2163 3473 de mon Quurage fußent hiſtori¬
