2479 3508
661 198 1893 380 Liure premier. 25

377 349 1889 522 qu’ils fiſſent encor trois ſor¬

381 495 1887 662 ties ſur luy, il les repouſſa tou¬

387 645 1885 814 tes les trois fois, iuſques dans

381 793 1887 958 les meſmes portes. Tout le

373 941 1887 1106 monde fut ſurpris de cette ad¬

372 1091 1883 1254 uanture, & Soliman ne pou¬

372 1239 1887 1404 uant y rien comprendre, de¬

374 1385 1887 1532 manda au Baſſa de la Mer, ce

368 1526 1888 1696 que cela vouloit dire? Mais le

362 1676 1888 1846 Baſſa ſe iettant aux pieds de ſa

366 1824 1886 1996 Hauteſſe, l'aſſeura que cette

363 1974 1884 2100 action criminelle ne venoit

358 2118 1888 2288 point de ſes ordres; & qu'elle

359 2264 1888 2436 ne procedoit que de I’inſolen¬

367 2411 1889 2544 ce de son Eſclaue. Alors vn

365 2561 1889 2706 mouuement de colere, s’em¬

363 2709 1887 2878 parant de l’eſprit du grand

367 2855 1881 3024 Seigneur, il commanda que

367 2995 1877 3174 cét Eſclaue fuſt empallé ſur le
