2479 3508
517 249 1749 403 22 L'Illuſtre Baſſa

525 407 2025 555 ſon adreſſe furent cauſe, que

521 549 2021 693 la Lune fit eclipſer le Soleil. Sa

523 697 2025 839 victoire fut ſuiuie d'vn grand

525 841 2027 947 cri des Ianiſſaires & de tout le

519 985 2031 1133 peuple, & l'on n’entendit par

519 1127 2025 1273 toute la place de l’Hipodro¬

525 1271 2023 1419 ine, que viue Sultan Soliman.

521 1413 2025 1565 Cependant ibrahim Baſſa, qui

519 1569 2031 1709 n’auoit pas moins reconnu

517 1705 2029 1855 ſon amy à ſon adreſſe qu'à ſon

519 1857 2029 2001 viſage, eſtoit raui de voir que

521 2001 2025 2151 toute la gloire de cette action,

517 2145 2015 2291 ne luy puſt eſtre diſputée.

521 2291 2029 2395 Comme le bruit de tant de

523 2431 2027 2579 voix fut diſſipé, l’on vid pa¬

521 2577 2027 2723 roiſtre vne troupe veſtuë à la

521 2723 2025 2867 Chreſtienne, & remarquable

519 2867 2023 3021 pour telle, par les Croix qui

527 3013 2023 3161 paroiſſoient à ſes drapeaux.
