<?xml version="1.0" encoding="UTF-8"?>
<PcGts xmlns="http://schema.primaresearch.org/PAGE/gts/pagecontent/2013-07-15" xmlns:xsi="http://www.w3.org/2001/XMLSchema-instance" xmlns:xs="http://www.w3.org/2001/XMLSchema" xmlns:pr="http://schema.primaresearch.org/PAGE/gts/pagecontent/2013-07-15" xsi:schemaLocation="http://schema.primaresearch.org/PAGE/gts/pagecontent/2013-07-15 http://schema.primaresearch.org/PAGE/gts/pagecontent/2013-07-15/pagecontent.xsd">
  <Metadata>
        <Creator/>
        <Created>2019-01-17T11:05:55.284+01:00</Created>
        <LastChange>2019-04-09T09:37:07.921+02:00</LastChange>
        <Comments>
                Measurement unit: pixel
                PrimaryLanguage: English
                Language: FrenchStandard
                Producer: ABBYY FineReader Engine 11</Comments>
        <TranskribusMetadata docId="187940" pageId="7468480" pageNr="81" tsid="13126501" status="DONE" userId="10612" imgUrl="https://files.transkribus.eu/Get?id=HXBBIRAZPOUSEUAVXCRBJJQF&amp;fileType=view" xmlUrl="https://files.transkribus.eu/Get?id=OSHXSJNPCKMKEUGKJXAVCMVB" imageId="2301463"/>
    </Metadata>
  <Page imageFilename="Scudery1641_Ibrahim_cb31341849n_corrected_0081.png" imageWidth="2479" imageHeight="3508">
    <PrintSpace>
            <Coords points="320,188 1955,188 1955,3174 320,3174"/>
        </PrintSpace>
    <ReadingOrder>
            <OrderedGroup id="ro_1604224465785" caption="Regions reading order">
                <RegionRefIndexed index="0" regionRef="r_1_1"/>
            </OrderedGroup>
        </ReadingOrder>
    <TextRegion type="paragraph" id="r_1_1" custom="readingOrder {index:0;}">
      <Coords points="358,205 1931,205 1931,3160 358,3160"/>
      <TextLine id="tl_1" primaryLanguage="English" custom="structure {type:default;} readingOrder {index:0;}">
        <Coords points="672,206 1924,206 1924,365 672,365"/>
        <Baseline points="672,317 990,312 1176,314 1520,314 1924,345"/>
        <Word id="w_w2aab1b1b2b1b1ab1">
          <Coords points="672,206 1924,206 1924,365 672,365"/>
          <TextEquiv>
            <Unicode>Liure premier. 15</Unicode>
          </TextEquiv>
        </Word>
      </TextLine>
      <TextLine id="tl_2" primaryLanguage="English" custom="structure {type:default;} readingOrder {index:1;}">
        <Coords points="365,355 1920,355 1920,509 365,509"/>
        <Baseline points="365,469 581,468 757,471 1283,491 1598,460 1789,467 1919,465"/>
        <Word id="w_w2aab1b1b2b1b3ab1">
          <Coords points="365,355 1920,355 1920,509 365,509"/>
          <TextEquiv>
            <Unicode>dans vn Throſne, porté ſur le</Unicode>
          </TextEquiv>
          <TextStyle fontFamily="Times New Roman" fontSize="9.5"/>
        </Word>
      </TextLine>
      <TextLine id="tl_3" primaryLanguage="English" custom="structure {type:default;} readingOrder {index:2;}">
        <Coords points="363,509 1921,509 1921,641 363,641"/>
        <Baseline points="363,615 529,616 771,617 1301,639 1427,615 1773,610 1921,617"/>
        <Word id="w_w2aab1b1b2b1b5ab1">
          <Coords points="363,509 1921,509 1921,641 363,641"/>
          <TextEquiv>
            <Unicode>dos d'vn Chameau, &amp; tenant en</Unicode>
          </TextEquiv>
          <TextStyle fontFamily="Times New Roman" fontSize="9.5"/>
        </Word>
      </TextLine>
      <TextLine id="tl_4" primaryLanguage="English" custom="structure {type:default;} readingOrder {index:3;}">
        <Coords points="366,647 1919,647 1919,767 366,767"/>
        <Baseline points="366,761 486,760 800,761 900,759 1140,758 1282,757 1804,763 1919,759"/>
        <Word id="w_w2aab1b1b2b1b7ab1">
          <Coords points="366,647 1919,647 1919,767 366,767"/>
          <TextEquiv>
            <Unicode>ſes mains le liure de l’Alcoran. Il</Unicode>
          </TextEquiv>
          <TextStyle fontFamily="Times New Roman" fontSize="9.5"/>
        </Word>
      </TextLine>
      <TextLine id="tl_5" primaryLanguage="English" custom="structure {type:default;} readingOrder {index:4;}">
        <Coords points="369,793 1920,793 1920,953 369,953"/>
        <Baseline points="370,905 628,906 882,905 1020,904 1252,903 1424,903 1920,939"/>
        <Word id="w_w2aab1b1b2b1b9ab1">
          <Coords points="369,793 1920,793 1920,953 369,953"/>
          <TextEquiv>
            <Unicode>eſtoit ſuiui de tous les Alfaquis,</Unicode>
          </TextEquiv>
          <TextStyle fontFamily="Times New Roman" fontSize="9.5"/>
        </Word>
      </TextLine>
      <TextLine id="tl_6" primaryLanguage="English" custom="structure {type:default;} readingOrder {index:5;}">
        <Coords points="359,941 1917,941 1917,1083 359,1083"/>
        <Baseline points="359,1059 479,1052 1037,1080 1155,1056 1307,1053 1667,1050 1809,1053 1917,1057"/>
        <Word id="w_w2aab1b1b2b1c11ab1">
          <Coords points="359,941 1917,941 1917,1083 359,1083"/>
          <TextEquiv>
            <Unicode>les Calenders, &amp; les Deruis de la</Unicode>
          </TextEquiv>
          <TextStyle fontFamily="Times New Roman" fontSize="9.5"/>
        </Word>
      </TextLine>
      <TextLine id="tl_7" primaryLanguage="English" custom="structure {type:default;} readingOrder {index:6;}">
        <Coords points="370,1089 1923,1089 1923,1245 370,1245"/>
        <Baseline points="371,1201 579,1198 733,1199 1593,1202 1923,1201"/>
        <Word id="w_w2aab1b1b2b1c13ab1">
          <Coords points="370,1089 1923,1089 1923,1245 370,1245"/>
          <TextEquiv>
            <Unicode>ville de Conſtantinople. Tous</Unicode>
          </TextEquiv>
          <TextStyle fontFamily="Times New Roman" fontSize="9.5"/>
        </Word>
      </TextLine>
      <TextLine id="tl_8" primaryLanguage="English" custom="structure {type:default;} readingOrder {index:7;}">
        <Coords points="372,1239 1922,1239 1922,1399 372,1399"/>
        <Baseline points="372,1343 508,1342 1024,1348 1420,1347 1626,1348 1922,1325"/>
        <Word id="w_w2aab1b1b2b1c15ab1">
          <Coords points="372,1239 1922,1239 1922,1399 372,1399"/>
          <TextEquiv>
            <Unicode>ces Religieux crioient, &amp; hur¬</Unicode>
          </TextEquiv>
        </Word>
      </TextLine>
      <TextLine id="tl_9" primaryLanguage="English" custom="structure {type:default;} readingOrder {index:8;}">
        <Coords points="371,1383 1924,1383 1924,1539 371,1539"/>
        <Baseline points="371,1487 722,1521 1006,1496 1202,1496 1530,1492 1924,1479"/>
        <Word id="w_w2aab1b1b2b1c17ab1">
          <Coords points="371,1383 1924,1383 1924,1539 371,1539"/>
          <TextEquiv>
            <Unicode>loient, auec vn bruit eſpou¬</Unicode>
          </TextEquiv>
          <TextStyle fontFamily="Times New Roman" fontSize="9.5"/>
        </Word>
      </TextLine>
      <TextLine id="tl_10" primaryLanguage="English" custom="structure {type:default;} readingOrder {index:9;}">
        <Coords points="367,1533 1923,1533 1923,1689 367,1689"/>
        <Baseline points="367,1635 781,1641 825,1643 957,1645 1213,1640 1923,1647"/>
        <Word id="w_w2aab1b1b2b1c19ab1">
          <Coords points="367,1533 1923,1533 1923,1689 367,1689"/>
          <TextEquiv>
            <Unicode>uentable: &amp; pour accompagner</Unicode>
          </TextEquiv>
          <TextStyle fontFamily="Times New Roman" fontSize="9.5"/>
        </Word>
      </TextLine>
      <TextLine id="tl_11" primaryLanguage="English" custom="structure {type:default;} readingOrder {index:10;}">
        <Coords points="364,1677 1925,1677 1925,1817 364,1817"/>
        <Baseline points="364,1779 585,1784 875,1791 1045,1794 1319,1787 1673,1788 1748,1816 1925,1789"/>
        <Word id="w_w2aab1b1b2b1c21ab1">
          <Coords points="364,1677 1925,1677 1925,1817 364,1817"/>
          <TextEquiv>
            <Unicode>leurs voix &amp; leur dance, ils</Unicode>
          </TextEquiv>
          <TextStyle fontFamily="Times New Roman" fontSize="9.5"/>
        </Word>
      </TextLine>
      <TextLine id="tl_12" primaryLanguage="English" custom="structure {type:default;} readingOrder {index:11;}">
        <Coords points="364,1823 1926,1823 1926,1985 364,1985"/>
        <Baseline points="364,1925 1516,1938 1700,1934 1926,1937"/>
        <Word id="w_w2aab1b1b2b1c23ab1">
          <Coords points="364,1823 1926,1823 1926,1985 364,1985"/>
          <TextEquiv>
            <Unicode>frappoient des poiſles &amp; des baſ¬</Unicode>
          </TextEquiv>
          <TextStyle fontFamily="Times New Roman" fontSize="9.5"/>
        </Word>
      </TextLine>
      <TextLine id="tl_13" primaryLanguage="English" custom="structure {type:default;} readingOrder {index:12;}">
        <Coords points="365,1971 1928,1971 1928,2109 365,2109"/>
        <Baseline points="365,2076 595,2104 718,2081 1164,2084 1526,2084 1694,2082 1927,2067"/>
        <Word id="w_w2aab1b1b2b1c25ab1">
          <Coords points="365,1971 1928,1971 1928,2109 365,2109"/>
          <TextEquiv>
            <Unicode>ſins, &amp; faiſoient ſonner des clo¬</Unicode>
          </TextEquiv>
          <TextStyle fontFamily="Times New Roman" fontSize="9.5"/>
        </Word>
      </TextLine>
      <TextLine id="tl_14" primaryLanguage="English" custom="structure {type:default;} readingOrder {index:13;}">
        <Coords points="367,2119 1929,2119 1929,2279 367,2279"/>
        <Baseline points="367,2219 711,2223 751,2227 889,2227 1149,2230 1351,2227 1477,2227 1929,2233"/>
        <Word id="w_w2aab1b1b2b1c27ab1">
          <Coords points="367,2119 1929,2119 1929,2279 367,2279"/>
          <TextEquiv>
            <Unicode>chettes: de ſorte que ce modeſte</Unicode>
          </TextEquiv>
          <TextStyle fontFamily="Times New Roman" fontSize="9.5"/>
        </Word>
      </TextLine>
      <TextLine id="tl_15" primaryLanguage="English" custom="structure {type:default;} readingOrder {index:14;}">
        <Coords points="370,2261 1929,2261 1929,2423 370,2423"/>
        <Baseline points="370,2365 663,2368 804,2373 1128,2372 1310,2375 1510,2376 1690,2378 1928,2359"/>
        <Word id="w_w2aab1b1b2b1c29ab1">
          <Coords points="370,2261 1929,2261 1929,2423 370,2423"/>
          <TextEquiv>
            <Unicode>clergé ne tenoit pas peu des Or¬</Unicode>
          </TextEquiv>
          <TextStyle fontFamily="Times New Roman" fontSize="9.5"/>
        </Word>
      </TextLine>
      <TextLine id="tl_16" primaryLanguage="English" custom="structure {type:default;} readingOrder {index:15;}">
        <Coords points="370,2411 1926,2411 1926,2561 370,2561"/>
        <Baseline points="370,2556 554,2512 692,2514 1228,2522 1598,2556 1742,2530 1926,2523"/>
        <Word id="w_w2aab1b1b2b1c31ab1">
          <Coords points="370,2411 1926,2411 1926,2561 370,2561"/>
          <TextEquiv>
            <Unicode>gies de l’ancienne Grece, &amp; des</Unicode>
          </TextEquiv>
          <TextStyle fontFamily="Times New Roman" fontSize="9.5"/>
        </Word>
      </TextLine>
      <TextLine id="tl_17" primaryLanguage="English" custom="structure {type:default;} readingOrder {index:16;}">
        <Coords points="379,2561 1930,2561 1930,2675 379,2675"/>
        <Baseline points="379,2654 961,2667 1135,2670 1293,2671 1663,2670 1929,2645"/>
        <Word id="w_w2aab1b1b2b1c33ab1">
          <Coords points="379,2561 1930,2561 1930,2675 379,2675"/>
          <TextEquiv>
            <Unicode>Bacchanales de la vieille Ro¬</Unicode>
          </TextEquiv>
          <TextStyle fontFamily="Times New Roman" fontSize="9.5"/>
        </Word>
      </TextLine>
      <TextLine id="tl_18" primaryLanguage="English" custom="structure {type:default;} readingOrder {index:17;}">
        <Coords points="373,2707 1927,2707 1927,2821 373,2821"/>
        <Baseline points="373,2800 541,2806 983,2814 1113,2818 1445,2815 1817,2813 1927,2815"/>
        <Word id="w_w2aab1b1b2b1c35ab1">
          <Coords points="373,2707 1927,2707 1927,2821 373,2821"/>
          <TextEquiv>
            <Unicode>me. Comme ils furent deuant le</Unicode>
          </TextEquiv>
          <TextStyle fontFamily="Times New Roman" fontSize="9.5"/>
        </Word>
      </TextLine>
      <TextLine id="tl_19" primaryLanguage="English" custom="structure {type:default;} readingOrder {index:18;}">
        <Coords points="370,2845 1928,2845 1928,2993 370,2993"/>
        <Baseline points="370,2951 726,2985 884,2963 988,2962 1600,2992 1928,2961"/>
        <Word id="w_w2aab1b1b2b1c37ab1">
          <Coords points="370,2845 1928,2845 1928,2993 370,2993"/>
          <TextEquiv>
            <Unicode>Sultan, ils s'arreſterent, firent</Unicode>
          </TextEquiv>
          <TextStyle fontFamily="Times New Roman" fontSize="9.5"/>
        </Word>
      </TextLine>
      <TextLine id="tl_20" primaryLanguage="English" custom="structure {type:default;} readingOrder {index:19;}">
        <Coords points="373,2995 1926,2995 1926,3159 373,3159"/>
        <Baseline points="374,3096 518,3096 866,3109 1134,3112 1926,3109"/>
        <Word id="w_w2aab1b1b2b1c39ab1">
          <Coords points="373,2995 1926,2995 1926,3159 373,3159"/>
          <TextEquiv>
            <Unicode>des prieres pour la proſperité de</Unicode>
          </TextEquiv>
          <TextStyle fontFamily="Times New Roman" fontSize="9.5"/>
        </Word>
      </TextLine>
    </TextRegion>
  </Page>
</PcGts>
