2479 3508
728 130 1604 234 PREFACE.

322 269 2076 424 hauette pigliato tante coyonerie?

311 421 2074 584 Pour moy, ie tiens que plus les

323 581 2073 754 auantures ſont naturelles, plus

316 745 2071 912 elles donnent de ſatisfaction: &

316 907 2074 1046 le cours ordinaire du Soleil, me

287 1071 2074 1246 ſemble plus merueilleux, que les

311 1237 2067 1400 eſtranges & funestes rayons des

313 1399 2049 1562 Comettes. C'eſt par cette raiſon

306 1563 2087 1730 encor que ie n'ay point causé tant

302 1721 2070 1892 de nauffrages, comme il y en a

297 1885 2044 2056 dans quelques anciens Romans:

301 2053 2067 2216 & à parler ſerieuſement, du Bar¬

298 2211 2059 2378 tas pourroit dire de ces Autheurs,

898 2377 1950 2527 Eux de qui la parole,

435 2519 2062 2672 Serre & laſchela bride aux po¬

539 2668 1277 2776 ſtillons d’Eole.

305 2809 2067 2984 On diroit que ce Dieu leur a don¬

296 2971 2067 3142 né les vens enfermez dans vn

302 3137 2056 3300 Outre, cõme ils les donna à Viſ¬

263 3293 2058 3468 ſe, tant ils les déchainent à point
