2479 3508
664 246 1910 393 Liure Premier. 9

359 404 1915 543 des chaiſnes d'or, les mains der¬

364 546 1913 665 riere le dos. Ces illuſtres mal¬

360 700 1912 855 heureux eſtoient ſuiuis de cinq

363 840 1910 1001 cents volontaires, que les Turcs

358 988 1903 1145 appellent Dellis, montez ſur des

360 1136 1906 1291 chenaux bardez & caparaſſon¬

357 1280 1904 1435 nez de peaux de Lyon, auec la

357 1428 1899 1583 queuë de ce genereux animal

348 1574 1893 1727 ſur le chãfrain au lieu de penna¬

346 1720 1896 1837 che: leurs habits eſtoient de la

337 1866 1894 2025 peau d’vn Ours, leurs tocques

340 2008 1893 2169 de celle d'vn Leopard bien mou¬

336 2156 1892 2315 chetté, ſur ces tocques la queuë

339 2304 1884 2459 d’vne Aigle, & ſur leurs Ron¬

339 2446 1887 2609 daches les ailes du meſme oy¬

336 2594 1883 2711 ſeau. Ils auoient le Cimetter¬

333 2742 1878 2879 re au coſté, la malle d’armes

329 2882 1875 3029 à l’arçon, & vne Lance à la
