2479 3508
910 67 1685 167 EPISTRE.

447 195 2108 371 ſeigneur voſtre Pere, en a

442 375 2109 559 laiſſé des marques à la

441 555 2102 741 France, qui ne finiront

449 737 2107 917 qu’auec elle: & ce Grand

444 919 2109 1105 Heros à fait voir, que Cæ¬

447 1099 2106 1289 ſar n'eſtoit pas le ſeul, qui

450 1279 2105 1465 ſçauoit bien dire & bien

445 1461 2110 1649 faire. Toute l’Europe tom¬

448 1647 2109 1833 be d’accord, qu’en traçant

445 1827 2104 1967 l’idée du PARFAIT CA¬

442 2009 2107 2173 PITAINE, il a fait ſon

445 2201 2104 2381 portrait ſans y penſer: &

447 2375 2109 2561 chacun à connu en luy,

446 2557 2119 2739 les rares qualitez qu’il deſ¬

449 2739 2114 2907 crit en l’autre. Que s’il

462 2921 2121 3111 m’eſtoit permis de tirer

457 3105 2116 3291 entierement le rideau, qui
