2479 3508
596 234 1817 397 Liure premier. 45

306 390 1814 517 fureur ſaiſiſſant lors Arſalon,

313 537 1817 688 de voir ſon authorité meſpri¬

309 683 1809 836 ſée, fit que pouſſant le Pilote

310 833 1812 980 aſſez rudement, pour luy faire

305 979 1812 1128 abandonner le gouuernail, ce

305 1126 1807 1239 malheureux tomba dans la

312 1281 1809 1422 Mer: & mon pere deuenant

306 1422 1808 1573 luy meſme ſon Pilote, prit ſon

307 1571 1807 1711 Cimeterre de la main droite,

307 1715 1817 1864 le Timon de la gauche, & me¬

310 1875 1814 2012 naçant ceux qui voudroient

307 2010 1817 2162 reſiſter à ſa volonté, fit pren¬

309 2161 1815 2269 dre vne route toute contraire

308 2299 1816 2444 à ſon vaiſſeau: aymant mieux

316 2451 1824 2599 mourir de faim, que d’aller

315 2600 1825 2743 expoſer ſa miſere aux yeux du

316 2748 1825 2890 monde; ne craignant rien da¬

298 2892 1824 3046 uantage, que Tachmas puſt

319 3032 1829 3173 aprendre ſes malheurs. Il auoit
