2479 3508
853 83 1696 187 PREFACE.

392 219 2155 389 langue françoiſe, vne façon de

383 381 2149 563 parler, qu'ils ont tirée de la Gre¬

401 541 2158 721 que & de la Latine. Et puis, i'ay

368 707 2153 879 fait voir aſſez clairement, que ie

389 865 2160 1039 ne l'ay pas fait ſans deſſain: car

386 1031 2152 1203 excepté quand il s'eſt agi des

382 1193 2153 1365 Turcs aux Sultan, ou de luy à ſes

383 1359 2152 1521 inferieurs; ie ne m’en ſuis iamais

352 1515 2153 1688 ſerui, & chacun s’en ſert à l’vn

389 1685 2157 1853 & à l’autre. Or de peur qu’on

379 1841 2168 2015 ne m'obiecte, que i’ay raproché

388 2003 2157 2177 quelques incidens, que l’Hiſtoire

381 2169 2160 2341 a fait voir plus esloignez; le grãd

380 2333 2158 2505 Virgille ſera mon garant: luy qui

386 2489 2149 2665 dans ſa diuine Eneide, a fait pa¬

383 2657 2146 2827 roiſtre Didon, quatre Siecles a¬

368 2815 2157 2998 pres le ſien, ainſi i'ay creu que ie

375 2987 2153 3158 pouuois faire de quelques mois, ce

387 3137 2150 3303 qu'il a fait de tant d’années: Et

390 3305 2149 3483 que ie ne deuois pas craindre de
