<?xml version="1.0" encoding="UTF-8"?>
<PcGts xmlns="http://schema.primaresearch.org/PAGE/gts/pagecontent/2013-07-15" xmlns:xsi="http://www.w3.org/2001/XMLSchema-instance" xmlns:xs="http://www.w3.org/2001/XMLSchema" xmlns:pr="http://schema.primaresearch.org/PAGE/gts/pagecontent/2013-07-15" xsi:schemaLocation="http://schema.primaresearch.org/PAGE/gts/pagecontent/2013-07-15 http://schema.primaresearch.org/PAGE/gts/pagecontent/2013-07-15/pagecontent.xsd">
  <Metadata>
        <Creator/>
        <Created>2019-01-17T11:12:37.382+01:00</Created>
        <LastChange>2019-04-09T09:37:39.076+02:00</LastChange>
        <Comments>
                Measurement unit: pixel
                PrimaryLanguage: English
                Language: FrenchStandard
                Producer: ABBYY FineReader Engine 11</Comments>
        <TranskribusMetadata docId="187940" pageId="7468483" pageNr="84" tsid="13126504" status="DONE" userId="10612" imgUrl="https://files.transkribus.eu/Get?id=NYVUYMXYWZJAAHAZYIVDTVUU&amp;fileType=view" xmlUrl="https://files.transkribus.eu/Get?id=SWUAGKYXFCOAFIKQEPBRVVCI" imageId="2301466"/>
    </Metadata>
  <Page imageFilename="Scudery1641_Ibrahim_cb31341849n_corrected_0084.png" imageWidth="2479" imageHeight="3508">
    <PrintSpace>
            <Coords points="590,208 2155,208 2155,3198 590,3198"/>
        </PrintSpace>
    <ReadingOrder>
            <OrderedGroup id="ro_1604224467371" caption="Regions reading order">
                <RegionRefIndexed index="0" regionRef="r_1_1"/>
            </OrderedGroup>
        </ReadingOrder>
    <TextRegion type="paragraph" id="r_1_1" custom="readingOrder {index:0;}">
      <Coords points="617,224 2131,224 2131,3182 617,3182"/>
      <TextLine id="tl_1" primaryLanguage="English" custom="structure {type:default;} readingOrder {index:0;}">
        <Coords points="618,225 1866,225 1866,407 618,407"/>
        <Baseline points="618,371 760,370 1502,357 1866,361"/>
        <Word id="w_w2aab1b1b2b1b1ab1">
          <Coords points="618,225 1866,225 1866,407 618,407"/>
          <TextEquiv>
            <Unicode>18 L'Illuſtre Baſſa</Unicode>
          </TextEquiv>
          <TextStyle fontFamily="Times New Roman" fontSize="12.0" italic="true"/>
        </Word>
      </TextLine>
      <TextLine id="tl_2" primaryLanguage="English" custom="structure {type:default;} readingOrder {index:1;}">
        <Coords points="623,414 2116,414 2116,564 623,564"/>
        <Baseline points="623,558 862,514 1272,510 1530,505 1912,505 2116,511"/>
        <Word id="w_w2aab1b1b2b1b3ab1">
          <Coords points="623,414 2116,414 2116,564 623,564"/>
          <TextEquiv>
            <Unicode>phe. Apres que toutes ces</Unicode>
          </TextEquiv>
          <TextStyle fontFamily="Times New Roman" fontSize="10.0"/>
        </Word>
      </TextLine>
      <TextLine id="tl_3" primaryLanguage="English" custom="structure {type:default;} readingOrder {index:2;}">
        <Coords points="622,540 2118,540 2118,708 622,708"/>
        <Baseline points="622,665 1065,656 1533,646 1883,648 2117,635"/>
        <Word id="w_w2aab1b1b2b1b5ab1">
          <Coords points="622,540 2118,540 2118,708 622,708"/>
          <TextEquiv>
            <Unicode>Troupes liberales furent paſ¬</Unicode>
          </TextEquiv>
          <TextStyle fontFamily="Times New Roman" fontSize="10.0"/>
        </Word>
      </TextLine>
      <TextLine id="tl_4" primaryLanguage="English" custom="structure {type:default;} readingOrder {index:3;}">
        <Coords points="621,691 2120,691 2120,838 621,838"/>
        <Baseline points="621,809 850,820 1271,798 1385,796 1845,793 2120,801"/>
        <Word id="w_w2aab1b1b2b1b7ab1">
          <Coords points="621,691 2120,691 2120,838 621,838"/>
          <TextEquiv>
            <Unicode>ſées, comme la Turquie eſt le</Unicode>
          </TextEquiv>
          <TextStyle fontFamily="Times New Roman" fontSize="10.0"/>
        </Word>
      </TextLine>
      <TextLine id="tl_5" primaryLanguage="English" custom="structure {type:default;} readingOrder {index:4;}">
        <Coords points="623,829 2119,829 2119,977 623,977"/>
        <Baseline points="623,953 819,951 997,945 1423,937 1493,965 1679,936 1811,937 1909,976 1999,941 2119,945"/>
        <Word id="w_w2aab1b1b2b1b9ab1">
          <Coords points="623,829 2119,829 2119,977 623,977"/>
          <TextEquiv>
            <Unicode>lieu du monde, où il y a le</Unicode>
          </TextEquiv>
          <TextStyle fontFamily="Times New Roman" fontSize="10.0"/>
        </Word>
      </TextLine>
      <TextLine id="tl_6" primaryLanguage="English" custom="structure {type:default;} readingOrder {index:5;}">
        <Coords points="621,974 2119,974 2119,1147 621,1147"/>
        <Baseline points="621,1141 837,1093 1550,1098 1653,1080 1823,1083 2119,1087"/>
        <Word id="w_w2aab1b1b2b1c11ab1">
          <Coords points="621,974 2119,974 2119,1147 621,1147"/>
          <TextEquiv>
            <Unicode>plus de Baſteleurs, il en parut</Unicode>
          </TextEquiv>
          <TextStyle fontFamily="Times New Roman" fontSize="10.0"/>
        </Word>
      </TextLine>
      <TextLine id="tl_7" primaryLanguage="English" custom="structure {type:default;} readingOrder {index:6;}">
        <Coords points="621,1118 2118,1118 2118,1291 621,1291"/>
        <Baseline points="621,1285 836,1239 984,1236 1244,1232 1595,1253 1826,1227 2118,1231"/>
        <Word id="w_w2aab1b1b2b1c13ab1">
          <Coords points="621,1118 2118,1118 2118,1291 621,1291"/>
          <TextEquiv>
            <Unicode>plus de deux mille, qui firent</Unicode>
          </TextEquiv>
          <TextStyle fontFamily="Times New Roman" fontSize="10.0"/>
        </Word>
      </TextLine>
      <TextLine id="tl_8" primaryLanguage="English" custom="structure {type:default;} readingOrder {index:7;}">
        <Coords points="627,1270 2121,1270 2121,1429 627,1429"/>
        <Baseline points="627,1386 754,1388 890,1382 1378,1374 1550,1373 1903,1370 2120,1361"/>
        <Word id="w_w2aab1b1b2b1c15ab1">
          <Coords points="627,1270 2121,1270 2121,1429 627,1429"/>
          <TextEquiv>
            <Unicode>en la preſence du grand Sei¬</Unicode>
          </TextEquiv>
          <TextStyle fontFamily="Times New Roman" fontSize="10.0"/>
        </Word>
      </TextLine>
      <TextLine id="tl_9" primaryLanguage="English" custom="structure {type:default;} readingOrder {index:8;}">
        <Coords points="624,1408 2120,1408 2120,1583 624,1583"/>
        <Baseline points="624,1577 965,1553 1206,1522 1338,1521 1556,1516 2120,1519"/>
        <Word id="w_w2aab1b1b2b1c17ab1">
          <Coords points="624,1408 2120,1408 2120,1583 624,1583"/>
          <TextEquiv>
            <Unicode>gneur, tout ce que la ſubtilité</Unicode>
          </TextEquiv>
          <TextStyle fontFamily="Times New Roman" fontSize="10.0"/>
        </Word>
      </TextLine>
      <TextLine id="tl_10" primaryLanguage="English" custom="structure {type:default;} readingOrder {index:9;}">
        <Coords points="628,1552 2121,1552 2121,1708 628,1708"/>
        <Baseline points="628,1676 783,1676 1162,1698 1297,1672 1559,1660 1713,1659 1949,1660 2121,1649"/>
        <Word id="w_w2aab1b1b2b1c19ab1">
          <Coords points="628,1552 2121,1552 2121,1708 628,1708"/>
          <TextEquiv>
            <Unicode>des mains, &amp; tout ce que l'a¬</Unicode>
          </TextEquiv>
          <TextStyle fontFamily="Times New Roman" fontSize="10.0"/>
        </Word>
      </TextLine>
      <TextLine id="tl_11" primaryLanguage="English" custom="structure {type:default;} readingOrder {index:10;}">
        <Coords points="627,1708 2121,1708 2121,1850 627,1850"/>
        <Baseline points="627,1822 915,1820 1135,1817 1420,1812 2120,1787"/>
        <Word id="w_w2aab1b1b2b1c21ab1">
          <Coords points="627,1708 2121,1708 2121,1850 627,1850"/>
          <TextEquiv>
            <Unicode>dreſſe &amp; la force du corps, peu¬</Unicode>
          </TextEquiv>
          <TextStyle fontFamily="Times New Roman" fontSize="10.0"/>
        </Word>
      </TextLine>
      <TextLine id="tl_12" primaryLanguage="English" custom="structure {type:default;} readingOrder {index:11;}">
        <Coords points="629,1853 2121,1853 2121,1995 629,1995"/>
        <Baseline points="630,1966 861,1964 1675,1948 2121,1929"/>
        <Word id="w_w2aab1b1b2b1c23ab1">
          <Coords points="629,1853 2121,1853 2121,1995 629,1995"/>
          <TextEquiv>
            <Unicode>uent naturellement permet¬</Unicode>
          </TextEquiv>
          <TextStyle fontFamily="Times New Roman" fontSize="10.0"/>
        </Word>
      </TextLine>
      <TextLine id="tl_13" primaryLanguage="English" custom="structure {type:default;} readingOrder {index:12;}">
        <Coords points="631,1993 2122,1993 2122,2139 631,2139"/>
        <Baseline points="631,2112 777,2114 985,2109 1490,2091 1770,2098 1956,2096 2122,2073"/>
        <Word id="w_w2aab1b1b2b1c25ab1">
          <Coords points="631,1993 2122,1993 2122,2139 631,2139"/>
          <TextEquiv>
            <Unicode>tre aux hommes. L’on vid pa¬</Unicode>
          </TextEquiv>
          <TextStyle fontFamily="Times New Roman" fontSize="10.0"/>
        </Word>
      </TextLine>
      <TextLine id="tl_14" primaryLanguage="English" custom="structure {type:default;} readingOrder {index:13;}">
        <Coords points="635,2139 2123,2139 2123,2284 635,2284"/>
        <Baseline points="635,2258 975,2255 1171,2253 1475,2248 1723,2243 2123,2241"/>
        <Word id="w_w2aab1b1b2b1c27ab1">
          <Coords points="635,2139 2123,2139 2123,2284 635,2284"/>
          <TextEquiv>
            <Unicode>roiſtre en ſuite vne grande</Unicode>
          </TextEquiv>
          <TextStyle fontFamily="Times New Roman" fontSize="10.0"/>
        </Word>
      </TextLine>
      <TextLine id="tl_15" primaryLanguage="English" custom="structure {type:default;} readingOrder {index:14;}">
        <Coords points="633,2277 2124,2277 2124,2446 633,2446"/>
        <Baseline points="633,2404 1090,2400 1326,2395 2008,2391 2124,2385"/>
        <Word id="w_w2aab1b1b2b1c29ab1">
          <Coords points="633,2277 2124,2277 2124,2446 633,2446"/>
          <TextEquiv>
            <Unicode>machine qui repreſentoit la</Unicode>
          </TextEquiv>
          <TextStyle fontFamily="Times New Roman" fontSize="10.0"/>
        </Word>
      </TextLine>
      <TextLine id="tl_16" primaryLanguage="English" custom="structure {type:default;} readingOrder {index:15;}">
        <Coords points="631,2424 2124,2424 2124,2567 631,2567"/>
        <Baseline points="631,2552 864,2546 1034,2545 1476,2565 1640,2536 1953,2532 2123,2529"/>
        <Word id="w_w2aab1b1b2b1c31ab1">
          <Coords points="631,2424 2124,2424 2124,2567 631,2567"/>
          <TextEquiv>
            <Unicode>ville de Tauris, &amp; dont les</Unicode>
          </TextEquiv>
          <TextStyle fontFamily="Times New Roman" fontSize="10.0"/>
        </Word>
      </TextLine>
      <TextLine id="tl_17" primaryLanguage="English" custom="structure {type:default;} readingOrder {index:16;}">
        <Coords points="631,2574 2130,2574 2130,2704 631,2704"/>
        <Baseline points="631,2698 954,2691 1416,2681 1952,2676 2130,2671"/>
        <Word id="w_w2aab1b1b2b1c33ab1">
          <Coords points="631,2574 2130,2574 2130,2704 631,2704"/>
          <TextEquiv>
            <Unicode>Tours eſtoient couuertes des</Unicode>
          </TextEquiv>
          <TextStyle fontFamily="Times New Roman" fontSize="10.0"/>
        </Word>
      </TextLine>
      <TextLine id="tl_18" primaryLanguage="English" custom="structure {type:default;} readingOrder {index:17;}">
        <Coords points="636,2713 2129,2713 2129,2886 636,2886"/>
        <Baseline points="636,2840 1113,2836 1309,2829 1696,2850 1917,2820 2129,2819"/>
        <Word id="w_w2aab1b1b2b1c35ab1">
          <Coords points="636,2713 2129,2713 2129,2886 636,2886"/>
          <TextEquiv>
            <Unicode>drapeaux des Perſes, que l'on</Unicode>
          </TextEquiv>
          <TextStyle fontFamily="Times New Roman" fontSize="10.0"/>
        </Word>
      </TextLine>
      <TextLine id="tl_19" primaryLanguage="English" custom="structure {type:default;} readingOrder {index:18;}">
        <Coords points="636,2865 2127,2865 2127,2992 636,2992"/>
        <Baseline points="636,2986 1327,2973 1407,2974 1653,2969 2127,2959"/>
        <Word id="w_w2aab1b1b2b1c37ab1">
          <Coords points="636,2865 2127,2865 2127,2992 636,2992"/>
          <TextEquiv>
            <Unicode>reconnoiſſoit à leur ancienne</Unicode>
          </TextEquiv>
          <TextStyle fontFamily="Times New Roman" fontSize="10.0"/>
        </Word>
      </TextLine>
      <TextLine id="tl_20" primaryLanguage="English" custom="structure {type:default;} readingOrder {index:19;}">
        <Coords points="636,3007 2129,3007 2129,3181 636,3181"/>
        <Baseline points="637,3136 973,3131 1127,3130 1447,3119 1739,3116 2129,3107"/>
        <Word id="w_w2aab1b1b2b1c39ab1">
          <Coords points="636,3007 2129,3007 2129,3181 636,3181"/>
          <TextEquiv>
            <Unicode>Image du Soleil qu'ils auoient</Unicode>
          </TextEquiv>
          <TextStyle fontFamily="Times New Roman" fontSize="10.0"/>
        </Word>
      </TextLine>
    </TextRegion>
  </Page>
</PcGts>
