2479 3508
841 104 1673 221 PREFACE.

435 224 2151 432 noiſtre parfaictement, il ne ſuffit

428 390 2151 599 pas de dire, combien de fois ils

445 553 2154 748 ont fait naufrage, et combien de

413 712 2146 909 fois ils ont rencontré des volleurs:

436 872 2130 1057 mais il faut faire iuger par leurs

435 1034 2157 1219 diſcours, quelles ſont leurs incli¬

438 1191 2156 1339 nations: autrement, l'on est en

434 1357 2161 1499 droit de dire à ces Heros muets,

432 1514 2163 1676 ce beau mot de l'antiquité. PARLE

443 1679 2164 1834 AFIN QVE IE TE VOYE. Que ſi de la

435 1832 2161 2014 vray-ſemblance et des inclina¬

443 1989 2166 2173 tions, exprimées par les parolles,

445 2151 2163 2320 nous voulons paſſer aux mœurs;

438 2304 2169 2487 aller du plaiſant a l'vtile, et du

447 2465 2168 2646 diuertiſſement à l'exemple: i’ay

443 2625 2173 2793 à vous dire Lecteur, qu'icy la

450 2787 2175 2956 vertu paroiſt touſiours recompẽ¬

445 2942 2190 3113 sée, & le vice touſiours puni: ſi

434 3096 2167 3271 par vn iuſte ſenſible repentir,

450 3236 2174 3437 celuy qui a ſuiui ſon deſregle¬

1639 3434 1854 3508 ĩ iiii
