<?xml version="1.0" encoding="UTF-8"?>
<PcGts xmlns="http://schema.primaresearch.org/PAGE/gts/pagecontent/2013-07-15" xmlns:xsi="http://www.w3.org/2001/XMLSchema-instance" xmlns:xs="http://www.w3.org/2001/XMLSchema" xmlns:pr="http://schema.primaresearch.org/PAGE/gts/pagecontent/2013-07-15" xsi:schemaLocation="http://schema.primaresearch.org/PAGE/gts/pagecontent/2013-07-15 http://schema.primaresearch.org/PAGE/gts/pagecontent/2013-07-15/pagecontent.xsd">
  <Metadata>
        <Creator/>
        <Created>2019-01-25T11:52:10.177+01:00</Created>
        <LastChange>2019-07-25T16:31:15.495+02:00</LastChange>
        <Comments>
                Measurement unit: pixel
                PrimaryLanguage: English
                Language: FrenchStandard
                Producer: ABBYY FineReader Engine 11</Comments>
        <TranskribusMetadata docId="187940" pageId="7468446" pageNr="47" tsid="13126467" status="DONE" userId="10612" imgUrl="https://files.transkribus.eu/Get?id=PEUJKXLIXWLAIPMJKKKAIWRI&amp;fileType=view" xmlUrl="https://files.transkribus.eu/Get?id=EYGVWNDSMSLAHHKSTTBJYNHP" imageId="2301429"/>
    </Metadata>
  <Page imageFilename="Scudery1641_Ibrahim_cb31341849n_corrected_0047.png" imageWidth="2479" imageHeight="3508">
    <PrintSpace>
            <Coords points="340,88 2112,88 2112,3488 340,3488"/>
        </PrintSpace>
    <ReadingOrder>
            <OrderedGroup id="ro_1604224453856" caption="Regions reading order">
                <RegionRefIndexed index="0" regionRef="r_1_1"/>
                <RegionRefIndexed index="1" regionRef="r_1_2"/>
                <RegionRefIndexed index="2" regionRef="r_1_3"/>
            </OrderedGroup>
        </ReadingOrder>
    <TextRegion type="paragraph" id="r_1_1" custom="readingOrder {index:0;}">
      <Coords points="812,104 1626,104 1626,206 812,206"/>
      <TextLine id="tl_1" primaryLanguage="English" custom="structure {type:default;} readingOrder {index:0;}">
        <Coords points="813,105 1625,105 1625,205 813,205"/>
        <Baseline points="813,203 1625,197"/>
        <Word id="w_w2aab1b1b2b1b1ab1">
          <Coords points="813,105 1625,105 1625,205 813,205"/>
          <TextEquiv>
            <Unicode>PREFACE.</Unicode>
          </TextEquiv>
          <TextStyle fontFamily="Arial" fontSize="10.5"/>
        </Word>
      </TextLine>
    </TextRegion>
    <TextRegion type="paragraph" id="r_1_2" custom="readingOrder {index:1;}">
      <Coords points="384,240 2088,240 2088,864 384,864"/>
      <TextLine id="tl_2" primaryLanguage="English" custom="structure {type:default;} readingOrder {index:0;}">
        <Coords points="397,241 2077,241 2077,397 397,397"/>
        <Baseline points="397,367 661,359 1449,351 1571,351 1851,351 1955,349 2077,337"/>
        <Word id="w_w2aab1b1b2b3b1ab1">
          <Coords points="397,241 2077,241 2077,397 397,397"/>
          <TextEquiv>
            <Unicode>Vrfé. Certainement il faut ad¬</Unicode>
          </TextEquiv>
        </Word>
      </TextLine>
      <TextLine id="tl_3" primaryLanguage="English" custom="structure {type:default;} readingOrder {index:1;}">
        <Coords points="385,401 2083,401 2083,555 385,555"/>
        <Baseline points="385,515 505,515 737,533 1019,503 1125,503 1495,503 1647,499 2083,485"/>
        <Word id="w_w2aab1b1b2b3b3ab1">
          <Coords points="385,401 2083,401 2083,555 385,555"/>
          <TextEquiv>
            <Unicode>uoüer, qu'il a merité ſa reputa¬</Unicode>
          </TextEquiv>
        </Word>
      </TextLine>
      <TextLine id="tl_4" primaryLanguage="English" custom="structure {type:default;} readingOrder {index:2;}">
        <Coords points="393,561 2077,561 2077,709 393,709"/>
        <Baseline points="393,669 571,665 733,665 789,661 1245,673 1453,657 1733,659 1863,659 2077,649"/>
        <Word id="w_w2aab1b1b2b3b5ab1">
          <Coords points="393,561 2077,561 2077,709 393,709"/>
          <TextEquiv>
            <Unicode>tion: que l'amour, que toute la ter¬</Unicode>
          </TextEquiv>
          <TextStyle fontFamily="Arial" fontSize="10.0" italic="true"/>
        </Word>
      </TextLine>
      <TextLine id="tl_5" primaryLanguage="English" custom="structure {type:default;} readingOrder {index:3;}">
        <Coords points="395,713 2087,713 2087,863 395,863"/>
        <Baseline points="395,819 485,817 565,817 833,815 1017,853 1171,843 1471,815 1835,811 2087,815"/>
        <Word id="w_w2aab1b1b2b3b7ab1">
          <Coords points="395,713 2087,713 2087,863 395,863"/>
          <TextEquiv>
            <Unicode>re a pour luy eſt iuſte: &amp; que tant</Unicode>
          </TextEquiv>
          <TextStyle fontFamily="Arial" fontSize="10.0" italic="true"/>
        </Word>
      </TextLine>
    </TextRegion>
    <TextRegion type="paragraph" id="r_1_3" custom="readingOrder {index:2;}">
      <Coords points="358,864 2096,864 2096,3474 358,3474"/>
      <TextLine id="tl_6" primaryLanguage="English" custom="structure {type:default;} readingOrder {index:0;}">
        <Coords points="387,865 2085,865 2085,1021 387,1021"/>
        <Baseline points="387,973 495,969 871,969 1459,987 1661,969 1845,969 2085,951"/>
        <Word id="w_w2aab1b1b2b5b1ab1">
          <Coords points="387,865 2085,865 2085,1021 387,1021"/>
          <TextEquiv>
            <Unicode>de nations differentes, qui ont tra¬</Unicode>
          </TextEquiv>
          <TextStyle fontFamily="Arial" fontSize="10.0" italic="true"/>
        </Word>
      </TextLine>
      <TextLine id="tl_7" primaryLanguage="English" custom="structure {type:default;} readingOrder {index:1;}">
        <Coords points="383,1013 2085,1013 2085,1169 383,1169"/>
        <Baseline points="383,1123 773,1127 1039,1127 1175,1123 1461,1127 1841,1121 2085,1123"/>
        <Word id="w_w2aab1b1b2b5b3ab1">
          <Coords points="383,1013 2085,1013 2085,1169 383,1169"/>
          <TextEquiv>
            <Unicode>duit ſon liure en leurs langues, ont</Unicode>
          </TextEquiv>
          <TextStyle fontFamily="Arial" fontSize="10.0" italic="true"/>
        </Word>
      </TextLine>
      <TextLine id="tl_8" primaryLanguage="English" custom="structure {type:default;} readingOrder {index:2;}">
        <Coords points="385,1173 2087,1173 2087,1319 385,1319"/>
        <Baseline points="385,1275 495,1277 699,1279 859,1277 1007,1283 1135,1281 1481,1283 1825,1273 2087,1319"/>
        <Word id="w_w2aab1b1b2b5b5ab1">
          <Coords points="385,1173 2087,1173 2087,1319 385,1319"/>
          <TextEquiv>
            <Unicode>eu raiſon de le faire. Pour moy</Unicode>
          </TextEquiv>
          <TextStyle fontFamily="Arial" fontSize="10.0" italic="true"/>
        </Word>
      </TextLine>
      <TextLine id="tl_9" primaryLanguage="English" custom="structure {type:default;} readingOrder {index:3;}">
        <Coords points="383,1329 2087,1329 2087,1483 383,1483"/>
        <Baseline points="383,1429 459,1429 843,1431 1261,1433 1469,1459 1697,1433 1817,1429 2087,1433"/>
        <Word id="w_w2aab1b1b2b5b7ab1">
          <Coords points="383,1329 2087,1329 2087,1483 383,1483"/>
          <TextEquiv>
            <Unicode>ie confeſſe hautement, que ie ſuis</Unicode>
          </TextEquiv>
        </Word>
      </TextLine>
      <TextLine id="tl_10" primaryLanguage="English" custom="structure {type:default;} readingOrder {index:4;}">
        <Coords points="359,1485 2091,1485 2091,1633 359,1633"/>
        <Baseline points="359,1619 541,1585 1121,1591 1173,1591 1293,1591 1389,1633 1499,1591 1839,1587 2091,1587"/>
        <Word id="w_w2aab1b1b2b5b9ab1">
          <Coords points="359,1485 2091,1485 2091,1633 359,1633"/>
          <TextEquiv>
            <Unicode>ſon adorateur: il y a vingt ans</Unicode>
          </TextEquiv>
          <TextStyle fontFamily="Arial" fontSize="10.0" italic="true"/>
        </Word>
      </TextLine>
      <TextLine id="tl_11" primaryLanguage="English" custom="structure {type:default;} readingOrder {index:5;}">
        <Coords points="391,1637 2091,1637 2091,1789 391,1789"/>
        <Baseline points="391,1783 563,1737 665,1741 815,1741 1041,1741 1285,1769 1477,1779 1597,1743 1749,1779 1841,1741 2091,1741"/>
        <Word id="w_w2aab1b1b2b5c11ab1">
          <Coords points="391,1637 2091,1637 2091,1789 391,1789"/>
          <TextEquiv>
            <Unicode>que ie le connoy, &amp; c'eſt à dire</Unicode>
          </TextEquiv>
        </Word>
      </TextLine>
      <TextLine id="tl_12" primaryLanguage="English" custom="structure {type:default;} readingOrder {index:6;}">
        <Coords points="387,1791 2083,1791 2083,1949 387,1949"/>
        <Baseline points="387,1937 617,1895 693,1939 805,1895 1119,1903 1329,1899 1543,1889 1663,1897 2083,1897"/>
        <Word id="w_w2aab1b1b2b5c13ab1">
          <Coords points="387,1791 2083,1791 2083,1949 387,1949"/>
          <TextEquiv>
            <Unicode>qu'il y a vingt ans que ie l'aime.</Unicode>
          </TextEquiv>
          <TextStyle fontFamily="Arial" fontSize="10.0" italic="true"/>
        </Word>
      </TextLine>
      <TextLine id="tl_13" primaryLanguage="English" custom="structure {type:default;} readingOrder {index:7;}">
        <Coords points="395,1941 2095,1941 2095,2097 395,2097"/>
        <Baseline points="395,2047 557,2043 703,2081 957,2065 1077,2057 1237,2097 1833,2049 2095,2053"/>
        <Word id="w_w2aab1b1b2b5c15ab1">
          <Coords points="395,1941 2095,1941 2095,2097 395,2097"/>
          <TextEquiv>
            <Unicode>En effect, il eſt admirable par</Unicode>
          </TextEquiv>
        </Word>
      </TextLine>
      <TextLine id="tl_14" primaryLanguage="English" custom="structure {type:default;} readingOrder {index:8;}">
        <Coords points="389,2101 2083,2101 2083,2243 389,2243"/>
        <Baseline points="389,2201 645,2199 747,2203 905,2207 1277,2209 1433,2205 1821,2209 1907,2207 2083,2231"/>
        <Word id="w_w2aab1b1b2b5c17ab1">
          <Coords points="389,2101 2083,2101 2083,2243 389,2243"/>
          <TextEquiv>
            <Unicode>tout: il eſt fecond en inuentions,</Unicode>
          </TextEquiv>
        </Word>
      </TextLine>
      <TextLine id="tl_15" primaryLanguage="English" custom="structure {type:default;} readingOrder {index:9;}">
        <Coords points="389,2249 2087,2255 2087,2401 389,2395"/>
        <Baseline points="400,2381 595,2353 705,2355 1305,2365 2023,2365 2087,2361"/>
        <Word id="w_w2aab1b1b2b5c19ab1">
          <Coords points="389,2249 2087,2255 2087,2401 389,2395"/>
          <TextEquiv>
            <Unicode>&amp; en inuentions raiſonnables:</Unicode>
          </TextEquiv>
          <TextStyle fontFamily="Arial" fontSize="10.0" italic="true"/>
        </Word>
      </TextLine>
      <TextLine id="tl_16" primaryLanguage="English" custom="structure {type:default;} readingOrder {index:10;}">
        <Coords points="395,2413 2093,2413 2093,2561 395,2561"/>
        <Baseline points="395,2505 591,2511 697,2555 845,2553 1319,2517 1561,2537 1825,2515 1909,2561 2093,2553"/>
        <Word id="w_w2aab1b1b2b5c21ab1">
          <Coords points="395,2413 2093,2413 2093,2561 395,2561"/>
          <TextEquiv>
            <Unicode>tout y eſt merueilleux, tout y eſt</Unicode>
          </TextEquiv>
        </Word>
      </TextLine>
      <TextLine id="tl_17" primaryLanguage="English" custom="structure {type:default;} readingOrder {index:11;}">
        <Coords points="397,2547 2083,2547 2083,2719 397,2719"/>
        <Baseline points="397,2653 621,2663 687,2669 849,2703 971,2667 1159,2677 1305,2711 1435,2667 1691,2673 2083,2671"/>
        <Word id="w_w2aab1b1b2b5c23ab1">
          <Coords points="397,2547 2083,2547 2083,2719 397,2719"/>
          <TextEquiv>
            <Unicode>beau: &amp; ce qui eſt le plus impor.</Unicode>
          </TextEquiv>
          <TextStyle fontFamily="Arial" fontSize="10.0" italic="true"/>
        </Word>
      </TextLine>
      <TextLine id="tl_18" primaryLanguage="English" custom="structure {type:default;} readingOrder {index:12;}">
        <Coords points="393,2725 2087,2725 2087,2873 393,2873"/>
        <Baseline points="393,2809 437,2809 661,2843 891,2825 995,2869 1165,2873 1613,2827 1793,2859 2087,2869"/>
        <Word id="w_w2aab1b1b2b5c25ab1">
          <Coords points="393,2725 2087,2725 2087,2873 393,2873"/>
          <TextEquiv>
            <Unicode>tant, tout y eſt naturel &amp; vray</Unicode>
          </TextEquiv>
        </Word>
      </TextLine>
      <TextLine id="tl_19" primaryLanguage="English" custom="structure {type:default;} readingOrder {index:13;}">
        <Coords points="373,2867 2087,2867 2087,3011 373,3011"/>
        <Baseline points="373,3011 901,2981 1247,2983 1521,2985 1759,2981 1897,2979 2087,2955"/>
        <Word id="w_w2aab1b1b2b5c27ab1">
          <Coords points="373,2867 2087,2867 2087,3011 373,3011"/>
          <TextEquiv>
            <Unicode>ſemblable. Mais entre tant de ra¬</Unicode>
          </TextEquiv>
          <TextStyle fontFamily="Arial" fontSize="10.0" italic="true"/>
        </Word>
      </TextLine>
      <TextLine id="tl_20" primaryLanguage="English" custom="structure {type:default;} readingOrder {index:14;}">
        <Coords points="403,3021 2087,3021 2087,3183 403,3183"/>
        <Baseline points="403,3125 549,3115 715,3127 987,3159 1249,3137 1491,3135 1939,3133 2087,3135"/>
        <Word id="w_w2aab1b1b2b5c29ab1">
          <Coords points="403,3021 2087,3021 2087,3183 403,3183"/>
          <TextEquiv>
            <Unicode>res choſes, celle que i'eſtime le</Unicode>
          </TextEquiv>
        </Word>
      </TextLine>
      <TextLine id="tl_21" primaryLanguage="English" custom="structure {type:default;} readingOrder {index:15;}">
        <Coords points="397,3171 2087,3171 2087,3339 397,3339"/>
        <Baseline points="397,3333 667,3303 809,3327 1063,3295 1323,3297 1717,3285 1823,3327 2087,3269"/>
        <Word id="w_w2aab1b1b2b5c31ab1">
          <Coords points="397,3171 2087,3171 2087,3339 397,3339"/>
          <TextEquiv>
            <Unicode>plus, eſt qu'il ſcait toucher ſi deli¬</Unicode>
          </TextEquiv>
          <TextStyle fontFamily="Arial" fontSize="10.0" italic="true"/>
        </Word>
      </TextLine>
      <TextLine id="tl_22" primaryLanguage="English" custom="structure {type:default;} readingOrder {index:16;}">
        <Coords points="1401,3349 1559,3349 1559,3473 1401,3473"/>
        <Baseline points="1401,3445 1559,3473"/>
        <Word id="w_w2aab1b1b2b5c33ab1">
          <Coords points="1401,3349 1559,3349 1559,3473 1401,3473"/>
          <TextEquiv>
            <Unicode>ĩ iij</Unicode>
          </TextEquiv>
          <TextStyle fontFamily="Arial" fontSize="7.0" bold="true"/>
        </Word>
      </TextLine>
    </TextRegion>
  </Page>
</PcGts>
