2479 3508
587 201 1798 350 6 L'Illustre Baſſa

583 349 2038 498 apres ceux-cy, à la teſte de ſix

582 483 2041 634 mille de ſes compagnons; cou¬

583 623 2040 772 ver d’vne robbe de drap d’or

582 759 2039 908 frizé, vne enſeigne de pierreries,

588 895 2042 1010 & vne maſſe d’Heron à ſon Tur¬

585 1029 2045 1154 ban, auec vn baſton de la Chine

583 1165 2044 1320 à la main, qui eſt la marque de

580 1305 2041 1456 ſa charge: toute cette trouppe

581 1441 2042 1590 eſtoit habillée de cette eſpece de

574 1573 2041 1728 robe, qu’ils appellent Doliman,

576 1713 2036 1828 auec le Cimeterre au coſté & le

576 1849 2039 2002 mouſquet ſur l’eſpaule. Elle fut

571 1991 2038 2138 ſuiuie de cinquante Tambours,

578 2125 2035 2276 & de cinquante Fiffres, habillés

573 2263 2038 2412 de juppes courtes, de taffetas

576 2397 2043 2510 blanc en broderie de fleurs natu¬

577 2535 2042 2690 relles rehauſſées d’or: apres ceux-

576 2673 2039 2820 cy, cent Eſclaues noirs auec des

577 2811 2046 2968 coliers d’argent & des carquans
