2479 3508
762 85 1546 186 EPISTRE.

340 216 2003 365 couvre la merueilleuſe

337 396 2000 579 Peinture, des grandes

336 570 2003 727 actions de ſa vie; ie ferois

334 758 2008 947 confeſſer icy, que ſi quel¬

337 942 2006 1131 ques Capitaines font eſ¬

328 1122 1999 1309 gallé, aucun ne l'a pu ſur¬

328 1300 2004 1491 paſſer. Mais puis que cet¬

333 1484 1996 1673 te matiere eſt trop impor¬

336 1666 1997 1847 tante pour moy, & qu'elle

329 1838 1992 2031 s’eſloigne en quelque ſor¬

337 2020 1993 2211 te de mõ ſubiet; ie paſſeray

336 2200 1995 2349 des Lauriers de Marsà ceux

341 2378 1996 2569 d’Apollon, & de ſa valeur

339 2562 1993 2759 à ſon eloquence: ou pour

336 2744 1991 2907 mieux faire encor, ie me

339 2922 1992 3101 tairay de l'vne & de l’au¬

336 3108 1995 3287 tre, puis que l’vne & l’autre
