2479 3508
854 68 1662 170 PREFACE.

369 201 2068 363 m'eſgarer, tant que te ſuiurois

374 351 2075 515 vn ſi bon guide. Ie ne ſcay encor

345 511 2072 675 ſi quelqu'vn ne trouuera point

372 667 2071 829 mauuais, que mon Heros &

371 819 2070 983 mon Heroine ne ſoyent point

379 973 2075 1135 Rois: mais outre que les gene¬

378 1131 2072 1291 reux, ne mettent gueres de dif¬

343 1283 2064 1449 ference, entre porter des couron¬

372 1439 2073 1603 nes & les meriter; outre que mon

369 1595 2068 1767 Iuſtinian, eſt d’vne Race qui a te¬

372 1747 2073 1917 nu l'Empire d’Orient; l’exemple

375 1905 2070 2073 d’Athenagoras, doit ce me ſem¬

380 2057 2071 2233 ble luy fermer la bouche: puisque

372 2215 2070 2379 Theogene & Charide, ne ſont

381 2373 2075 2539 que de ſimples Citoyens. Enfin

374 2527 2075 2693 Lecteur, les Cenſeurs peuuent ſe

373 2687 2074 2859 mettre en repos de ce coſté là, &

376 2827 2075 3005 m'y laiſſer: car ie les aſſeure, que

371 2993 2080 3163 Iuſtinian eſt de condition à com¬

374 3153 2081 3323 mander à toute la terre ; qu'I¬
