2479 3508
719 200 1996 354 Liure Premier. 5

438 357 1992 521 bales, veſtus de caſaques de da¬

428 509 1995 663 mas d’or en broderie, parurent

429 649 1990 821 les premiers dans la place de

426 797 1990 975 l’Hipodrome, & firent eſclatter

424 941 1993 1111 par toute la ville, l’harmonie

429 1089 1990 1259 guerriere, de leurs inſtruments

430 1235 1988 1405 d’argent. Ils furent ſuiuis de

432 1381 1991 1529 deux mille Archers à cheual,

425 1531 1992 1653 auec des veſtes de ſatin incar¬

420 1679 1994 1839 nat, couuertes de paſſement d’or,

426 1821 1993 1985 l’Arc d’Ebene à la main gauche,

429 1967 1990 2133 & le carquois d’yuoire pẽdu en

422 2117 1988 2279 eſcharpe. Cinquante joüeurs de

418 2263 1989 2423 Hautsbois, & cinquante joüeurs

421 2407 1984 2555 de Cimbales, ſuiuirent cette

420 2553 1982 2717 premiere trouppe, veſtus à la

428 2701 1985 2863 Grecque de velours bleu en bro¬

419 2847 1982 3013 derie d’argent. L’Aga des Ianiſ¬

416 2983 1984 3159 ſaires marchoit ſeul à pied

1450 3153 1703 3288 A iij
