2479 3508
955 87 1730 196 EPISTRE.

487 214 2134 385 eſt au deſſus de mes forces.

487 398 2141 561 Or MADEMOISELLE

479 578 2139 737 ſi les Heros de voſtre Ra¬

479 756 2139 927 ce, ont fauorisé nos Mu¬

481 942 2137 1109 ſes, les Dames de voſtre

477 1122 2139 1315 Maiſon, ne les ont pas meſ¬

473 1302 2140 1513 prisées: & toute la Cour a

478 1482 2141 1681 veu, vne illuſtre perſonne

482 1668 2142 1861 de voſtre nom, diſputer s’il

482 1846 2142 2037 faut ainſi dire, de la gloire

482 2030 2142 2221 de la Poëſie, auec ceux qui

488 2208 2159 2369 s’en diſoient les Maiſtres.

482 2392 2148 2545 Mais MADEMOI¬

496 2572 2144 2777 SELLE, pourquoy faut-il

484 2756 2150 2957 que i’aille chercher des exẽ¬

476 2930 2142 3139 ples en voſtre illuſtre Fa¬

482 3116 2148 3315 mille, & parmi les fameux
