2479 3508
654 229 1889 391 28 L’Illuſtre Baſſa

659 385 2124 535 finies, Soliman commençoit

654 531 2121 685 deſia de ſe leuer, & de ſe pre¬

651 675 2128 831 parer à s'en retourner au Ser¬

654 817 2126 975 rail, lors qu’il aperceut Oſ¬

652 961 2125 1119 man fils vnique du Baſſa de la

657 1105 2126 1265 Mer, qui fendant la preſſe &

656 1251 2123 1405 conduisant vne femme par la

653 1393 2124 1549 main, vint ſe ietter à ſes pieds

654 1541 2127 1697 auſſi bien qu'elle. Ie ſçay bien

655 1685 2128 1843 Seigneur (luy dit-il) que ma

660 1831 2127 1965 hardieſſe eſt extreme; mais ie

651 1977 2128 2135 ſçay bien auſſi que ta bonté

652 2121 2125 2273 eſt infinie. Ie n’ay toutesfois

655 2269 2129 2383 beſoin d’elle en cette rencon¬

656 2417 2129 2569 tre, que pour me permettre de

653 2567 2130 2715 te reconnoiſtre pour Iuge, &

656 2705 2127 2863 d’obtenir de toy, qu’en vn

653 2849 2127 3003 iour ou tu reçois de ſi glorieu¬

654 2993 2134 3159 ses marques de ta valeur, tu
