2479 3508
877 109 1668 211 PREFACE.

433 238 2062 403 ment, n'a obtenu ſa grace du Ciel.

431 390 2073 561 Ausſi ay-ie obſerué pour cela,

426 542 2065 705 l’esgalité des mœurs, en toutes les

404 686 2062 865 perſonnes qui agiſſent: ſi ce n'est

429 844 2044 1017 quand les pasſions les deſreglent,

425 998 2041 1163 ou quand le remors les touche.

426 1138 2065 1317 I'ay meſme eu ſoin de faire en ſor¬

422 1300 2062 1467 te, que les fautes que les Grands

425 1454 2062 1605 ont commiſes dans mon histoire,

399 1598 2064 1777 fuſſent causées par l'amour, ou

409 1760 2057 1931 par l'ambition, qui ſont les plus

420 1910 2065 2081 nobles des paßions : & qu’elles

392 2062 2048 2231 puſſent estre reiettées, ſur les mau¬

421 2216 2044 2381 uais conſeils des flateurs, afin de

419 2370 2055 2539 conſeruer touſiours, le reſpect que

419 2524 2067 2697 l’on doit aux Roys. Vous y ver¬

420 2672 2059 2855 reZ Lecteur (ſi ie ne me trompe,) la

420 2822 2062 2985 bien-ſceance des choſes et des

417 2974 2062 3157 conditions, aſſeZ exactement ob¬

387 3126 2059 3299 ſeruée: et ie n'ay rien mis en mon
