2479 3508
906 119 1713 222 PREFACE.

464 256 2136 413 que ſcay-ie, ſi dans ces euenemens

461 408 2141 573 la fortune n'a point fait autãt que

462 562 2138 722 luy? ſi ſa valeur n'eſt point vne

461 709 2141 879 valeur brutale? & s’il a ſouffert

464 864 2134 1019 en honneſte homme, les malheurs

463 1024 2138 1183 qui luy ſont arriueZ ce n'eſt point

453 1170 2136 1334 par les choſes de dehors; ce n'eſt

453 1329 2134 1487 point par les caprices du destin,

463 1477 2138 1638 que ie veux iuger de luy; c'eſt par

465 1632 2140 1795 les mouuemens de ſon ame, & par

459 1781 2138 1942 les choſes qu'il dit: i'honnore tous

465 1940 2130 2099 ceux qui eſcriuent auiourd’huy,

463 2092 2137 2248 ie connoy leur perſonne, leur ou¬

461 2243 2140 2402 urage, & leur merite: mais com¬

467 2393 2137 2555 me l'apotheoſe n'eſt que pour les

470 2555 2138 2709 morts, ils ne trouueront pas mau¬

465 2699 2141 2862 uais, que ie ne les deifie pas puis

466 2856 2149 3009 qu’ils viuent : & qu'en cette occa¬

443 3007 2139 3171 ſion, ie ne propoſe pour exemple,

464 3156 2151 3321 que le grand & l’incomparable
