2479 3508
669 234 1930 421 Liure premier. 35

393 399 1933 563 uant tes yeux (dit-elle en

398 545 1929 691 monſtrant Oſman) les deux

394 695 1924 865 plus malheureuſes perſonnes

391 847 1924 1009 qui furent iamais. Nous auons

389 1001 1922 1159 des ennemis, que nous ne

383 1141 1901 1303 pouuons & que nous ne de¬

380 1283 1899 1453 uons point haïr; à qui nous de¬

382 1435 1912 1597 vons du reſpect; à qui nous

377 1575 1898 1745 devons de l’obeïſſance; à qui

370 1725 1899 1851 nous deuons de l’affection:

374 1875 1907 2039 des ennemis diſ-ie, à qui nous

370 2021 1900 2187 devons la vie; & pour qui nous

363 2155 1904 2331 la perdrions encor avec ioye,

359 2309 1890 2482 ſi l’occaſion s'en preſentoit.

367 2463 1895 2629 C’eſt pourtant Seigneur, con¬

368 2609 1899 2779 tre de ſi cheres perſonnes que

366 2745 1896 2921 ie dois parler auiourd’huy: &

365 2905 1894 3073 pour obtenir la iuſtice que

367 3059 1901 3205 nous te demandons, & d'où

1356 3211 1617 3360 C ij
