2479 3508
588 199 1803 359 2 L'Illustre Baſſa

594 348 2085 491 bales, éueilla tout le monde dans

591 488 2088 647 I’Imperiale ville de Conſtanti¬

594 630 2090 789 nople; & fit connoſtre à cha¬

596 768 2089 929 cun, que le triomphe du grand

595 908 2094 1033 Soliman aloit commencer. Tout

597 1046 2088 1209 le peuple courut à l'inſtant, à la

608 1188 2091 1349 place de l'Hipodrome, & les

603 1328 2088 1451 moins curieux voulurent voir la

601 1472 2086 1631 magnifique entrée de ce Prince,

598 1612 2090 1771 qui reuenoit vainqueur de la

614 1750 2091 1871 Perſe. Roxelane Sultane Reine

603 1894 2090 2043 ſuiuie de toutes les autres, partit

604 2034 2093 2149 du Serrail dans des chariots d'é¬

602 2170 2089 2311 carlatte en broderie d'or, & ſe

607 2306 2091 2479 rendit à la ſuperbe loge, que

604 2432 2088 2605 l’on auoit deſtinée pour elle.

606 2592 2095 2711 Tous les Ambaſſadeurs des Prin¬

665 2730 2095 2886 es Chreſtiens, y furent prendre

717 2872 2090 3032 urs places; celuy de France eut
