2479 3508
886 93 1679 203 PREFACE.

405 229 2126 397 liure, que les Dames ne puiſſent

412 389 2125 551 lire ſans baiſſer les yeux & ſans

421 553 2124 729 rougir. Que ſi vous ne voyeZ pas

413 697 2126 867 mon Heros, perſecuté d'amour

408 863 2125 1035 par des femmes, ce n'eſt pas qu'il

415 1023 2122 1189 ne fuſt aimable, et qu'il ne puſt

398 1181 2125 1349 eſtre aimé: Mais c’eſt pour ne

421 1341 2127 1507 choquer point la bien-ſceance, en

415 1501 2132 1659 la perſonne des Dames, et la

422 1653 2131 1819 vrai-ſemblance en celle des hom¬

425 1819 2128 1981 mes, qui rarement font les cruels,

410 1973 2128 2136 & qui n'y ont pas bonne grace.

424 2137 2123 2295 Enfin, ſoit que les choſes doiuent

427 2283 2128 2459 eſtre ainſi, ſoit que i'aye iugé de

432 2447 2135 2613 mon Heros par ma foibleſſe; ie

433 2609 2133 2775 n'ay point voulu mettre ſa fidelli¬

431 2769 2134 2933 té, à cette dangereuſe eſpreuue: et

436 2929 2133 3083 ie me ſuis contenté, de n'en faire

427 3085 2132 3241 pas vn Hilas, ſans en vouloir

412 3237 2125 3407 faire vn Hipolite. Mais per¬
