4267 7915
1090 655 3408 890 TRAGEDIE. 153

100 904 3399 1130 Ne vous ſouvient-il plus, Seigneur, quel fut

259 1080 810 1207 Hector?

112 1238 2846 1432 Nos Peuples affoiblis s’en ſouviennent encor.

98 1404 3280 1616 Son nom ſeul fait fremir nos Veuves, & nos Filles,

108 1570 3080 1773 Et dans toute la Grece, il n’eſt point de Familles,

102 1736 2910 1929 Qui ne demandent conte à ce malheureux Fils,

97 1898 3223 2111 D’un Pere, ou d'un Epoux, qu’Hector leur a ravis.

103 2060 3187 2273 Et qui ſçait ce qu'un jour ce Fils peut entreprendre?

90 2202 3389 2406 Peut-eſtre dans nos Ports nous le verrons deſcen¬

309 2395 601 2549 dre,

87 2562 3163 2765 Tel qu’on a veu ſon Pere embraſer nos Vaiſſeaux,

107 2718 2801 2906 Et la flâme à la main, les ſuivre ſur les Eaux.

102 2884 2662 3092 Oſeray-je, Seigneur, dire ce que je penſe?

106 3048 3388 3268 Vous-meſme de vos ſoins craignez la recom¬

418 3218 828 3382 penſe,

98 3378 2646 3580 Et que dans voſtre ſein ce Serpent élevé

82 3540 2770 3741 Ne vous puniſſe un jour de l’avoir conſervé.

94 3706 2667 3890 Enfin, de tous les Grecs ſatisfaites l'envie,

81 3870 2693 4072 Afſſurez leur vangeance, aſſurez voſtre vie.

93 4042 2827 4244 Perdez un Ennemy d’autant plus dangereux,

97 4202 2981 4400 Qu’il s'eſſayra ſur vous à combattre contre eux.

1257 4401 2244 4542 PYRRHUS.

76 4530 2610 4743 La Gréce en ma faveur eſt trop inquiétée.

70 4692 2744 4907 De ſoins plus importans je l’ay cruë agitée,

66 4864 2878 5071 Seigneur, & ſur le nom de ſon Ambaſſadeur,

66 5030 3032 5239 J'avois dans ſes projets conceu plus de grandeur.

76 5194 2796 5398 Qui croiroit en effet, qu’une telle entrepriſe

72 5354 2854 5557 Du Fils d'Agamemnon meritaſt l'entremiſe,

77 5520 3367 5726 Qu’un Peuple tout entier, tant de fois triom¬

331 5689 759 5855 phant,

81 5844 3149 6061 N’euſt daigné conſpirer que la mort d’un Enfant?

81 6020 2517 6218 Mais à qui pretend-on que je le ſacrifie?

87 6172 2913 6390 La Gréce a-t’elle encor quelque droit ſur ſa vie?

92 6344 2846 6543 Et ſeul de tous les Grecs ne m’eſt-il pas permis

80 6504 2930 6718 D'ordonner des Captifs que le Sort m'a ſoumis.
