4267 7925
1081 729 2425 879 TRAGEDIE.

3113 780 3341 936 157

871 1869 2531 2063 SCENE IV

58 2223 3309 2436 PYRRHUS, ANDROMAQUE.

1138 2437 2226 2587 CEPHISE.

1198 2797 2174 2935 PYRRHUS.

881 2969 3126 3280 ME cherchiez-vous, Madame?

16 3276 2664 3446 Un eſpoir ſi charmant me ſeroit-il permis?

898 3452 2478 3598 ANDROMAQUE.

15 3610 3098 3783 Je paſſois juſqu’aux lieux, où l’on garde mon Fils.

27 3774 2927 3949 Puis qu’une fois le jour vous ſouffrez que je yoye

15 3940 3159 4119 Le ſeul bien qui me reſte, & d’Hector & de Troye,

11 4108 3025 4281 J'allois, Seigneur, pleurer un moment avec luy,

10 4274 2975 4445 Je ne l’ay point encore embraſſé d’aujourd’huy.

1162 4446 2170 4578 PYRRHUS.

16 4598 3322 4769 Ah, Madame! Les Grecs, ſi j’en çroy leurs allar¬

336 4809 652 4919 mes,

15 4928 3196 5095 Vous donneront bien-toſt d’autres ſujets de larmes.

867 5102 2483 5258 ANDROMAQUE.

21 5248 3117 5423 Et quelle eſt cette peur dont leur Cœur eſt frappé,

10 5418 3029 5603 Seigneur? Quelque Troyen vous eſt-il échappé?

1172 5602 2152 5724 PYRRHUS.

10 5744 2974 5921 Leur haine pour Hector n’eſt pas encore éteinte.

22 5918 1420 6058 Ils redoutent ſon Fils.

870 6092 2470 6234 ANDROMAQUE.

1413 6240 3182 6421 Digne Objet de leur crainte!

21 6404 2931 6587 Un Enfant malheureux, qui ne ſçait pas encor

27 6564 3303 6755 Que Pyrrhus est ſon Maître, & qu'il eſt Fils d'Hector.
