4267 7683
843 538 3326 807 156 ANDROMAQUE.

834 834 3509 1037 Ie puis l’aimer, ſans eſtre Eſclave de ſon Pere.

835 996 3418 1197 Et je ſçauray peut-eſtre accorder en ce jour

830 1164 3910 1378 Les ſoins de ma grandeur, & ceux de mon amour.

835 1326 3610 1512 Vous pouvez cependant voir la Fille d’Helene.

826 1483 3550 1681 Du ſang qui vous unit je ſçay l’étroite chaîne.

834 1645 3544 1839 Apres cela, Seigneur, je ne vous retiens plus,

835 1811 3809 1997 Et vous pourrez aux Grecs annoncer mon refus.

1561 2614 3205 2818 SCENE. III.

1154 2987 3730 3194 PYRRHUS, PHOENIX.

1926 3350 2900 3506 PHOENIX.

809 3550 3994 3837 Ainſi vous renvoyez aux pieds de ſa Mai¬

1452 3713 1903 3846 ſtreſſe?

1896 3888 2923 4029 PYRRHUS.

815 4034 3894 4234 On dit qu’il a long-temps bruſlé pour la Princeſſe.

1930 4216 2913 4353 PHOENIX.

811 4353 3534 4548 Mais ſi ce feu, Seigneur, vient à ſe rallumer,

806 4516 3779 4710 S’il luy rendoit ſon Cœur, s’il s’en faiſoit aimer!

1927 4697 2914 4834 PYRRHUS.

810 4831 3990 5047 Ah! qu'ils s’aiment, Phœnix, j’y conſens. Qu'elle

1125 5039 1478 5158 parte.

808 5153 3971 5357 Que charmez l'un de l’autre, ils retournent à Sparte.

804 5311 3968 5523 Tous nos Ports ſont ouverts & pour elle & pour luy.

803 5474 3694 5674 Qu’elle m’épargneroit de contrainte & d’ennuy!

1906 5654 2898 5799 PHOENIX.

806 5801 1654 5963 Seigneur....

1910 5974 2869 6101 PYRRHUS.

1328 6118 3724 6318 Une autre fois je t'ouvriray mon Ame,

813 6269 2103 6450 Andromaque paroiſt.
