4267 7905
1193 689 3520 899 TRAGEDIE. 161

175 931 3395 1150 Aux cendres d’un Epoux doit-elle enfin ſa flâme?

174 1103 2902 1309 Et quel Epoux encore! Ah ſouvenir cruel!

160 1249 3050 1443 Sa mort ſeule a rendu voſtre Pere immortel.

163 1427 3256 1640 Il doit au ſang d’Hector tout l’éclat de ſes armes,

159 1599 3503 1808 Et vous n’eſtes tous deux connus que par mes lar¬

303 1797 600 1905 mes.

1312 1946 2308 2096 PYRRHUS.

138 2083 3174 2283 Hé bien, Madame, hé bien, il faut vous obeïr.

138 2245 2804 2446 Il faut vous oublier, ou plûtoſt vous haïr.

137 2419 3487 2630 Oüy, mes vœux ont trop loin pouſſé leur violence,

133 2573 3009 2787 Pour ne plus s’areſter que dans l'indifference.

128 2738 3404 2961 Songez-y bien. Il faut deſormais que mon Cœur,

124 2908 2994 3107 S’il n’aime avec tranſport, haïſſe avec fureur.

107 3066 2917 3279 Je n’épargneray rien dans ma juſte colere.

107 3228 2947 3440 Le Fils me répondra des mépris de la Mere,

103 3392 2741 3599 La Gréce le demande, & je ne prétens pas

108 3562 3130 3785 Mettre toûjours ma gloire à ſauver des Ingrats.

942 3747 2556 3928 ANDROMAQUE.

85 3882 3041 4097 Helas! il mourra donc. Il n’a pour ſa défenſe,

91 4050 3239 4264 Que les Pleurs de ſa Mere, & que ſon Innocence.

87 4216 2885 4419 Et peut eſtre apres tout, en l'eſtat ou je ſuis,

80 4374 2648 4558 Sa mort avancera la fin de mes ennuis.

70 4542 3034 4755 Je prolongeons pour luy ma vie, & ma miſere.

67 4704 2849 4911 Mais enfin ſur ſes pas j’iray revoir ſon Pere.

67 4870 3251 5086 Ainſi, tous trois, Seigneur, par vos ſoins reünis,

65 5028 1219 5195 Nos Cœurs....

1218 5229 2232 5370 PYRRHUS.

714 5371 3102 5564 Allez, Madame, allez voir voſtre Fils.

55 5512 3256 5735 Peut-eſtre en le voyant, voſtre amour plus timide,

49 5678 2953 5900 Ne prendra pas toûjours ſa colere pour guide.

44 5838 3091 6064 Pour ſçavoir nos deſtins, j’iray vous retrouver.

46 6006 2984 6237 Madame, en l’embraſſant, ſongez à le ſauver.

942 6305 2516 6522 Fin du premier Acte.

2491 6732 2612 6837 O
