4267 7647
852 604 3408 796 160 ANDROMAQUE.

866 861 4055 1030 Je puis, en moins de temps que les Grecs ne l'ont

1036 1056 1336 1167 pris,

867 1179 3642 1321 Dans ſes Murs relevez couronner voſtre Fils.

1675 1342 3153 1482 ANDROMAQUE.

870 1491 4045 1680 Seigneur, tant de grandeurs ne nous touchent plus

1032 1654 1427 1815 guére,

872 1817 3556 1981 Je les luy promettois tant qu’a vécu ſon Pere.

881 1978 3766 2134 Non, vous n’eſperez plus de nous revoir encor,

877 2137 3875 2296 Sacrez Murs, que n’a pu conſerver mon Hector.

880 2294 3919 2470 A de moindres faveurs des mal-heureux prétendent,

882 2452 4034 2620 Seigneur. C’eſt un Exil que mes pleurs vous deman¬

1016 2614 1326 2739 dent.

877 2763 3975 2954 Souffrez que loin des Grecs, & meſme loin de vous,

881 2926 3707 3089 J’aille cacher mon Fils, & pleurer mon Epoux.

890 3082 3777 3244 Voſtre amour contre nous allume trop de haine.

886 3225 3416 3403 Retournez, retournez à la Fille d’Helene.

1907 3416 3040 3546 PYRRHUS.

887 3562 3879 3736 Et le puis-je, Madame? Ah, que vous me geſnez!

896 3726 4035 3896 Comment luy rendre un Cœur que vous me rete¬

1036 3912 1330 4005 nez?

881 4042 3756 4216 Je ſçay que de mes vœux on luy promit l’empire.

891 4208 3765 4372 je ſçay que pour regner elle vint dans l’Epire.

883 4366 3705 4523 Le Sort vous y voulut l’une & l’autre amener,

886 4522 3781 4684 Vous pour porter des fers, Elle pour en donner.

896 4684 3776 4852 Cependant ay-je pris quelque ſoin de luy plaire?

887 4848 3602 5007 Et ne diroit-on pas, en voyant au contraire,

887 5000 3909 5176 Vos charmes tout-puiſſans, & les ſiens dédaignez,

886 5162 3685 5335 Qu'elle eſt icy Captive, & que vous y regnez?

886 5320 4040 5500 Ah! qu’un ſeul des ſoûpirs, que mon Cœur vous

1195 5526 1700 5642 envoye,

885 5640 3581 5817 S’il s’échapoit vers elle, y porterait de joye!

1595 5814 3391 5971 ANDROMAQUE.

886 5962 3771 6138 Et pourquoy vos ſoûpirs ſeroient-ils repouſſez?

896 6120 3252 6280 Auroit-elle oublié vos ſervices paſſez?

891 6290 3934 6452 Troye, Hector, contre vous revoltent-ils ſon Ame?

3835 6449 4059 6572 Aux
