<?xml version="1.0" encoding="UTF-8"?>
<PcGts xmlns="http://schema.primaresearch.org/PAGE/gts/pagecontent/2013-07-15" xmlns:xsi="http://www.w3.org/2001/XMLSchema-instance" xmlns:xs="http://www.w3.org/2001/XMLSchema" xmlns:pr="http://schema.primaresearch.org/PAGE/gts/pagecontent/2013-07-15" xsi:schemaLocation="http://schema.primaresearch.org/PAGE/gts/pagecontent/2013-07-15 http://schema.primaresearch.org/PAGE/gts/pagecontent/2013-07-15/pagecontent.xsd">
  <Metadata>
        <Creator/>
        <Created>2019-01-04T14:51:34.576+01:00</Created>
        <LastChange>2019-07-29T12:01:36.915+02:00</LastChange>
        <Comments>
                Measurement unit: pixel
                PrimaryLanguage: English
                Language: FrenchStandard
                Producer: ABBYY FineReader Engine 11</Comments>
        <TranskribusMetadata docId="189251" pageId="7488969" pageNr="177" tsid="13175111" status="DONE" userId="10612" imgUrl="https://files.transkribus.eu/Get?id=KOTSTVUWQZQQBVWFTUNNIJRO&amp;fileType=view" xmlUrl="https://files.transkribus.eu/Get?id=JSUWRYTHQKQOQGCETMKGTXDZ" imageId="2284743"/>
    </Metadata>
  <Page imageFilename="Racine1676_Oeuvres1_cb31168676r_corrected_0177.png" imageWidth="4267" imageHeight="7896">
    <PrintSpace>
            <Coords points="0,83 4162,83 4162,6672 0,6672"/>
        </PrintSpace>
    <ReadingOrder>
            <OrderedGroup id="ro_1604235677099" caption="Regions reading order">
                <RegionRefIndexed index="0" regionRef="r_1_1"/>
                <RegionRefIndexed index="1" regionRef="r_1_2"/>
                <RegionRefIndexed index="2" regionRef="r_1_3"/>
                <RegionRefIndexed index="3" regionRef="r_1_4"/>
                <RegionRefIndexed index="4" regionRef="r_1_5"/>
                <RegionRefIndexed index="5" regionRef="r_1_6"/>
                <RegionRefIndexed index="6" regionRef="r_1_7"/>
                <RegionRefIndexed index="7" regionRef="r_1_8"/>
                <RegionRefIndexed index="8" regionRef="r_1_9"/>
                <RegionRefIndexed index="9" regionRef="r_1_10"/>
                <RegionRefIndexed index="10" regionRef="r_1_11"/>
                <RegionRefIndexed index="11" regionRef="r_1_12"/>
                <RegionRefIndexed index="12" regionRef="r_1_13"/>
                <RegionRefIndexed index="13" regionRef="r_1_14"/>
                <RegionRefIndexed index="14" regionRef="r_1_15"/>
                <RegionRefIndexed index="15" regionRef="r_1_16"/>
                <RegionRefIndexed index="16" regionRef="r_1_17"/>
                <RegionRefIndexed index="17" regionRef="r_1_18"/>
                <RegionRefIndexed index="18" regionRef="r_1_19"/>
                <RegionRefIndexed index="19" regionRef="r_1_20"/>
                <RegionRefIndexed index="20" regionRef="r_1_21"/>
                <RegionRefIndexed index="21" regionRef="r_1_22"/>
                <RegionRefIndexed index="22" regionRef="r_1_23"/>
                <RegionRefIndexed index="23" regionRef="r_1_24"/>
                <RegionRefIndexed index="24" regionRef="r_1_25"/>
            </OrderedGroup>
        </ReadingOrder>
    <TextRegion type="paragraph" id="r_1_1" custom="readingOrder {index:0;}">
      <Coords points="1229,613 3515,613 3515,830 1229,830"/>
      <TextLine id="tl_1" primaryLanguage="English" custom="structure {type:default;} readingOrder {index:0;}">
        <Coords points="1230,614 3514,614 3514,829 1230,829"/>
        <Baseline points="1230,765 2578,763 3514,826"/>
        <Word id="w_w2aab1b1b2b1b1ab1">
          <Coords points="1230,614 3514,614 3514,829 1230,829"/>
          <TextEquiv>
            <Unicode>TRAGEDIE. 155</Unicode>
          </TextEquiv>
          <TextStyle fontFamily="Times New Roman" fontSize="11.0"/>
        </Word>
      </TextLine>
    </TextRegion>
    <TextRegion type="paragraph" id="r_1_2" custom="readingOrder {index:1;}">
      <Coords points="206,850 3046,850 3046,1038 206,1038"/>
      <TextLine id="tl_2" primaryLanguage="English" custom="structure {type:default;} readingOrder {index:0;}">
        <Coords points="207,851 3045,851 3045,1037 207,1037"/>
        <Baseline points="207,979 541,978 665,982 967,1030 1261,984 1729,983 1877,983 2103,985 2551,988 2643,984 2967,984 3045,988"/>
        <Word id="w_w2aab1b1b2b3b1ab1">
          <Coords points="207,851 3045,851 3045,1037 207,1037"/>
          <TextEquiv>
            <Unicode>Dans le ſang d'un Enfant je me baigne à loiſir?</Unicode>
          </TextEquiv>
          <TextStyle fontFamily="Times New Roman" fontSize="8.5"/>
        </Word>
      </TextLine>
    </TextRegion>
    <TextRegion type="paragraph" id="r_1_3" custom="readingOrder {index:2;}">
      <Coords points="206,1028 3364,1028 3364,1355 206,1355"/>
      <TextLine id="tl_3" primaryLanguage="English" custom="structure {type:default;} readingOrder {index:0;}">
        <Coords points="207,1029 3363,1029 3363,1203 207,1203"/>
        <Baseline points="207,1147 501,1142 587,1178 1251,1170 1637,1147 1817,1147 2211,1148 2849,1148 3363,1153"/>
        <Word id="w_w2aab1b1b2b5b1ab1">
          <Coords points="207,1029 3363,1029 3363,1203 207,1203"/>
          <TextEquiv>
            <Unicode>Non, Seigneur. Que les Grecs cherchent quelque</Unicode>
          </TextEquiv>
          <TextStyle fontFamily="Times New Roman" fontSize="8.5"/>
        </Word>
      </TextLine>
      <TextLine id="tl_4" primaryLanguage="English" custom="structure {type:default;} readingOrder {index:1;}">
        <Coords points="421,1214 1236,1214 1236,1354 421,1354"/>
        <Baseline points="421,1306 732,1308 1132,1312 1236,1344"/>
        <Word id="w_w2aab1b1b2b5b3ab1">
          <Coords points="421,1214 1236,1214 1236,1354 421,1354"/>
          <TextEquiv>
            <Unicode>autre Proye,</Unicode>
          </TextEquiv>
          <TextStyle fontFamily="Times New Roman" fontSize="8.5"/>
        </Word>
      </TextLine>
    </TextRegion>
    <TextRegion type="paragraph" id="r_1_4" custom="readingOrder {index:3;}">
      <Coords points="211,1350 3149,1350 3149,1676 211,1676"/>
      <TextLine id="tl_5" primaryLanguage="English" custom="structure {type:default;} readingOrder {index:0;}">
        <Coords points="212,1351 3148,1351 3148,1525 212,1525"/>
        <Baseline points="212,1503 588,1472 1344,1475 1800,1471 1956,1471 2196,1476 2500,1476 2670,1476 3014,1518 3148,1507"/>
        <Word id="w_w2aab1b1b2b7b1ab1">
          <Coords points="212,1351 3148,1351 3148,1525 212,1525"/>
          <TextEquiv>
            <Unicode>Qu'ils pourſuivent ailleurs ce qui reſte de Troye,</Unicode>
          </TextEquiv>
        </Word>
      </TextLine>
      <TextLine id="tl_6" primaryLanguage="English" custom="structure {type:default;} readingOrder {index:1;}">
        <Coords points="212,1516 2500,1516 2500,1675 212,1675"/>
        <Baseline points="212,1637 402,1637 686,1636 1292,1638 1426,1641 1790,1637 1986,1637 2432,1636 2500,1672"/>
        <Word id="w_w2aab1b1b2b7b3ab1">
          <Coords points="212,1516 2500,1516 2500,1675 212,1675"/>
          <TextEquiv>
            <Unicode>De mes inimitiez le cours eſt achevé,</Unicode>
          </TextEquiv>
          <TextStyle fontFamily="Times New Roman" fontSize="8.5"/>
        </Word>
      </TextLine>
    </TextRegion>
    <TextRegion type="paragraph" id="r_1_5" custom="readingOrder {index:4;}">
      <Coords points="215,1681 2589,1681 2589,1850 215,1850"/>
      <TextLine id="tl_7" primaryLanguage="English" custom="structure {type:default;} readingOrder {index:0;}">
        <Coords points="216,1682 2588,1682 2588,1849 216,1849"/>
        <Baseline points="216,1805 686,1806 1188,1806 1380,1809 1632,1805 2058,1801 2170,1805 2588,1826"/>
        <Word id="w_w2aab1b1b2b9b1ab1">
          <Coords points="216,1682 2588,1682 2588,1849 216,1849"/>
          <TextEquiv>
            <Unicode>L’Epire ſauvera ce que Troye a ſauvé.</Unicode>
          </TextEquiv>
          <TextStyle fontFamily="Times New Roman" fontSize="8.5"/>
        </Word>
      </TextLine>
    </TextRegion>
    <TextRegion type="paragraph" id="r_1_6" custom="readingOrder {index:5;}">
      <Coords points="1443,1859 2265,1859 2265,1992 1443,1992"/>
      <TextLine id="tl_8" primaryLanguage="English" custom="structure {type:default;} readingOrder {index:0;}">
        <Coords points="1444,1860 2264,1860 2264,1991 1444,1991"/>
        <Baseline points="1444,1971 2264,1990"/>
        <Word id="w_w2aab1b1b2c11b1ab1">
          <Coords points="1444,1860 2264,1860 2264,1991 1444,1991"/>
          <TextEquiv>
            <Unicode>ORESTE.</Unicode>
          </TextEquiv>
          <TextStyle fontFamily="Times New Roman" fontSize="8.5"/>
        </Word>
      </TextLine>
    </TextRegion>
    <TextRegion type="paragraph" id="r_1_7" custom="readingOrder {index:6;}">
      <Coords points="205,2010 3082,2010 3082,2484 205,2484"/>
      <TextLine id="tl_9" primaryLanguage="English" custom="structure {type:default;} readingOrder {index:0;}">
        <Coords points="206,2011 3081,2011 3081,2183 206,2183"/>
        <Baseline points="206,2139 834,2166 1188,2130 1610,2129 1904,2171 2006,2165 2346,2134 2634,2134 3080,2134"/>
        <Word id="w_w2aab1b1b2c13b1ab1">
          <Coords points="206,2011 3081,2011 3081,2183 206,2183"/>
          <TextEquiv>
            <Unicode>Seigneur, vous ſçavez trop, avec quel artifice</Unicode>
          </TextEquiv>
          <TextStyle fontFamily="Times New Roman" fontSize="8.5"/>
        </Word>
      </TextLine>
      <TextLine id="tl_10" primaryLanguage="English" custom="structure {type:default;} readingOrder {index:1;}">
        <Coords points="212,2174 2515,2174 2515,2343 212,2343"/>
        <Baseline points="213,2331 419,2319 705,2300 1313,2293 1503,2295 1863,2295 2033,2295 2515,2294"/>
        <Word id="w_w2aab1b1b2c13b3ab1">
          <Coords points="212,2174 2515,2174 2515,2343 212,2343"/>
          <TextEquiv>
            <Unicode>Un faux Aſtyanax fut offert au Suplice</Unicode>
          </TextEquiv>
          <TextStyle fontFamily="Times New Roman" fontSize="8.5"/>
        </Word>
      </TextLine>
      <TextLine id="tl_11" primaryLanguage="English" custom="structure {type:default;} readingOrder {index:2;}">
        <Coords points="221,2340 2901,2340 2901,2483 221,2483"/>
        <Baseline points="221,2465 417,2465 543,2464 777,2464 1009,2464 1615,2459 2033,2459 2345,2462 2901,2480"/>
        <Word id="w_w2aab1b1b2c13b5ab1">
          <Coords points="221,2340 2901,2340 2901,2483 221,2483"/>
          <TextEquiv>
            <Unicode>Où le ſeul Fils d’Hector devoit eſtre conduit.</Unicode>
          </TextEquiv>
          <TextStyle fontFamily="Times New Roman" fontSize="8.5"/>
        </Word>
      </TextLine>
    </TextRegion>
    <TextRegion type="paragraph" id="r_1_8" custom="readingOrder {index:7;}">
      <Coords points="230,2502 3514,2502 3514,2809 230,2809"/>
      <TextLine id="tl_12" primaryLanguage="English" custom="structure {type:default;} readingOrder {index:0;}">
        <Coords points="231,2503 3513,2503 3513,2679 231,2679"/>
        <Baseline points="231,2633 407,2629 741,2624 999,2628 1199,2624 1775,2623 1889,2659 2227,2628 2731,2628 3121,2623 3513,2607"/>
        <Word id="w_w2aab1b1b2c15b1ab1">
          <Coords points="231,2503 3513,2503 3513,2679 231,2679"/>
          <TextEquiv>
            <Unicode>Ce n’eſt pas les Troyens, c'eſt Hector qu’on pour¬</Unicode>
          </TextEquiv>
          <TextStyle fontFamily="Times New Roman" fontSize="8.5"/>
        </Word>
      </TextLine>
      <TextLine id="tl_13" primaryLanguage="English" custom="structure {type:default;} readingOrder {index:1;}">
        <Coords points="535,2678 781,2678 781,2808 535,2808"/>
        <Baseline points="535,2792 781,2808"/>
        <Word id="w_w2aab1b1b2c15b3ab1">
          <Coords points="535,2678 781,2678 781,2808 535,2808"/>
          <TextEquiv>
            <Unicode>ſuit.</Unicode>
          </TextEquiv>
          <TextStyle fontFamily="Times New Roman" fontSize="8.5"/>
        </Word>
      </TextLine>
    </TextRegion>
    <TextRegion type="paragraph" id="r_1_9" custom="readingOrder {index:8;}">
      <Coords points="220,2835 2906,2835 2906,3002 220,3002"/>
      <TextLine id="tl_14" primaryLanguage="English" custom="structure {type:default;} readingOrder {index:0;}">
        <Coords points="221,2836 2905,2836 2905,3001 221,3001"/>
        <Baseline points="221,2957 535,2984 721,2952 1111,2952 1307,2957 1445,2963 1717,2953 2423,2952 2557,2952 2905,2978"/>
        <Word id="w_w2aab1b1b2c17b1ab1">
          <Coords points="221,2836 2905,2836 2905,3001 221,3001"/>
          <TextEquiv>
            <Unicode>Oüy, les Grecs ſur le Fils perſecutent le Pere.</Unicode>
          </TextEquiv>
          <TextStyle fontFamily="Times New Roman" fontSize="8.5"/>
        </Word>
      </TextLine>
    </TextRegion>
    <TextRegion type="paragraph" id="r_1_10" custom="readingOrder {index:9;}">
      <Coords points="220,2999 2595,2999 2595,3172 220,3172"/>
      <TextLine id="tl_15" primaryLanguage="English" custom="structure {type:default;} readingOrder {index:0;}">
        <Coords points="221,3000 2594,3000 2594,3171 221,3171"/>
        <Baseline points="221,3117 320,3117 414,3113 654,3122 954,3158 1142,3118 1358,3121 1446,3169 1882,3117 2146,3121 2594,3138"/>
        <Word id="w_w2aab1b1b2c19b1ab1">
          <Coords points="221,3000 2594,3000 2594,3171 221,3171"/>
          <TextEquiv>
            <Unicode>Il a par trop de ſang acheté leur colere.</Unicode>
          </TextEquiv>
          <TextStyle fontFamily="Times New Roman" fontSize="8.5"/>
        </Word>
      </TextLine>
    </TextRegion>
    <TextRegion type="paragraph" id="r_1_11" custom="readingOrder {index:10;}">
      <Coords points="225,3163 2917,3163 2917,3336 225,3336"/>
      <TextLine id="tl_16" primaryLanguage="English" custom="structure {type:default;} readingOrder {index:0;}">
        <Coords points="226,3164 2916,3164 2916,3335 226,3335"/>
        <Baseline points="226,3287 408,3277 722,3282 978,3282 1282,3282 1410,3287 1678,3287 2104,3287 2386,3282 2846,3286 2916,3322"/>
        <Word id="w_w2aab1b1b2c21b1ab1">
          <Coords points="226,3164 2916,3164 2916,3335 226,3335"/>
          <TextEquiv>
            <Unicode>Ce n’eſt que dans le ſien qu’elle peut expirer,</Unicode>
          </TextEquiv>
          <TextStyle fontFamily="Times New Roman" fontSize="8.5"/>
        </Word>
      </TextLine>
    </TextRegion>
    <TextRegion type="paragraph" id="r_1_12" custom="readingOrder {index:11;}">
      <Coords points="221,3329 2639,3329 2639,3500 221,3500"/>
      <TextLine id="tl_17" primaryLanguage="English" custom="structure {type:default;} readingOrder {index:0;}">
        <Coords points="222,3330 2638,3330 2638,3499 222,3499"/>
        <Baseline points="222,3451 366,3447 824,3446 1142,3450 1250,3462 1606,3455 1708,3451 1894,3451 2192,3450 2638,3472"/>
        <Word id="w_w2aab1b1b2c23b1ab1">
          <Coords points="222,3330 2638,3330 2638,3499 222,3499"/>
          <TextEquiv>
            <Unicode>Et juſques dans l'Epire il les peut attirer.</Unicode>
          </TextEquiv>
          <TextStyle fontFamily="Times New Roman" fontSize="8.5"/>
        </Word>
      </TextLine>
    </TextRegion>
    <TextRegion type="paragraph" id="r_1_13" custom="readingOrder {index:12;}">
      <Coords points="215,3499 1015,3499 1015,3638 215,3638"/>
      <TextLine id="tl_18" primaryLanguage="English" custom="structure {type:default;} readingOrder {index:0;}">
        <Coords points="216,3500 1014,3500 1014,3637 216,3637"/>
        <Baseline points="216,3617 782,3610 1014,3636"/>
        <Word id="w_w2aab1b1b2c25b1ab1">
          <Coords points="216,3500 1014,3500 1014,3637 216,3637"/>
          <TextEquiv>
            <Unicode>Prevenez les.</Unicode>
          </TextEquiv>
          <TextStyle fontFamily="Times New Roman" fontSize="8.5"/>
        </Word>
      </TextLine>
    </TextRegion>
    <TextRegion type="paragraph" id="r_1_14" custom="readingOrder {index:13;}">
      <Coords points="1499,3669 2459,3669 2459,3802 1499,3802"/>
      <TextLine id="tl_19" primaryLanguage="English" custom="structure {type:default;} readingOrder {index:0;}">
        <Coords points="1500,3670 2458,3670 2458,3801 1500,3801"/>
        <Baseline points="1500,3779 2458,3800"/>
        <Word id="w_w2aab1b1b2c27b1ab1">
          <Coords points="1500,3670 2458,3670 2458,3801 1500,3801"/>
          <TextEquiv>
            <Unicode>PYRRHUS.</Unicode>
          </TextEquiv>
          <TextStyle fontFamily="Times New Roman" fontSize="8.5"/>
        </Word>
      </TextLine>
    </TextRegion>
    <TextRegion type="paragraph" id="r_1_15" custom="readingOrder {index:14;}">
      <Coords points="905,3829 3004,3829 3004,3993 905,3993"/>
      <TextLine id="tl_20" primaryLanguage="English" custom="structure {type:default;} readingOrder {index:0;}">
        <Coords points="906,3830 3003,3830 3003,3992 906,3992"/>
        <Baseline points="906,3950 1194,3944 1277,3975 1615,3959 1859,3991 2354,3940 2664,3940 3003,3966"/>
        <Word id="w_w2aab1b1b2c29b1ab1">
          <Coords points="906,3830 3003,3830 3003,3992 906,3992"/>
          <TextEquiv>
            <Unicode>Non, non. J’y conſens avec joye.</Unicode>
          </TextEquiv>
          <TextStyle fontFamily="Times New Roman" fontSize="8.5"/>
        </Word>
      </TextLine>
    </TextRegion>
    <TextRegion type="paragraph" id="r_1_16" custom="readingOrder {index:15;}">
      <Coords points="216,3982 3504,3982 3504,4496 216,4496"/>
      <TextLine id="tl_21" primaryLanguage="English" custom="structure {type:default;} readingOrder {index:0;}">
        <Coords points="217,3983 3241,3983 3241,4157 217,4157"/>
        <Baseline points="217,4145 583,4114 1237,4108 1543,4109 1651,4109 1991,4119 2239,4114 2747,4104 3241,4129"/>
        <Word id="w_w2aab1b1b2c31b1ab1">
          <Coords points="217,3983 3241,3983 3241,4157 217,4157"/>
          <TextEquiv>
            <Unicode>Qu'ils cherchent dans l'Epire une ſeconde Troye.</Unicode>
          </TextEquiv>
          <TextStyle fontFamily="Times New Roman" fontSize="8.5"/>
        </Word>
      </TextLine>
      <TextLine id="tl_22" primaryLanguage="English" custom="structure {type:default;} readingOrder {index:1;}">
        <Coords points="221,4147 3503,4147 3503,4327 221,4327"/>
        <Baseline points="221,4321 593,4278 1369,4273 1621,4273 2001,4283 2093,4315 2299,4284 2489,4274 3241,4273 3503,4279"/>
        <Word id="w_w2aab1b1b2c31b3ab1">
          <Coords points="221,4147 3503,4147 3503,4327 221,4327"/>
          <TextEquiv>
            <Unicode>Qu'ils confondent leur haine, &amp; ne diſtinguent plus</Unicode>
          </TextEquiv>
          <TextStyle fontFamily="Times New Roman" fontSize="8.5"/>
        </Word>
      </TextLine>
      <TextLine id="tl_23" primaryLanguage="English" custom="structure {type:default;} readingOrder {index:2;}">
        <Coords points="217,4321 3193,4321 3193,4495 217,4495"/>
        <Baseline points="217,4449 367,4449 675,4494 937,4442 1123,4438 1281,4438 1775,4443 1883,4479 2083,4449 2413,4490 2629,4438 3193,4463"/>
        <Word id="w_w2aab1b1b2c31b5ab1">
          <Coords points="217,4321 3193,4321 3193,4495 217,4495"/>
          <TextEquiv>
            <Unicode>Le ſang qui les fit vaincre, &amp; celuy des Vaincus.</Unicode>
          </TextEquiv>
          <TextStyle fontFamily="Times New Roman" fontSize="8.5"/>
        </Word>
      </TextLine>
    </TextRegion>
    <TextRegion type="paragraph" id="r_1_17" custom="readingOrder {index:16;}">
      <Coords points="210,4483 2918,4483 2918,4652 210,4652"/>
      <TextLine id="tl_24" primaryLanguage="English" custom="structure {type:default;} readingOrder {index:0;}">
        <Coords points="211,4484 2917,4484 2917,4651 211,4651"/>
        <Baseline points="211,4623 519,4612 833,4608 1023,4608 1339,4603 1575,4603 1709,4607 2289,4612 2433,4608 2829,4608 2917,4644"/>
        <Word id="w_w2aab1b1b2c33b1ab1">
          <Coords points="211,4484 2917,4484 2917,4651 211,4651"/>
          <TextEquiv>
            <Unicode>Auſſi bien ce n’eſt pas la premiere injuſtice,</Unicode>
          </TextEquiv>
          <TextStyle fontFamily="Times New Roman" fontSize="8.5"/>
        </Word>
      </TextLine>
    </TextRegion>
    <TextRegion type="paragraph" id="r_1_18" custom="readingOrder {index:17;}">
      <Coords points="220,4645 2784,4645 2784,4826 220,4826"/>
      <TextLine id="tl_25" primaryLanguage="English" custom="structure {type:default;} readingOrder {index:0;}">
        <Coords points="221,4646 2783,4646 2783,4825 221,4825"/>
        <Baseline points="221,4783 561,4772 691,4776 1173,4798 1739,4771 1857,4777 2175,4773 2295,4778 2783,4788"/>
        <Word id="w_w2aab1b1b2c35b1ab1">
          <Coords points="221,4646 2783,4646 2783,4825 221,4825"/>
          <TextEquiv>
            <Unicode>Dont la Gréce, d’Achille a payé le ſervice.</Unicode>
          </TextEquiv>
          <TextStyle fontFamily="Times New Roman" fontSize="8.5"/>
        </Word>
      </TextLine>
    </TextRegion>
    <TextRegion type="paragraph" id="r_1_19" custom="readingOrder {index:18;}">
      <Coords points="220,4814 3041,4814 3041,5022 220,5022"/>
      <TextLine id="tl_26" primaryLanguage="English" custom="structure {type:default;} readingOrder {index:0;}">
        <Coords points="221,4815 3040,4815 3040,5021 221,5021"/>
        <Baseline points="222,4947 670,4942 844,4936 1358,4967 2032,4973 2208,4941 2710,4932 3040,4948"/>
        <Word id="w_w2aab1b1b2c37b1ab1">
          <Coords points="221,4815 3040,4815 3040,5021 221,5021"/>
          <TextEquiv>
            <Unicode>Hector en profita, Seigneur, &amp; quelque jour.</Unicode>
          </TextEquiv>
          <TextStyle fontFamily="Times New Roman" fontSize="8.5"/>
        </Word>
      </TextLine>
    </TextRegion>
    <TextRegion type="paragraph" id="r_1_20" custom="readingOrder {index:19;}">
      <Coords points="215,4981 2959,4981 2959,5288 215,5288"/>
      <TextLine id="tl_27" primaryLanguage="English" custom="structure {type:default;} readingOrder {index:0;}">
        <Coords points="216,4982 2958,4982 2958,5149 216,5149"/>
        <Baseline points="216,5121 470,5110 710,5106 902,5106 1446,5095 1740,5101 2248,5100 2372,5106 2618,5100 2958,5116"/>
        <Word id="w_w2aab1b1b2c39b1ab1">
          <Coords points="216,4982 2958,4982 2958,5149 216,5149"/>
          <TextEquiv>
            <Unicode>Son Fils en pourroit bien profiter à ſon tour.</Unicode>
          </TextEquiv>
          <TextStyle fontFamily="Times New Roman" fontSize="8.5"/>
        </Word>
      </TextLine>
      <TextLine id="tl_28" primaryLanguage="English" custom="structure {type:default;} readingOrder {index:1;}">
        <Coords points="1480,5160 2310,5160 2310,5287 1480,5287"/>
        <Baseline points="1480,5271 2310,5286"/>
        <Word id="w_w2aab1b1b2c39b3ab1">
          <Coords points="1480,5160 2310,5160 2310,5287 1480,5287"/>
          <TextEquiv>
            <Unicode>ORESTE.</Unicode>
          </TextEquiv>
          <TextStyle fontFamily="Times New Roman" fontSize="8.5"/>
        </Word>
      </TextLine>
    </TextRegion>
    <TextRegion type="paragraph" id="r_1_21" custom="readingOrder {index:20;}">
      <Coords points="215,5298 3175,5298 3175,5618 215,5618"/>
      <TextLine id="tl_29" primaryLanguage="English" custom="structure {type:default;} readingOrder {index:0;}">
        <Coords points="216,5299 3174,5299 3174,5455 216,5455"/>
        <Baseline points="216,5455 536,5446 674,5440 1092,5442 1286,5436 1606,5429 2032,5435 2218,5430 2684,5424 3040,5420 3174,5423"/>
        <Word id="w_w2aab1b1b2c41b1ab1">
          <Coords points="216,5299 3174,5299 3174,5455 216,5455"/>
          <TextEquiv>
            <Unicode>Ainſi la Gréce en vous trouve un Enfant rebelle?</Unicode>
          </TextEquiv>
        </Word>
      </TextLine>
      <TextLine id="tl_30" primaryLanguage="English" custom="structure {type:default;} readingOrder {index:1;}">
        <Coords points="1420,5490 2356,5490 2356,5617 1420,5617"/>
        <Baseline points="1420,5599 2356,5616"/>
        <Word id="w_w2aab1b1b2c41b3ab1">
          <Coords points="1420,5490 2356,5490 2356,5617 1420,5617"/>
          <TextEquiv>
            <Unicode>PYRRHUS.</Unicode>
          </TextEquiv>
          <TextStyle fontFamily="Times New Roman" fontSize="8.5"/>
        </Word>
      </TextLine>
    </TextRegion>
    <TextRegion type="paragraph" id="r_1_22" custom="readingOrder {index:21;}">
      <Coords points="225,5628 3288,5628 3288,5946 225,5946"/>
      <TextLine id="tl_31" primaryLanguage="English" custom="structure {type:default;} readingOrder {index:0;}">
        <Coords points="226,5629 3287,5629 3287,5821 226,5821"/>
        <Baseline points="226,5779 367,5775 517,5780 813,5816 1169,5770 1633,5765 1889,5769 2217,5764 2829,5754 3189,5739 3287,5743"/>
        <Word id="w_w2aab1b1b2c43b1ab1">
          <Coords points="226,5629 3287,5629 3287,5821 226,5821"/>
          <TextEquiv>
            <Unicode>Et je n’ay dont vaincu que pour dépendre d’elle?</Unicode>
          </TextEquiv>
          <TextStyle fontFamily="Times New Roman" fontSize="8.5"/>
        </Word>
      </TextLine>
      <TextLine id="tl_32" primaryLanguage="English" custom="structure {type:default;} readingOrder {index:1;}">
        <Coords points="1461,5824 2273,5824 2273,5945 1461,5945"/>
        <Baseline points="1461,5933 2273,5944"/>
        <Word id="w_w2aab1b1b2c43b3ab1">
          <Coords points="1461,5824 2273,5824 2273,5945 1461,5945"/>
          <TextEquiv>
            <Unicode>ORESTE.</Unicode>
          </TextEquiv>
          <TextStyle fontFamily="Times New Roman" fontSize="8.5"/>
        </Word>
      </TextLine>
    </TextRegion>
    <TextRegion type="paragraph" id="r_1_23" custom="readingOrder {index:22;}">
      <Coords points="220,5977 2954,5977 2954,6152 220,6152"/>
      <TextLine id="tl_33" primaryLanguage="English" custom="structure {type:default;} readingOrder {index:0;}">
        <Coords points="221,5978 2953,5978 2953,6151 221,6151"/>
        <Baseline points="221,6113 865,6104 963,6134 1597,6093 1677,6129 2269,6092 2499,6088 2869,6078 2953,6058"/>
        <Word id="w_w2aab1b1b2c45b1ab1">
          <Coords points="221,5978 2953,5978 2953,6151 221,6151"/>
          <TextEquiv>
            <Unicode>Hermione, Seigneur, arreſtera vos coups;</Unicode>
          </TextEquiv>
          <TextStyle fontFamily="Times New Roman" fontSize="8.5"/>
        </Word>
      </TextLine>
    </TextRegion>
    <TextRegion type="paragraph" id="r_1_24" custom="readingOrder {index:23;}">
      <Coords points="220,6141 2918,6141 2918,6444 220,6444"/>
      <TextLine id="tl_34" primaryLanguage="English" custom="structure {type:default;} readingOrder {index:0;}">
        <Coords points="221,6142 2917,6142 2917,6319 221,6319"/>
        <Baseline points="221,6279 423,6272 731,6268 1533,6257 1867,6263 2099,6259 2413,6252 2561,6252 2859,6242 2917,6262"/>
        <Word id="w_w2aab1b1b2c47b1ab1">
          <Coords points="221,6142 2917,6142 2917,6319 221,6319"/>
          <TextEquiv>
            <Unicode>Ses yeux s’oppoſeront entre ſon Pere &amp; vous.</Unicode>
          </TextEquiv>
          <TextStyle fontFamily="Times New Roman" fontSize="8.5"/>
        </Word>
      </TextLine>
      <TextLine id="tl_35" primaryLanguage="English" custom="structure {type:default;} readingOrder {index:1;}">
        <Coords points="1415,6318 2367,6318 2367,6443 1415,6443"/>
        <Baseline points="1415,6427 2367,6442"/>
        <Word id="w_w2aab1b1b2c47b3ab1">
          <Coords points="1415,6318 2367,6318 2367,6443 1415,6443"/>
          <TextEquiv>
            <Unicode>PYRRHUS.</Unicode>
          </TextEquiv>
          <TextStyle fontFamily="Times New Roman" fontSize="8.5"/>
        </Word>
      </TextLine>
    </TextRegion>
    <TextRegion type="paragraph" id="r_1_25" custom="readingOrder {index:24;}">
      <Coords points="214,6444 3361,6444 3361,6650 214,6650"/>
      <TextLine id="tl_36" primaryLanguage="English" custom="structure {type:default;} readingOrder {index:0;}">
        <Coords points="215,6445 3360,6445 3360,6649 215,6649"/>
        <Baseline points="215,6613 948,6638 1606,6633 2385,6596 2917,6576 3287,6567 3359,6587"/>
        <Word id="w_w2aab1b1b2c49b1ab1">
          <Coords points="215,6445 3360,6445 3360,6649 215,6649"/>
          <TextEquiv>
            <Unicode>Hermione, Seigneur, peut m’eſtre toujours chere.</Unicode>
          </TextEquiv>
          <TextStyle fontFamily="Times New Roman" fontSize="8.5"/>
        </Word>
      </TextLine>
    </TextRegion>
    <SeparatorRegion id="r_2" custom="readingOrder {index:25;}">
            <Coords points="0,83 4103,83 4103,132 0,132"/>
        </SeparatorRegion>
    <SeparatorRegion id="r_3" custom="readingOrder {index:26;}">
            <Coords points="4115,143 4136,143 4136,583 4115,583"/>
        </SeparatorRegion>
    <SeparatorRegion id="r_4" custom="readingOrder {index:27;}">
            <Coords points="4128,763 4140,763 4140,1131 4128,1131"/>
        </SeparatorRegion>
    <SeparatorRegion id="r_5" custom="readingOrder {index:28;}">
            <Coords points="4150,5883 4162,5883 4162,6019 4150,6019"/>
        </SeparatorRegion>
  </Page>
</PcGts>
