4267 7692
840 536 3369 750 150 ANDROMAQUE.

835 779 3302 973 Andromaque trompa l'ingenieux Ulyſſe,

835 945 3749 1128 Tandis qu’un autre Enfant arraché de ſes bras,

840 1103 3533 1285 Sous le nom de ſon Fils fut conduit au trépas.

846 1263 3930 1462 On dit, que peu ſenſible aux charmes d’Hermione,

841 1431 3954 1630 Mon Rival porte ailleurs ſon Cœur & ſa Couronne;

846 1585 3407 1776 Menelas, ſans le croire, en paroiſt affligé;

840 1741 3760 1949 Et ſe plaint d’un Hymen ſi long-temps negligé.

825 1907 3248 2086 Parmy les déplaifirs où ſon ame ſe noye,

840 2059 3303 2251 Il s’éléve en la mienne une ſecrette joye.

836 2223 3620 2411 Je triomphe; & pourtant je me flate d’abord

851 2383 3422 2580 Que la ſeule vangeance excite ce tranſport.

851 2549 4033 2739 Mais l’Ingrate en mon cœur reprit bien-toſt ſa

1012 2713 1373 2858 place,

847 2869 3624 3047 De mes feux mal éteints je reconnus la trace,

847 3023 3513 3204 Je ſentis que ma haine alloit finir ſon cours,

860 3189 3493 3378 Ou plutoſt je ſentis que je l’aimois toûjours.

856 3347 3492 3544 Ainſi de tous les Grecs je brigue le ſuffrage.

861 3509 3872 3704 On m’envoye à Pyrrhus. J’entreprens ce voyage.

840 3671 3623 3855 Je viens voir ſi l'on peut arracher de ſes bras

866 3829 3624 4002 Cét Enfant, dont la vie allarme tant d’Eſtats.

851 3991 3854 4186 Heureux ſi je pouvois dans l’ardeur qui me preſſe,

861 4149 3407 4340 Au lieu d’Aſtyanax luy ravir ma Princeſſe!

872 4314 3753 4511 Car enfin n’attens pas que mes feux redoublez,

856 4473 3854 4670 Des périls les plus grands puiſſent eſtre troublez.

861 4635 3934 4822 Puis qu’apres tant d’efforts ma reſiſtance eſt vaine,

856 4797 3933 4992 Je me livre en aveugle au tranſport qui m’entraîne,

860 4963 3854 5142 J’aime, je viens chercher Hermione en ces lieux,

861 5119 3488 5306 La fléchir, l’enlever, ou mourir à ſes yeux.

865 5284 3933 5480 Toy qui connois Pyrrhus, que penſes-tu qu’il faſſe?

866 5446 4039 5639 Dans ſa Cour, dans ſon cœur, dy-moy ce qui ſe

1017 5607 1350 5764 paſſe.

875 5770 3467 5952 Mon Hermione encor le tient-elle aſſervy?

876 5930 3747 6123 Me rendra-t’il Pylade, un Cœur qu’il m’a ravy?

2007 6112 2782 6236 PYLADE.

871 6246 3498 6443 Je vous abuſerois, ſi j’oſois vous promettre
