4267 7849
875 634 3327 909 TRAGEDIE. 159

24 862 2957 1104 Voulez-vous qu'un deſſein fi beau, ſi genereux,

20 1028 2967 1260 Paſſe pour le tranſport d’un Eſprit amoureux?

30 1192 3203 1433 Captive, toujours triſte, importune à moy-meſme,

19 1358 3182 1597 Pouvez-vous ſouhaiter qu’Andromaque vous aime?

23 1526 3140 1756 Quels charmes ont pour vous des yeux infortunez,

18 1684 2966 1910 Qu'à des pleurs éternels vous avez condannez?

18 1850 2871 2074 Non, non, d’un Ennemy reſpecter la Miſere,

14 2012 3155 2250 Sauver des Mal-heureux, rendre un Fils à ſa Mere,

14 2178 3049 2418 De cent Peuples pour luy combattre la rigueur,

13 2340 2768 2562 Sans me faire payer ſon ſalut de mon Cœur,

19 2504 2836 2737 Malgré moy, s’il le faut, luy donner un azile,

29 2671 3098 2907 Seigneur, voilà des ſoins dignes du Fils d’Achille.

1220 2871 2191 3023 PYRRHUS.

8 2980 3157 3233 Hé quoy? Voſtre courroux n’a-t’il pas eû ſon cours?

8 3152 2870 3388 Peut-on haïr ſans ceſſe? Et punit-on toûjours?

8 3312 3188 3571 J’ay fait des Mal-heureux, ſans doute, & la Phrygie

25 3487 2886 3725 Cent fois de voſtre ſang a vû ma main rougie.

19 3653 2966 3885 Mais que vos yeux ſur moy ſe ſont bien exercez!

8 3810 3303 4056 Qu'ils m’ont vendu bien cher les pleurs qu’ils ont

151 3982 622 4114 verſez!

4 4134 3145 4381 De combien de remords m’ont-ils rendu la proye?

1 4292 3126 4542 Je ſouffre tous les maux que j’ay faits devant Troye.

1 4462 2774 4700 Vaincu, chargé de fers, de regrets conſumé,

3 4625 2453 4851 Brûlé de plus de feux que je n’en allumé,

0 4788 3293 5040 Tant de ſoins, tant de pleurs, tant d’ardeurs inquié¬

137 4998 617 5116 tes...

8 5121 2767 5352 Hela! fus-je jamais ſi cruel que vous l’eſtes?

19 5285 2872 5507 Mais enfin, tour à tour, c’eft aſſez nous punir.

18 5453 2968 5653 Nos ennemis communs devroient nous reünir.

13 5611 2763 5860 Madame, dites-moy ſeulement que j’eſpere,

8 5773 2963 6005 Je vous rends voſtre Fils, & je luy ſers de Pere.

10 5937 3067 6175 Je l'inſtruiray moy-meſme à vanger les Troyens.

1 6101 3151 6335 J’iray punir les Grecs de vos maux & des miens,

0 6259 2896 6504 Animé d'un regard, je puis tout entreprendre.

0 6399 2611 6655 Voſtre Ilion encor peut ſortir de ſa cendre.
