4267 7638
900 632 1170 797 144

900 860 4046 1069 le pié dans Troye, & qu’apres l’embraſe¬

905 1060 4040 1232 ment de cette Ville, Menelas trouve ſa Fem¬

905 1250 4043 1447 me en Egypte, dont elle n'eſtoit point partie.

905 1436 4049 1635 Tout cela fondé ſur une opinion qui n'eſtoit

901 1634 4049 1829 receuë que parmy les Egyptiens, comme on le

896 1828 2691 2013 peut voir dans Herodote.

1054 2007 4034 2208 Je ne croy pas que j’euſſe beſoin de cét

900 2196 4030 2400 exemple d'Euripide pour juſtifier le peu de

890 2382 4020 2590 liberté que j'ay priſe. Car il y a bien de la

895 2582 4016 2778 difference entre détruire le principal fonde¬

895 2776 4019 2966 ment d'une Fable & en alterer quelques

891 2966 4025 3166 incidens, qui changent preſque de face

891 3156 4029 3350 dans toutes les mains qui les traittent.

890 3344 4021 3544 Ainſi Achille ſelon la pluſpart des Poëtes ne

890 3540 4014 3732 peut eſtre bleſſé qu'au talon, quoy qu'Ho¬

890 3728 4020 3938 mere le faſſe bleſſer au bras & ne le croye

886 3924 4020 4124 invulnerable en aucune partie de ſon corps.

889 4110 4020 4314 Ainſi Sophocle fait mourir Jocaſte auſſi-toſt

885 4304 4019 4498 apres la reconnoiſſance d'Oedipe, tout au

885 4492 4025 4688 contraire d'Euripide qui la fait vivre juſqu'au

885 4686 4021 4844 combat & à la mort de ſes deux Fils. Et

886 4876 4021 5076 c'eſt à propos de quelque contrarieté de cet¬

880 5068 4008 5260 te nature, qu'un Ancien Commentateur de So¬

886 5256 4020 5450 phocle remarque fort bien; * Qu'il ne faut

866 5448 4020 5650 point s'amuſer à chicaner les Poëtes pour

885 5644 4020 5840 quelques changemens qu'ils ont pû faire dans

891 5812 4025 6026 la Fable, mais qu'il faut s'attacher à con¬

985 6086 2103 6248 * Sophocl. Electra.

3593 6401 4039 6604 ſiderer
