4267 7877
1101 786 2484 969 TRAGEDIE.

3199 880 3454 1028 147

179 1991 3422 2414 ANDROMAQUE.

641 2499 3026 2771 TRAGEDIE.

756 3179 2766 3497 ACTE I.

344 3705 3210 3957 SCENE PREMIERE.

510 4138 3015 4347 ORESTE, PYLADE.

1419 4520 2220 4662 ORESTE.

144 4772 3280 5084 OUY, puis que je retrouve un Amy ſi fidelle,

481 4942 3058 5110 Ma Fortune va prendre une face nouvelle;

138 5094 2747 5290 Et déja ſon courroux ſemble s’eſtre adouci,

133 5268 3022 5458 Depuis qu’elle a pris ſoin de nous rejoindre ici.

132 5428 3265 5622 Qui m’euſt dit, qu’un rivage à mes vœux ſi funeſte,

129 5592 2988 5772 Préſenteroit d’abord Pylade aux yeux d’Oreſte;

128 5762 3069 5949 Qu'apres plus de ſix mois que je t’avois perdu,

122 5926 2781 6111 A ta Cour de Pyrrhus, tu me ſerois rendu!

1389 6109 2202 6243 PYLADE.

112 6250 3377 6453 J’en rends graces au Ciel, qui m’arreſtant ſans ceſſe,

107 6420 3058 6597 Sembloit m’avoir fermé le chemin de la Grece,

108 6580 2793 6777 Depuis le jour fatal que la fureur des Eaux,

2513 6773 2798 6935 N ij
