4267 7638
935 610 3439 834 154 ANDROMAQUE

933 858 4087 1096 Ouy, Seigneur, lors qu’au pié des murs fumans de

1241 1034 1675 1187 Troye,

928 1180 4091 1411 Les Vainqueurs tout ſanglans partagerent leurs

1152 1349 1574 1502 Proye,

929 1498 3837 1703 Le Sort, dont les arreſts furent alors ſuivis,

939 1656 3891 1869 Fit tomber en mes mains Andromaque & ſon Fils.

928 1808 3341 2011 Hécube, pres d'Ulyſſe, acheva ſa miſere;

934 1970 3622 2185 Caſſandre, dans Argos, a ſuivy voſtre Pere.

923 2134 4072 2348 Sur eux, ſur leurs Captifs, ay-je étendu mes droits?

925 2290 3543 2492 Ay-je enfin diſpoſé du fruit de leurs Exploits?

928 2456 4067 2668 On craint, qu’avec Hector Troye un jour ne re¬

1243 2613 1649 2747 naiſſe:

924 2770 3684 2976 Son Fils peut me ravir le jour que je luy laiſſe.

919 2932 3947 3133 Seigneur, tant de prudence entraiſne trop de ſoin.

925 3088 3619 3285 Je ne ſçay point prévoir les malheurs de ſi loin.

930 3244 3508 3448 Je ſonge quelle eſtoit autrefois cette Ville,

924 3396 3548 3603 Si ſuperbe en Rampars, en Héros ſi fertile,

929 3560 3310 3771 Maiſtreſſe de l'Aſie, & je regarde enfin

925 3716 3961 3935 Quel fut le Sort de Troye, & quel eſt ſon Deſtin.

920 3890 3980 4093 Je ne voy que des Tours, que la cendre a couvertes,

918 4042 3946 4255 Un Fleuve teint de ſang, des Campagnes deſertes,

917 4200 3622 4408 Un Enfant dans les fers, & je ne puis ſonger

923 4362 3465 4565 Que Troye en cet eſtat aſpire à ſe vanger.

924 4520 3603 4725 Ah! ſi du Fils d’Hector la perte eſtoit jurée,

924 4674 3832 4881 Pourquoy d'un an entier l'avons-nous différée?

916 4836 3602 5037 Dans le ſein de Priam n'a-t'on pû l'immoler?

915 4998 3961 5203 Sous tant de Morts, ſous Troye il falloit l'accabler.

919 5156 3757 5360 Tout eſtoit juſte alors. La Vieilleſſe & l'Enfance

928 5318 3802 5519 En vain ſur leur foibleſſe appuyoient leur defance.

914 5480 3728 5683 La Victoire & la Nuit, plus cruelles que nous,

919 5640 4065 5831 Nous excitoient au meurtre, & confondoient nos

1129 5839 1515 5961 coups.

930 5954 3802 6161 Mon courroux aux vaincus ne fut que trop ſevere.

934 6116 3494 6316 Mais que ma Cruauté ſurvive à ma Colere?

929 6276 3399 6480 Que malgré la pitié dont je me ſens ſaiſir,
