4267 7849
1173 570 3589 800 TRAGEDIE. 151

312 787 3533 995 Qu'entre vos mains, Seigneur, il voulut la remettre.

316 969 2894 1163 Non, que de ſa Conqueſte il paroiſſe flaté.

317 1133 2940 1299 Pour la Veuve d’Hector ſes feux ont éclaté.

312 1295 3115 1460 Il l'aime. Mais enfin cette Veuve inhumaine

317 1461 3012 1652 N'a payé juſqu’icy ſon amour que de haine,

321 1633 3089 1818 Et chaque jour encore on luy voit tout tenter,

322 1793 3109 1974 Pour flechir ſa Captive, ou pour l'épouvanter.

321 1947 2818 2140 Il luy cache ſon Fils, il menaſſe ſa teſte,

328 2119 3201 2311 Et fait couler des pleurs, qu’auſſi-toſt il arreſte.

323 2285 3054 2466 Hermione elle-meſme a veu plus de cent fois

331 2455 2658 2617 Cet Amant irrité revenir ſous ſes loix,

328 2613 3477 2817 Et de ſes vœux troublez luy rapportant l’hommage,

317 2781 3248 2971 Soupirer à ſes pieds moins d'amour que de rage.

328 2937 3299 3134 Ainſi n'attendez pas, que l’on puiſſe aujourd’huy

326 3103 3350 3298 Vous répondre d'un Cœur, ſi peu maiſtre de luy.

327 3271 3580 3464 Il peut, Seigneur, il peut dans ce deſordre extré¬

484 3479 763 3585 me,

343 3596 2920 3787 Epouſer ce qu’il hait & perdre ce qu’il aime.

1584 3781 2425 3921 ORESTE.

332 3921 3201 4109 Mais dy-moy, de quel œil Hermione peut voir

321 4075 3110 4272 Son hymen differé, ſes charmes ſans pouvoir.

1534 4272 2335 4413 PYLADE.

326 4413 3206 4605 Hermione, Seigneur, au moins en apparance,

331 4579 3192 4767 Semble de ſon Amant dédaigner l’inconſtance,

338 4743 3139 4935 Et croit que trop heureux de flechir ſa rigueur,

331 4909 3002 5090 Il la viendra preſſer de reprendre ſon Cœur.

342 5070 3007 5260 Mais je l’ay veuë enfin me confier ſes larmes.

332 5237 3103 5416 Elle pleure en ſecret le mépris de ſes charmes.

331 5393 3424 5595 Toujours preſte à partir, & demeurant toujours,

336 5568 3043 5736 Quelquefois elle appelle Oreſte à ſon ſecours.

1539 5753 2374 5889 ORESTE.

337 5900 3032 6086 Ah! ſi je le croyois, j’irois bien toſt, Pylade,

338 6078 1219 6240 Me jetter....

1629 6241 2460 6364 PYLADE.

1012 6387 3323 6578 Achevez, Seigneur, voſtre ambaſſade.

2636 6579 2939 6741 N iij
