4267 7849
1288 590 3525 851 TRAGEDIE. 149

226 834 2602 1011 Enfin quand Menelas difpoſa de ſa Fille

229 1008 3092 1192 En faveur de Pyrrhus, vangeur de ſa Famille;

215 1178 2919 1337 Tu vis mon deſeſpoir, & tu m’as veu depuis

211 1334 3393 1488 Traîner de Mers en Mers ma chaîne & mes ennuis.

205 1498 2475 1675 Je te vis à regret en cét eſtat funeſte,

215 1656 2849 1827 Preſt à ſuivre partout le déplorable Oreſte,

214 1832 2985 1996 Toûjours de ma fureur interrompre le cours,

214 1992 3174 2156 Et de moy-meſme enfin me ſauver tous les jours.

204 2156 3510 2330 Mais quand je me ſouvins, que parmy tant d’allar¬

384 2356 629 2433 mes

210 2476 3380 2650 Hermione à Pyrrhus prodiguoit tous ſes charmes,

203 2638 3124 2810 Tu ſçais de quel courroux mon cœur alors épris

205 2802 2939 2968 Voulut, en l’oubliant, punir tous ſes mépris.

195 2960 2985 3130 Je fis croire, & je crûs ma victoire certaine.

199 3128 3511 3294 Je pris tous mes tranſports pour des tranſports de

337 3286 733 3445 haine;

190 3450 3083 3628 Déteſtant ſes rigueurs, rabaiſſant ſes attraits,

184 3618 2740 3787 Je défiois ſes yeux de me troubler jamais.

204 3778 2970 3950 Voilà comme je crûs étouffer ma tendreſſe.

184 3940 3164 4116 Dans ce calme trompeur j’arrivay dans la Gréce;

184 4104 3032 4272 Et je trouvay d'abord ſes Princes raſſemblez,

179 4268 3166 4444 Qu'un péril aſſez grand ſembloit avoir troublez.

175 4432 3275 4608 J’y courus. Je penſay que la Guerre, & la Gloire,

175 4604 3359 4766 De ſoins plus importans rempliroient ma memoire;

175 4762 3139 4938 Que mes ſens reprenant leur premiere vigueur,

169 4926 3011 5066 L’Amour acheveroit de ſortir de mon Cœur.

170 5090 3017 5256 Mais admire avec moy le Sort dont la pourſuite

168 5254 2562 5429 Me fait courir alors au piege que j’évite.

164 5416 3026 5584 I’entens de tous coſtez qu’on menace Pyrrhus.

160 5582 2880 5723 Toute la Gréce éclate en murmures confus.

170 5730 3374 5920 On ſe plaint qu’oubliant ſon Sang, & ſa promeſſe,

163 5908 2848 6073 Il éleve en ſa Cour l'Ennemy de la Gréce,

165 6070 3133 6238 Aſtyanax, d’Hector jeune & mal-heureux Fils,

165 6220 2807 6399 Reſte de tant de Rois ſous Troye enſevelis.

153 6400 3293 6570 J’apprens que pour ravir ſon enfance au Supplice,

2528 6575 2921 6731 N iij
