<?xml version="1.0" encoding="UTF-8"?>
<PcGts xmlns="http://schema.primaresearch.org/PAGE/gts/pagecontent/2013-07-15" xmlns:xsi="http://www.w3.org/2001/XMLSchema-instance" xmlns:xs="http://www.w3.org/2001/XMLSchema" xmlns:pr="http://schema.primaresearch.org/PAGE/gts/pagecontent/2013-07-15" xsi:schemaLocation="http://schema.primaresearch.org/PAGE/gts/pagecontent/2013-07-15 http://schema.primaresearch.org/PAGE/gts/pagecontent/2013-07-15/pagecontent.xsd">
  <Metadata>
        <Creator/>
        <Created>2019-01-04T14:19:47.119+01:00</Created>
        <LastChange>2019-01-04T14:30:50.408+01:00</LastChange>
        <Comments>
                Measurement unit: pixel
                PrimaryLanguage: English
                Language: FrenchStandard
                Producer: ABBYY FineReader Engine 11</Comments>
        <TranskribusMetadata docId="189251" pageId="7488966" pageNr="174" tsid="13175106" status="DONE" userId="10612" imgUrl="https://files.transkribus.eu/Get?id=NCWLUDVGTPOZMGCIPZYUZCYI&amp;fileType=view" xmlUrl="https://files.transkribus.eu/Get?id=TXUDGSSWTBXMXOFOREBASEUZ" imageId="2284733"/>
    </Metadata>
  <Page imageFilename="Racine1676_Oeuvres1_cb31168676r_corrected_0174.png" imageWidth="4267" imageHeight="7665">
    <PrintSpace>
            <Coords points="623,234 4215,234 4215,7545 623,7545"/>
        </PrintSpace>
    <ReadingOrder>
            <OrderedGroup id="ro_1604235675561" caption="Regions reading order">
                <RegionRefIndexed index="0" regionRef="r_1_1"/>
                <RegionRefIndexed index="1" regionRef="r_2_1"/>
                <RegionRefIndexed index="2" regionRef="r_2_2"/>
                <RegionRefIndexed index="3" regionRef="r_2_3"/>
                <RegionRefIndexed index="4" regionRef="r_2_4"/>
                <RegionRefIndexed index="5" regionRef="r_3_1"/>
                <RegionRefIndexed index="6" regionRef="r_3_2"/>
                <RegionRefIndexed index="7" regionRef="region_1546608158054_1215"/>
                <RegionRefIndexed index="8" regionRef="r_4_1"/>
                <RegionRefIndexed index="9" regionRef="r_5_1"/>
                <RegionRefIndexed index="10" regionRef="r_5_2"/>
                <RegionRefIndexed index="11" regionRef="r_5_3"/>
                <RegionRefIndexed index="12" regionRef="r_5_4"/>
                <RegionRefIndexed index="13" regionRef="r_5_5"/>
                <RegionRefIndexed index="14" regionRef="r_5_6"/>
                <RegionRefIndexed index="15" regionRef="r_5_7"/>
                <RegionRefIndexed index="16" regionRef="r_5_8"/>
            </OrderedGroup>
        </ReadingOrder>
    <TextRegion type="paragraph" id="r_1_1" custom="readingOrder {index:0;}">
      <Coords points="1420,532 3275,532 3275,787 1420,787"/>
      <TextLine id="tl_1" primaryLanguage="English" custom="structure {type:default;} readingOrder {index:0;}">
        <Coords points="1421,533 3274,533 3274,786 1421,786"/>
        <Baseline points="1422,677 1911,691 2510,717 2678,723 3270,750"/>
        <Word id="w_w2aab1b1b2b1b1ab1">
          <Coords points="1421,533 3274,533 3274,786 1421,786"/>
          <TextEquiv>
            <Unicode>ANDROMAQUE.</Unicode>
          </TextEquiv>
          <TextStyle fontFamily="Times New Roman" fontSize="12.0" bold="true"/>
        </Word>
      </TextLine>
    </TextRegion>
    <TextRegion type="paragraph" id="r_2_1" custom="readingOrder {index:1;}">
      <Coords points="738,792 3526,792 3526,1514 738,1514"/>
      <TextLine id="tl_2" primaryLanguage="English" custom="structure {type:default;} readingOrder {index:0;}">
        <Coords points="746,793 3507,793 3507,1047 746,1047"/>
        <Baseline points="747,921 1051,925 1575,929 1705,935 2023,964 2513,962 2598,1002 2751,977 2961,1026 3506,1012"/>
        <Word id="w_w2aab1b3b2b1b1ab1">
          <Coords points="746,793 3507,793 3507,1047 746,1047"/>
          <TextEquiv>
            <Unicode>Vous attendez le Roy. Parlez, &amp; luy montrez</Unicode>
          </TextEquiv>
          <TextStyle fontFamily="Times New Roman" fontSize="8.5"/>
        </Word>
      </TextLine>
      <TextLine id="tl_3" primaryLanguage="English" custom="structure {type:default;} readingOrder {index:1;}">
        <Coords points="751,945 3525,945 3525,1210 751,1210"/>
        <Baseline points="752,1081 1184,1086 1306,1086 1524,1088 2102,1111 2364,1120 2544,1127 2921,1141 3521,1192"/>
        <Word id="w_w2aab1b3b2b1b3ab1">
          <Coords points="751,945 3525,945 3525,1210 751,1210"/>
          <TextEquiv>
            <Unicode>Contre le Fils d’Hector tous les Grecs conjurez.</Unicode>
          </TextEquiv>
          <TextStyle fontFamily="Times New Roman" fontSize="8.5"/>
        </Word>
      </TextLine>
      <TextLine id="tl_4" primaryLanguage="English" custom="structure {type:default;} readingOrder {index:2;}">
        <Coords points="739,1104 3404,1104 3404,1360 739,1360"/>
        <Baseline points="740,1242 1032,1245 1438,1251 1982,1269 2128,1270 2358,1280 2538,1287 2683,1291 3321,1323 3400,1360"/>
        <Word id="w_w2aab1b3b2b1b5ab1">
          <Coords points="739,1104 3404,1104 3404,1360 739,1360"/>
          <TextEquiv>
            <Unicode>Loin de-leur accorder ce Fils de ſa Maiſtreſſe,</Unicode>
          </TextEquiv>
          <TextStyle fontFamily="Times New Roman" fontSize="8.5"/>
        </Word>
      </TextLine>
      <TextLine id="tl_5" primaryLanguage="English" custom="structure {type:default;} readingOrder {index:3;}">
        <Coords points="744,1262 3106,1262 3106,1513 744,1513"/>
        <Baseline points="745,1400 1019,1400 1805,1422 2367,1440 3102,1490"/>
        <Word id="w_w2aab1b3b2b1b7ab1">
          <Coords points="744,1262 3106,1262 3106,1513 744,1513"/>
          <TextEquiv>
            <Unicode>Leur haine ne fera qu’irriter ſa tendreſſe.</Unicode>
          </TextEquiv>
          <TextStyle fontFamily="Times New Roman" fontSize="8.5"/>
        </Word>
      </TextLine>
    </TextRegion>
    <TextRegion type="paragraph" id="r_2_2" custom="readingOrder {index:2;}">
      <Coords points="739,1431 3590,1431 3590,1903 739,1903"/>
      <TextLine id="tl_6" primaryLanguage="English" custom="structure {type:default;} readingOrder {index:0;}">
        <Coords points="742,1432 3392,1432 3392,1679 742,1679"/>
        <Baseline points="743,1552 986,1559 1185,1565 1373,1571 1664,1574 2257,1625 2533,1604 2729,1611 2899,1618 3063,1624 3388,1654"/>
        <Word id="w_w2aab1b3b2b3b1ab1">
          <Coords points="742,1432 3392,1432 3392,1679 742,1679"/>
          <TextEquiv>
            <Unicode>Plus on les veut broüiller, plus on va les unir.</Unicode>
          </TextEquiv>
          <TextStyle fontFamily="Times New Roman" fontSize="8.5"/>
        </Word>
      </TextLine>
      <TextLine id="tl_7" primaryLanguage="English" custom="structure {type:default;} readingOrder {index:1;}">
        <Coords points="743,1576 3589,1576 3589,1848 743,1848"/>
        <Baseline points="744,1710 1200,1742 1960,1745 2312,1795 2628,1775 2804,1780 3067,1789 3437,1804 3575,1824"/>
        <Word id="w_w2aab1b3b2b3b3ab1">
          <Coords points="743,1576 3589,1576 3589,1848 743,1848"/>
          <TextEquiv>
            <Unicode>Preſſez. Demandez tout, pour ne rien obtenir.</Unicode>
          </TextEquiv>
        </Word>
      </TextLine>
      <TextLine id="tl_8" primaryLanguage="English" custom="structure {type:default;} readingOrder {index:2;}">
        <Coords points="740,1757 1238,1757 1238,1902 740,1902"/>
        <Baseline points="740,1865 854,1873 1235,1902"/>
        <Word id="w_w2aab1b3b2b3b5ab1">
          <Coords points="740,1757 1238,1757 1238,1902 740,1902"/>
          <TextEquiv>
            <Unicode>Il vient.</Unicode>
          </TextEquiv>
          <TextStyle fontFamily="Times New Roman" fontSize="8.5"/>
        </Word>
      </TextLine>
    </TextRegion>
    <TextRegion type="paragraph" id="r_2_3" custom="readingOrder {index:3;}">
      <Coords points="1912,1958 2763,1958 2763,2118 1912,2118"/>
      <TextLine id="tl_9" primaryLanguage="English" custom="structure {type:default;} readingOrder {index:0;}">
        <Coords points="1913,1959 2762,1959 2762,2117 1913,2117"/>
        <Baseline points="1914,2069 2166,2078 2572,2094 2758,2117"/>
        <Word id="w_w2aab1b3b2b5b1ab1">
          <Coords points="1913,1959 2762,1959 2762,2117 1913,2117"/>
          <TextEquiv>
            <Unicode>ORESTE.</Unicode>
          </TextEquiv>
          <TextStyle fontFamily="Times New Roman" fontSize="8.5"/>
        </Word>
      </TextLine>
    </TextRegion>
    <TextRegion type="paragraph" id="r_2_4" custom="readingOrder {index:4;}">
      <Coords points="737,2086 3551,2086 3551,2492 737,2492"/>
      <TextLine id="tl_10" primaryLanguage="English" custom="structure {type:default;} readingOrder {index:0;}">
        <Coords points="1386,2087 3550,2087 3550,2326 1386,2326"/>
        <Baseline points="1387,2214 1581,2214 1934,2254 2129,2229 2463,2249 2947,2263 3077,2265 3549,2279"/>
        <Word id="w_w2aab1b3b2b7b1ab1">
          <Coords points="1386,2087 3550,2087 3550,2326 1386,2326"/>
          <TextEquiv>
            <Unicode>Hé bien, va donc diſpoſer la Cruelle</Unicode>
          </TextEquiv>
          <TextStyle fontFamily="Times New Roman" fontSize="8.5"/>
        </Word>
      </TextLine>
      <TextLine id="tl_11" primaryLanguage="English" custom="structure {type:default;} readingOrder {index:1;}">
        <Coords points="738,2228 3509,2228 3509,2491 738,2491"/>
        <Baseline points="739,2355 848,2355 1267,2361 1461,2368 1921,2381 2132,2393 2304,2397 2654,2409 2902,2417 3228,2428 3506,2456"/>
        <Word id="w_w2aab1b3b2b7b3ab1">
          <Coords points="738,2228 3509,2228 3509,2491 738,2491"/>
          <TextEquiv>
            <Unicode>A revoir un Amant qui ne vient que pour elle.</Unicode>
          </TextEquiv>
          <TextStyle fontFamily="Times New Roman" fontSize="8.5"/>
        </Word>
      </TextLine>
    </TextRegion>
    <TextRegion type="paragraph" id="r_3_1" custom="readingOrder {index:5;}">
      <Coords points="1528,3098 2940,3098 2940,3336 1528,3336"/>
      <TextLine id="tl_12" primaryLanguage="English" custom="structure {type:default;} readingOrder {index:0;}">
        <Coords points="1529,3099 2939,3099 2939,3335 1529,3335"/>
        <Baseline points="1529,3282 2495,3306 2934,3327"/>
        <Word id="w_w2aab1b5b2b1b1ab1">
          <Coords points="1529,3099 2939,3099 2939,3335 1529,3335"/>
          <TextEquiv>
            <Unicode>SCENE II.</Unicode>
          </TextEquiv>
          <TextStyle fontFamily="Times New Roman" fontSize="15.0"/>
        </Word>
      </TextLine>
    </TextRegion>
    <TextRegion type="paragraph" id="r_3_2" custom="readingOrder {index:6;}">
      <Coords points="857,3485 3804,3485 3804,3776 857,3776"/>
      <TextLine id="tl_13" primaryLanguage="English" custom="structure {type:default;} readingOrder {index:0;}">
        <Coords points="858,3486 3803,3486 3803,3775 858,3775"/>
        <Baseline points="860,3630 965,3630 2803,3730 3799,3747"/>
        <Word id="w_w2aab1b5b2b3b1ab1">
          <Coords points="858,3486 3803,3486 3803,3775 858,3775"/>
          <TextEquiv>
            <Unicode>PYRRHUS, ORESTE, PHOENIX.</Unicode>
          </TextEquiv>
        </Word>
      </TextLine>
    </TextRegion>
    <TextRegion type="" id="region_1546608158054_1215" custom="readingOrder {index:7;}">
      <Coords points="1917,3877 1919,4039 2750,4039 2748,3877"/>
      <TextLine id="line_1546608158211_1218" primaryLanguage="" custom="structure {type:default;} readingOrder {index:0;}">
        <Coords points="1922,3882 2746,3913 2746,4039 1919,4000"/>
        <Baseline points="1919,3995 2733,4034"/>
        <Word id="word_1546608206136_1237">
          <Coords points="1922,3882 2746,3913 2746,4039 1919,4000"/>
          <TextEquiv>
            <Unicode>ORESTE.</Unicode>
          </TextEquiv>
        </Word>
      </TextLine>
    </TextRegion>
    <TextRegion type="paragraph" id="r_4_1" custom="readingOrder {index:8;}">
      <Coords points="705,4123 3913,4123 3913,4446 705,4446"/>
      <TextLine id="tl_14" primaryLanguage="English" custom="structure {type:default;} readingOrder {index:0;}">
        <Coords points="720,4126 3914,4116 3912,4391 718,4401"/>
        <Baseline points="721,4398 1008,4399 1036,4250 1335,4249 1611,4259 1930,4279 2144,4285 2567,4305 2917,4314 3417,4335 3681,4344 3910,4367"/>
        <Word id="w_w2aab1b7b2b1b1ab1">
          <Coords points="720,4126 3914,4116 3912,4391 718,4401"/>
          <TextEquiv>
            <Unicode>AVant que tous les Grecs vous parlent par ma</Unicode>
          </TextEquiv>
          <TextStyle fontFamily="Times New Roman" fontSize="8.5"/>
        </Word>
      </TextLine>
      <TextLine id="line_1546608376320_1287" primaryLanguage="" custom="structure {type:default;} readingOrder {index:1;}">
        <Coords points="1325,4307 1659,4309 1661,4441 1327,4439"/>
        <Baseline points="1326,4413 1660,4415"/>
        <Word id="word_1546608401260_1299">
          <Coords points="1325,4307 1659,4309 1661,4441 1327,4439"/>
          <TextEquiv>
            <Unicode>voix,</Unicode>
          </TextEquiv>
        </Word>
      </TextLine>
    </TextRegion>
    <TextRegion type="paragraph" id="r_5_1" custom="readingOrder {index:9;}">
      <Coords points="715,4422 3461,4422 3461,4695 715,4695"/>
      <TextLine id="tl_15" primaryLanguage="English" custom="structure {type:default;} readingOrder {index:0;}">
        <Coords points="716,4423 3460,4423 3460,4694 716,4694"/>
        <Baseline points="717,4560 1233,4565 1479,4571 1766,4594 1972,4639 2208,4610 2592,4624 2782,4624 3035,4636 3456,4683"/>
        <Word id="w_w2aab1b9b2b1b1ab1">
          <Coords points="716,4423 3460,4423 3460,4694 716,4694"/>
          <TextEquiv>
            <Unicode>Souffrez que j'oſe icy me flatter de leur choix,</Unicode>
          </TextEquiv>
          <TextStyle fontFamily="Times New Roman" fontSize="8.5"/>
        </Word>
      </TextLine>
    </TextRegion>
    <TextRegion type="paragraph" id="r_5_2" custom="readingOrder {index:10;}">
      <Coords points="718,4605 3908,4605 3908,5259 718,5259"/>
      <TextLine id="tl_16" primaryLanguage="English" custom="structure {type:default;} readingOrder {index:0;}">
        <Coords points="722,4606 3907,4606 3907,4886 722,4886"/>
        <Baseline points="724,4716 876,4712 1172,4723 1418,4727 1803,4785 2452,4808 2632,4784 3122,4799 3616,4818 3905,4845"/>
        <Word id="w_w2aab1b9b2b3b1ab1">
          <Coords points="722,4606 3907,4606 3907,4886 722,4886"/>
          <TextEquiv>
            <Unicode>Et qu'à vos yeux, Seigneur, je montre quelque joye</Unicode>
          </TextEquiv>
          <TextStyle fontFamily="Times New Roman" fontSize="8.5"/>
        </Word>
      </TextLine>
      <TextLine id="tl_17" primaryLanguage="English" custom="structure {type:default;} readingOrder {index:1;}">
        <Coords points="719,4758 3794,4758 3794,5035 719,5035"/>
        <Baseline points="720,4875 907,4871 1185,4888 1319,4888 1555,4898 2194,4957 2357,4942 2487,4943 3161,4962 3341,4968 3790,5012"/>
        <Word id="w_w2aab1b9b2b3b3ab1">
          <Coords points="719,4758 3794,4758 3794,5035 719,5035"/>
          <TextEquiv>
            <Unicode>De voir le Fils d’Achille, &amp; le Vainqueur de Troye.</Unicode>
          </TextEquiv>
          <TextStyle fontFamily="Times New Roman" fontSize="8.5"/>
        </Word>
      </TextLine>
      <TextLine id="tl_18" primaryLanguage="English" custom="structure {type:default;} readingOrder {index:2;}">
        <Coords points="722,4919 3905,4919 3905,5197 722,5197"/>
        <Baseline points="723,5035 1026,5057 1683,5067 1925,5077 2479,5103 2563,5139 2928,5117 3606,5142 3904,5159"/>
        <Word id="w_w2aab1b9b2b3b5ab1">
          <Coords points="722,4919 3905,4919 3905,5197 722,5197"/>
          <TextEquiv>
            <Unicode>Ouy. Comme ſes exploits, nous admirons vos</Unicode>
          </TextEquiv>
          <TextStyle fontFamily="Times New Roman" fontSize="8.5"/>
        </Word>
      </TextLine>
      <TextLine id="tl_19" primaryLanguage="English" custom="structure {type:default;} readingOrder {index:3;}">
        <Coords points="1065,5129 1473,5129 1473,5258 1065,5258"/>
        <Baseline points="1066,5202 1401,5213 1471,5255"/>
        <Word id="w_w2aab1b9b2b3b7ab1">
          <Coords points="1065,5129 1473,5129 1473,5258 1065,5258"/>
          <TextEquiv>
            <Unicode>coups;</Unicode>
          </TextEquiv>
          <TextStyle fontFamily="Times New Roman" fontSize="8.5"/>
        </Word>
      </TextLine>
    </TextRegion>
    <TextRegion type="paragraph" id="r_5_3" custom="readingOrder {index:11;}">
      <Coords points="707,5231 3601,5231 3601,5501 707,5501"/>
      <TextLine id="tl_20" primaryLanguage="English" custom="structure {type:default;} readingOrder {index:0;}">
        <Coords points="708,5232 3600,5232 3600,5500 708,5500"/>
        <Baseline points="710,5349 1150,5363 1586,5381 1855,5391 2063,5442 2124,5383 2543,5423 2942,5438 3212,5448 3532,5462 3597,5496"/>
        <Word id="w_w2aab1b9b2b5b1ab1">
          <Coords points="708,5232 3600,5232 3600,5500 708,5500"/>
          <TextEquiv>
            <Unicode>Hector tomba ſous luy; Troye expira ſous vous;</Unicode>
          </TextEquiv>
          <TextStyle fontFamily="Times New Roman" fontSize="8.5"/>
        </Word>
      </TextLine>
    </TextRegion>
    <TextRegion type="paragraph" id="r_5_4" custom="readingOrder {index:12;}">
      <Coords points="712,5394 3596,5394 3596,5659 712,5659"/>
      <TextLine id="tl_21" primaryLanguage="English" custom="structure {type:default;} readingOrder {index:0;}">
        <Coords points="713,5395 3595,5395 3595,5658 713,5658"/>
        <Baseline points="715,5506 860,5510 1167,5522 1471,5533 2038,5591 2278,5571 2538,5583 3073,5608 3591,5652"/>
        <Word id="w_w2aab1b9b2b7b1ab1">
          <Coords points="713,5395 3595,5395 3595,5658 713,5658"/>
          <TextEquiv>
            <Unicode>Et vous avez montré, par une heureuſe audace,</Unicode>
          </TextEquiv>
          <TextStyle fontFamily="Times New Roman" fontSize="8.5"/>
        </Word>
      </TextLine>
    </TextRegion>
    <TextRegion type="paragraph" id="r_5_5" custom="readingOrder {index:13;}">
      <Coords points="709,5555 3465,5555 3465,5824 709,5824"/>
      <TextLine id="tl_22" primaryLanguage="English" custom="structure {type:default;} readingOrder {index:0;}">
        <Coords points="710,5556 3464,5556 3464,5823 710,5823"/>
        <Baseline points="711,5700 986,5672 1132,5682 1376,5686 1628,5708 2191,5726 2289,5732 2469,5742 2941,5758 3081,5762 3460,5796"/>
        <Word id="w_w2aab1b9b2b9b1ab1">
          <Coords points="710,5556 3464,5556 3464,5823 710,5823"/>
          <TextEquiv>
            <Unicode>Que le Fils ſeul d’Achille a pu remplir ſa place.</Unicode>
          </TextEquiv>
          <TextStyle fontFamily="Times New Roman" fontSize="8.5"/>
        </Word>
      </TextLine>
    </TextRegion>
    <TextRegion type="paragraph" id="r_5_6" custom="readingOrder {index:14;}">
      <Coords points="697,5712 3886,5712 3886,6148 697,6148"/>
      <TextLine id="tl_23" primaryLanguage="English" custom="structure {type:default;} readingOrder {index:0;}">
        <Coords points="707,5713 3885,5713 3885,5988 707,5988"/>
        <Baseline points="709,5832 1017,5831 1185,5846 1489,5856 1871,5872 2232,5887 2522,5930 3095,5927 3399,5936 3883,5957"/>
        <Word id="w_w2aab1b9b2c11b1ab1">
          <Coords points="707,5713 3885,5713 3885,5988 707,5988"/>
          <TextEquiv>
            <Unicode>Mais ce qu’il n’euſt point fait, la Gréce avec douleur</Unicode>
          </TextEquiv>
          <TextStyle fontFamily="Times New Roman" fontSize="8.5"/>
        </Word>
      </TextLine>
      <TextLine id="tl_24" primaryLanguage="English" custom="structure {type:default;} readingOrder {index:1;}">
        <Coords points="698,5872 3498,5872 3498,6147 698,6147"/>
        <Baseline points="700,5987 1011,5991 1277,6005 2295,6055 2747,6072 2892,6080 3494,6131"/>
        <Word id="w_w2aab1b9b2c11b3ab1">
          <Coords points="698,5872 3498,5872 3498,6147 698,6147"/>
          <TextEquiv>
            <Unicode>Vous voit du Sang Troyen relever le malheur,</Unicode>
          </TextEquiv>
          <TextStyle fontFamily="Times New Roman" fontSize="8.5"/>
        </Word>
      </TextLine>
    </TextRegion>
    <TextRegion type="paragraph" id="r_5_7" custom="readingOrder {index:15;}">
      <Coords points="702,6030 3296,6030 3296,6290 702,6290"/>
      <TextLine id="tl_25" primaryLanguage="English" custom="structure {type:default;} readingOrder {index:0;}">
        <Coords points="703,6031 3295,6031 3295,6289 703,6289"/>
        <Baseline points="705,6148 847,6144 1158,6156 1610,6182 2093,6207 2463,6222 2760,6230 3216,6250 3291,6281"/>
        <Word id="w_w2aab1b9b2c13b1ab1">
          <Coords points="703,6031 3295,6031 3295,6289 703,6289"/>
          <TextEquiv>
            <Unicode>Et vous laiſſant toucher d’une pitié funeſte,</Unicode>
          </TextEquiv>
          <TextStyle fontFamily="Times New Roman" fontSize="8.5"/>
        </Word>
      </TextLine>
    </TextRegion>
    <TextRegion type="paragraph" id="r_5_8" custom="readingOrder {index:16;}">
      <Coords points="695,6192 3181,6192 3181,6457 695,6457"/>
      <TextLine id="tl_26" primaryLanguage="English" custom="structure {type:default;} readingOrder {index:0;}">
        <Coords points="696,6193 3180,6193 3180,6456 696,6456"/>
        <Baseline points="698,6305 817,6305 1072,6321 1519,6345 1628,6350 2070,6371 2676,6395 2810,6399 3176,6435"/>
        <Word id="w_w2aab1b9b2c15b1ab1">
          <Coords points="696,6193 3180,6193 3180,6456 696,6456"/>
          <TextEquiv>
            <Unicode>D'une Guerre ſi longue entretenir le reſte.</Unicode>
          </TextEquiv>
          <TextStyle fontFamily="Times New Roman" fontSize="8.5"/>
        </Word>
      </TextLine>
    </TextRegion>
    <GraphicRegion id="r_6" custom="readingOrder {index:17;}">
            <Coords points="745,2571 3907,2571 3907,3012 745,3012"/>
        </GraphicRegion>
    <SeparatorRegion id="r_10" custom="readingOrder {index:18;}">
            <Coords points="4163,234 4215,234 4215,3216 4163,3216"/>
        </SeparatorRegion>
    <SeparatorRegion id="r_11" custom="readingOrder {index:19;}">
            <Coords points="4153,3215 4204,3215 4204,5073 4153,5073"/>
        </SeparatorRegion>
    <SeparatorRegion id="r_12" custom="readingOrder {index:20;}">
            <Coords points="4133,5072 4194,5072 4194,6293 4133,6293"/>
        </SeparatorRegion>
    <SeparatorRegion id="r_13" custom="readingOrder {index:21;}">
            <Coords points="4130,6361 4195,6361 4195,7545 4130,7545"/>
        </SeparatorRegion>
  </Page>
</PcGts>
