4267 7647
716 714 3224 918 148 ANDROMAQUE.

711 958 3810 1150 Preſque aux yeux de l’Epire, écarta nos Vaiſſeaux.

716 1111 3711 1300 Combien dans cét exil ay-je ſouffert d’allarmes?

716 1273 3741 1456 Combien à vos mal-heurs ay-je donné de larmes?

723 1435 3914 1624 Craignant toûjours pour vous quelque nouveau dan¬

867 1663 1062 1785 ger

712 1755 3284 1940 Que ma triſte amitié ne pouvoit partager.

712 1912 2969 2092 Sur tout je redoutois cette Mélancolie

707 2062 3627 2264 Où j'ay vû ſi long-temps voſtre ame enſevelie.

701 2220 3586 2416 Je craignois que le Ciel, par un cruel ſecours,

716 2377 3926 2572 Ne vous offriſt la mort, que vous cherchiez toujours.

712 2539 3531 2732 Mais je vous voy, Seigneur, & ſi j’oſe le dire,

707 2700 3637 2886 Un Deſtin plus heureux vous conduit en Epire.

707 2865 3152 3046 Le pompeux appareil qui ſuit ici vos pas,

712 3009 3896 3206 N’eſt point d’un Mal-heureux qui cherche le trépas.

1796 3195 2665 3322 ORESTE.

705 3331 3707 3528 Helas! qui peut ſçavoir le Deſtin qui m’ameine?

707 3489 3546 3678 L’Amour me fait icy chercher une Inhumaine.

711 3653 3782 3848 Mais qui ſçait ce qu’il doit ordonner de mon Sort,

712 3820 3384 4002 Et ſi je viens chercher, ou la vie, ou la mort?

1956 3984 2761 4116 PYLADE.

711 4118 3827 4314 Quoy! voſtre ame à l’Amour, en Eſclave aſſervie,

697 4289 3074 4476 Se repoſe ſur luy du ſoin de voſtre vie?

716 4443 3910 4640 Par quels charmes, apres tant de tourmens ſouf¬

856 4642 1187 4783 ferts,

717 4763 3292 4920 Peut-il vous inviter à rentrer dans ſes fers?

711 4926 3608 5108 Penſez-vous qu’Hermione, à Sparte inéxorable,

712 5078 3608 5266 Vous prépare en Epire un Sort plus favorable?

706 5232 3601 5418 Houteux d’avoir pouſſé tant de vœux ſuperflus,

707 5389 3901 5582 Vous l’abhorriez. Enfin, vous ne m’en parliez plus.

695 5573 2540 5740 Vous me trompiez, Seigneur.

1897 5733 2720 5859 ORESTE.

2086 5874 3885 6047 Je me trompois moy-meſme.

702 6027 3701 6222 Amy, n’accable point un Mal-heureux qui t’aime.

697 6186 3599 6384 T’ay-je jamais caché mon cœur & mes deſirs?

701 6346 3646 6536 Tu vis naiſtre ma flâme & mes premiers ſoûpirs.
