4267 7774
753 695 3316 905 158 ANDROMAQUE

1923 961 2882 1095 PYRRHUS.

764 1099 3883 1298 Tel qu’il eſt, tous les Grecs demandent qu’il periſſe.

769 1272 3712 1458 Le Fils d’Agamemnon vient haſter ſon ſupplice.

1584 1440 3101 1603 ANDROMAQUE.

775 1601 3246 1760 Et vous prononcerez un Arreſt ſi cruel?

774 1750 3349 1938 Eſt-ce mon intereſt qui le rend criminel?

775 1922 4012 2116 Helas! on ne craint point qu'il vange un jour ſon

916 2104 1231 2226 Pere.

755 2242 3726 2425 On craint qu’il n’eſſuyaſt les larmes de ſa Mere.

790 2406 3681 2582 Il m’auroit tenu lieu d'un Pere, & d'un Epoux.

793 2562 4016 2755 Mais il me faut tout perdre, & toûjours par vos

942 2779 1329 2899 coups.

1985 2899 2954 3030 PYRRHUS.

804 3055 3535 3230 Madame, mes refus ont prévenu vos larmes.

805 3213 3946 3402 Tous les Grecs m’ont déja menacé de leurs Armes,

804 3380 3723 3552 Mais deuſſent-ils encore, en repaſſant les Eaux,

809 3539 3590 3710 Demander voſtre Fils, avec mille Vaiſſeaux:

810 3698 3773 3888 Couſtaſt-il tout le ſang qu’Helene a fait répandre,

809 3868 4026 4046 Deuſſay-je apres dix ans voir mon Palais en cen¬

982 4047 1257 4199 dre,

815 4188 3378 4374 Je ne balance point, je vole à ſon ſecours,

810 4359 3621 4536 Je defendray ſa vie aux deſpens de mes jours.

825 4520 4030 4712 Mais parmy ces perils, où je cours pour vous plaire,

830 4680 3489 4870 Me refuſerez-vous un regard moins ſevere?

829 4837 3514 5022 Haï de tous les Grecs, preſſé de tous coſtez,

830 5011 3581 5150 Me faudra-t’il combattre encor vos cruautez?

819 5168 3764 5352 Je vous offre mon bras. Puis-je eſperer encore

840 5328 3707 5516 Que vous accepterez un cœur qui vous adore?

845 5490 3672 5676 En combattant pour vous, me ſera-t'il permis

844 5652 3743 5842 De ne vous point conter parmy mes Ennemis?

1696 5921 3257 6077 ANDROMAQUE.

849 6184 3794 6374 Seigneur, que faites-vous, & que dira la Grece?

850 6328 4041 6538 Faut-il qu’un ſi grand cœur montre tant de foibleſſe?
