4080 6942
289 1324 278 330 P

336 804 2911 235 EXTRAIT DV PRIVILEGE

1447 1030 625 228 du Roy.

549 1272 2697 220 AR Grace & Privilege du Roy, donné à Paris

555 1434 2691 214 le vingt-uniéme Mars 1697. Signé, Par le

337 1592 2917 227 Roy en ſon Conſeil, LE FEVRE. Il eſt permis à

345 1744 2915 212 THOMAS GUILLAIN, Marchand Libraire à Paris,

343 1891 2922 219 de faire imprimer, vendre & debiter le Recueil des

344 2042 2917 223 Tragedies du Sieur PRADON, pendant le temps de

352 2192 2903 214 ſix années, à compter du jour qu’elles ſeront

354 2341 2901 218 achevées d’imprimer pour la premiere fois, en

354 2490 2905 218 vertu des preſentes, pendant lequel temps tres-

343 2631 2927 226 expreſſes inhibitions & défenſes ſont faites à toutes

352 2787 2914 224 perſonnes de quelque qualité & condition qu’elles

347 2937 2907 216 ſoient, de faire imprimer, vendre ny debiter deſ¬

349 3088 2917 221 dites Tragedies conjointement, ou ſeparé¬

357 3237 2917 233 ment, d'autre Edition que celles de l’Expo¬

349 3382 2921 238 ſant, ou de ceux qui auront droit de luy, à pei¬

344 3534 2941 219 ne de quinze cens livres d’amende, payable ſans

348 3682 2927 215 déport par chacun des Contrevenans, de confiſ¬

348 3828 2933 223 cation des Exemplaires contrefaits, & de tous

358 3981 2927 235 dépens, dommages & intereſts, & autres peines por¬

364 4134 2915 238 tées plus au long par leſdites Lettres de Privilege.

497 4435 2781 214 Regiſtré ſur le Livre de la Communauté des Im¬

353 4570 2927 233 primeurs & Libraires de la Ville de Paris, le 26.

370 4797 756 151 Mars .1695.

1404 4896 1886 196 Signé P. AUBOUIN, Syndic.

507 5117 2783 226 Achevé d’imprimer pour la premiere fois le

370 5310 1191 172 premier Avril 1697.

491 5570 1534 313 Le prix eſt vingt ſols.
