4080 7015
860 385 1797 293 TRAGEDIE.

3184 432 94 316 5

1246 702 1072 120 AURILCAR.

295 845 2662 162 Vous avez penetré ce que veut ſa prudence,

289 1001 2594 168 Une paix de Cartage eſt l'unique eſperance;

295 1153 2864 156 Mais, Madame, que dit, & que fait Scipion?

315 1303 2618 158 Son jeune cœur n'a-t-il que de l'ambition?

305 1455 2764 148 Les charmes d'Erixene, ou les yeux d’Iſperie

299 1607 2972 156 N'ont-ils pû rendre encor ſa grande ame attendrie?

305 1767 802 112 Pardonnez...

1277 1919 950 118 ERIXENE.

1413 2065 1872 152 Apprenez un ſecret important,

315 2217 2456 152 Sans doute Scipion n’eſt plus indifferent.

309 2369 2902 152 Depuis peu dans ſon Camp ſa flâme eſt allumée.

309 2505 2680 166 Bien que ſa paſſion dans ſon cœur renfermée

309 2671 2744 146 Prenne ſoin à nos yeux toujours de ſe cacher,

315 2817 2774 152 Qu’il faſſe des efforts en vain pour l’arracher,

309 2973 2982 148 J’ay connu cependant, même par ſa contrainte,

315 3125 2674 136 Que d’un feu violent ſon ame étoit atteinte.

1277 3275 1090 118 AURILCAR.

325 3427 2770 152 Il faut d'un tel ſecret qu'Annibal ſoit inſtruit,

319 3583 2674 148 Sa prudence pouroit en tirer quelque fruit;

315 3729 2370 154 Car ſi de Scipion on fléchit le courage,

319 3875 2604 168 Il pouroit s’adoucir en faveur de Cartage.

319 4033 2846 162 Hé quoy? ſi de l’amour il reſſentoit les coups?

319 4183 2614 152 Et s’il étoit charmé d’Iſperie, ou de vous,

329 4335 2604 152 Sans doute que la paix en ſeroit plus facile.

1307 4491 914 112 ERIXENE.

329 4637 2674 152 À connoître les cœurs je ne ſuis pas habile;

325 4789 2870 152 Mais j’ay crû dêmeſler dans ſon trouble ſecret,

335 4945 2920 162 Qu'il aime une des deux, & qu'il l’aime à regret;

339 5091 2982 152 Plus j'obſerve pour nous ſes yeux & ſa conduite,

335 5237 2996 168 Plus je vois qu’il nous cherche alors qu’il nous

515 5395 350 116 évite;

345 5545 2982 158 Quand il nous voit enſemble il demeure interdit,

339 5687 2534 172 Il rougit quelquefois de honte & de dépit

2573 5859 300 146 A iij
