4080 6996
882 471 1730 221 TRAGEDIE.

3133 563 132 147 13

282 677 2413 199 La Niéce d'Annibal tenteroit ma vertu?

278 823 2865 244 Le plus grand ennemy que jamais Rome ait eu?

274 971 2975 234 Non, Lepide, aujourd’huy je dois briſer ma chaîne.

1323 1160 823 133 LEPIDE.

261 1275 2783 244 Seigneur portez vos vœux du côté d’Erixene.

272 1431 2535 210 Elle eſt fille d’Hannon ennemy d’Annibal,

264 1579 2829 235 Dans Cartage ce Chef fut toujours ſon rival.

274 1741 2845 224 Toujours dans le Senat à ce Heros contraire,

261 1889 2993 227 Dans Rome il n’eut jamais de plus grand adver¬

448 2054 333 139 ſaire,

260 2187 2693 226 Et s’oppoſant ſans ceſſe à ſes juſtes deſſeins,

262 2347 2425 209 Il paroiſſoit plûtôt l’allié des Romains;

256 2497 2491 215 Aux charmes d'Iſperie oppoſez Erixene,

257 2647 2777 220 Et prenez un amour conforme à vôtre haine,

249 2795 2457 212 Elle peut balancer vos deſirs à ſon tour,

250 2949 2859 226 Et même elle pouroit répondre à vôtre amour.

1249 3135 914 131 SCIPION.

242 3253 522 126 Erixene

1220 3421 848 150 LEPIDE.

779 3576 2431 207 Oüy, Seigneur, & j’ay cru le connoître,

244 3705 2891 232 Toute ſa fierté tombe en nous voyant paroître:

240 3861 2587 213 Quand on parle de vous, il le faut avoüer,

231 4009 2819 230 Elle prend du plaiſir, Seigneur, à vous loüer,

227 4163 2767 231 Et lorſque vos regards tournent vers Iſperie,

229 4313 2302 216 Dans ſon dépit ſecret on lit ſa jalouſie;

226 4461 2653 227 Elle voudroit bien voir ſes charmes effacez,

228 4609 2298 218 Elle la hait enfin, en eſt-ce pas aſſez?

1259 4805 869 135 SCIPION.

217 4915 2645 236 Elle hait Iſperie, ah Ciel! quelle injuſtice?

221 5073 2642 236 Par qu’elle jalouſie, ou plûtôt quel caprice,

216 5225 2607 211 Malgré tant de beautez cette Erixene hait

214 5379 2951 246 Ce que la main des Dieux forma de plus parfait.

205 5521 2749 239 Je m’égare, Lepide, & tu vois ma foibleſſe,

201 5675 2883 244 C'eſt en vain que je veux déguiſer ma tendreſſe;

2551 5918 89 108 B
