4080 6707
1007 558 2826 274 défendre ſa patrie, qu'il quitta l'I¬

1007 838 2821 263 talie, qu’il revint en Afrique, &

1001 1078 2843 296 qu’il y trouva les affaires en un ſi

999 1374 2833 266 mauvais état, qu'il n’eût point d’au¬

990 1637 2843 235 tre party à prendre pour ſauver

996 1889 2826 234 Cartage, que celuy de demander la

989 2146 2832 194 Paix; mais il la demande d’une ma¬

979 2397 2837 246 niere aſſez noble, cette Scene a

986 2662 2828 270 toujours paru tres-belle, & tres-

974 2918 2857 270 bien conduites; Je ne doute point qu'il

973 3202 2849 212 n’y ait bien des choſes qui auroient

951 3448 2860 212 pû être mieux dans cette Piece, mais

962 3672 2849 296 je ne ſuis pas infaillible, & je ne don¬

951 3945 2865 274 ne point cecy pour un ouvrage ache¬

969 4214 2836 274 vé. Il ſuffit qu’il ait réuſſi, pour en

961 4478 2885 270 devoir être content, & pour m’en¬

962 4738 2860 270 courager à travailler à l'avenir

966 5002 2845 266 avec encor plus de ſoin & plus d'e¬

921 5263 818 193 xactitude.

1777 384 1436 171 PREFACE.
