4080 6707
1057 430 202 229 26

1348 391 2373 240 SCIPION L’AFRICAIN,

1051 646 2653 176 Pour rendre ſa puiſſance & ſa gloire affermie,

1042 797 2491 169 Rome ne peut ſouffrir d’alliance ennemie,

1047 941 2545 175 Syphax, ce Roy ſuperbe a payé cherement

1042 1093 2357 163 La fatale douceur d’un tel engagement:

1037 1221 2826 183 Il eſtoit nôtre amy; mais de dangereux charmes

1037 1374 2885 174 Luy firent contre nous ſoudain prendre les armes,

1038 1526 2467 168 Sophoniſbe luy plût, il devint ſon epoux,

1051 1664 2851 168 (Madame, elle eſtoit belle, & moins belle que vous)

1036 1784 2463 206 La fille d’Aſdrubal a donc ſçû le détruire,

1037 1957 2584 177 Et vient de luy coûter la vie avec l’Empire;

1043 2103 2597 177 D'un Chef Cartaginois, du fameux Hyerbal

1038 2251 2283 173 Iſperie eſt la fille, & niéce d’Annibal,

1047 2394 2869 168 Plus charmante cent fois, plus redoutable encore,

1046 2539 2594 175 Et Rome fouffriroit quand Lucejus l’adore,

1058 2691 2243 171 Qu’il unit à Cartage avec de tels liens

1057 2833 2497 169 Tout le peuple nombreux des Celtiberiens;

1056 2979 2497 169 Si Sophoniſbe ſeule a coûté trois batailles,

1051 3118 2865 172 Combien coûteriez-vous de ſang, de funerailles?

1056 3269 2762 169 Vous pouriez ſoûlever vingt Rois nos ennemis,

1052 3405 2045 181 Unir Mandonius avecque Indibilis,

1057 3566 2463 160 Et ſuſcitant à Rome une éternelle guerre,

1062 3704 2869 178 Vos yeux pouroient contr’elle armer toute la terre.

2050 3940 899 116 ISPERIE.

1070 4136 2861 182 Mais ſi la paix, Seigneur, par de plus doux projets

1071 4308 1469 148 Pouvoit unir nu jour...

2089 4515 831 119 SCIPION.

2447 4716 1473 159 Madame, point de paix,

1062 4858 2869 180 Point d'accord, c'eſt en vain en former l’eſperance,

1067 5002 2859 176 Il faut de Rome, il faut pourſuivre la vangeance,

1068 5152 2601 172 On me l’a confiée, & j’en dois prendre ſoin,

1061 5304 2608 172 Et ſi j’en crois mon cœur je la porteray loin,

1081 5464 1393 158 Madame, vous pleurez.
