4080 6996
898 443 1664 256 TRAGEDIE.

3134 507 105 221 3

284 708 2646 154 Et contraint ce Heros de voler en ces lieux,

284 864 2804 162 Pour défendre à ſon tour ſa patrie & ſes Dieux.

1281 1098 811 113 LEPIDE.

283 1302 2960 168 S’il acheve, Seigneur, cette heureuſe campagne,

277 1448 2860 174 Dans l'Affrique il fera ce qu'il fit en Eſpagne:

277 1598 2966 174 Un des plus puiſſans Rois qui fut dans l’Univers,

268 1750 2461 171 L’infidelle Syphax a pery dans ſes fers,

272 1904 2770 164 Aſdrubal & Xantus ont perdu trois batailles,

272 2056 2850 166 Cartage va nous voir au pied de ſes murailles,

272 2212 2770 158 Cette ſuperbe ville eſt contrainte aujourd'hui

272 2370 2694 156 D’appeller Annibal pour luy ſervir d’appuy,

278 2518 2874 158 Scipion la menace, & l’on voit ce grand homme

271 2666 2831 162 Luy rendre tout l’effroy qu’Annibal fit à Rome.

1209 2829 1098 118 AURILCAR.

267 2972 2668 152 Il vient de ſes ſuccés interrompre le cours,

267 3120 2518 159 Et promet à l’Affrique un fidele ſecours.

277 3272 2966 142 Son nom ſeul raffermit nos Provinces craintives;

268 3422 2859 160 Mais puis-je m’informer des illuſtres captives

268 3568 2974 162 Que Zama pris d’aſſaut vit tomber dans vos fers;

268 3722 2496 121 La Niéce d’Annibal les a-t-elle ſouffers?

272 3876 2654 154 Et la Fille d’Hannon, la ſuperbe Erixene,

268 4026 2668 160 S'eſt-elle accoûtumée à porter une chaîne?

1329 4188 781 111 LEPIDE.

267 4322 2966 166 Que leur chaîne, Seigneur, eſt facile à porter?

257 4474 2598 160 Elles ont des vertus qui les font reſpecter,

257 4630 2708 160 Au Camp de Scipion elles ſont ſouveraines,

263 4776 2920 164 Il les traite bien moins en eſclaves qu’en Reines,

259 4932 2782 164 Il n’a plus de fierté ſi-tôt qu’il eſt vainqueur,

266 5070 2505 177 Sa bonté, ſa clemence égalent ſa valeur;

262 5228 2946 170 Oüy, ſon bras aux vaincus ne fut jamais funeſte,

262 5380 2548 165 La victoire ne ſert qu'à le rendre modeſte,

262 5530 2402 149 Egal dans la fortune & dans l’adverſité,

268 5676 2442 175 Il n’eſt jamais ſuperbe en la proſperité.

2481 5863 229 148 A ij
