<?xml version="1.0" encoding="UTF-8"?>
<alto xmlns:xsi="http://www.w3.org/2001/XMLSchema-instance"
      xmlns="http://www.loc.gov/standards/alto/ns-v4#"
      xsi:schemaLocation="http://www.loc.gov/standards/alto/ns-v4# https://gitlab.inria.fr/scripta/escriptorium/-/raw/develop/app/escriptorium/static/alto-4-1-baselines.xsd">
  <Description>
    <MeasurementUnit>pixel</MeasurementUnit>
    <sourceImageInformation>
      <fileName>Pradon1697_Oeuvres_bpt6k857200c_cropped_corrected_0011.png</fileName>
    </sourceImageInformation>
  </Description>
  
  <Tags>
    <OtherTag ID="BT1" LABEL="Title" DESCRIPTION="block type Title"/><OtherTag ID="BT2" LABEL="Main" DESCRIPTION="block type Main"/><OtherTag ID="BT376" LABEL="Damage" DESCRIPTION="block type Damage"/><OtherTag ID="BT377" LABEL="Decoration" DESCRIPTION="block type Decoration"/><OtherTag ID="BT378" LABEL="DropCapital" DESCRIPTION="block type DropCapital"/><OtherTag ID="BT379" LABEL="Figure" DESCRIPTION="block type Figure"/><OtherTag ID="BT380" LABEL="Margin" DESCRIPTION="block type Margin"/><OtherTag ID="BT381" LABEL="MusicNotation" DESCRIPTION="block type MusicNotation"/><OtherTag ID="BT382" LABEL="Numbering" DESCRIPTION="block type Numbering"/><OtherTag ID="BT383" LABEL="RunningTitle" DESCRIPTION="block type RunningTitle"/><OtherTag ID="BT384" LABEL="Seal" DESCRIPTION="block type Seal"/><OtherTag ID="BT385" LABEL="Signatures" DESCRIPTION="block type Signatures"/><OtherTag ID="BT386" LABEL="Stamp" DESCRIPTION="block type Stamp"/><OtherTag ID="BT387" LABEL="Table" DESCRIPTION="block type Table"/>
    <OtherTag ID="LT141" LABEL="Default" DESCRIPTION="line type Default"/><OtherTag ID="LT142" LABEL="DropCapitalLine" DESCRIPTION="line type DropCapitalLine"/><OtherTag ID="LT143" LABEL="Interlinear" DESCRIPTION="line type Interlinear"/><OtherTag ID="LT144" LABEL="MusicLine" DESCRIPTION="line type MusicLine"/><OtherTag ID="LT145" LABEL="Rubric" DESCRIPTION="line type Rubric"/>
  </Tags>
  
  <Layout>
    <Page WIDTH="4080"
          HEIGHT="6924"
          PHYSICAL_IMG_NR="1"
          ID="eSc_dummypage_">
      <PrintSpace HPOS="0"
                  VPOS="0"
                  WIDTH="4080"
                  HEIGHT="6924">
        
        <TextBlock HPOS="126"
                   VPOS="1696"
                   WIDTH="722"
                   HEIGHT="642"
                   ID="eSc_textblock_5a3e81a3"
                   TAGREFS="BT378">
          <Shape><Polygon POINTS="126 1696 126 2338 848 2338 848 1696"/></Shape>
          
        </TextBlock>
        
        <TextBlock HPOS="103"
                   VPOS="493"
                   WIDTH="3026"
                   HEIGHT="630"
                   ID="eSc_textblock_5bb16e72"
                   TAGREFS="BT377">
          <Shape><Polygon POINTS="103 562 160 1123 3129 1043 3117 493"/></Shape>
          
        </TextBlock>
        
        <TextBlock HPOS="149"
                   VPOS="1123"
                   WIDTH="3152"
                   HEIGHT="4825"
                   ID="eSc_textblock_05c6feef"
                   TAGREFS="BT2">
          <Shape><Polygon POINTS="160 1249 149 5948 3232 5890 3301 1123"/></Shape>
          
          
          <TextLine ID="tl_2"
                    TAGREFS="LT141"
                    BASELINE="516 1524 2679 1407" 
                    HPOS="516"
                    VPOS="1210"
                    WIDTH="2165"
                    HEIGHT="314">
            <Shape><Polygon POINTS="516 1210 2681 1210 2681 1524 516 1524"/></Shape>
	    <String CONTENT="PREFACE."
                    HPOS="516"
                    VPOS="1210"
                    WIDTH="2165"
                    HEIGHT="314"></String>
          </TextLine>

          
          
          <TextLine ID="tl_3"
                    TAGREFS="LT141"
                    BASELINE="912 1841 1007 1841 1259 1831 1819 1828 2251 1820 3099 1796" 
                    HPOS="912"
                    VPOS="1618"
                    WIDTH="2189"
                    HEIGHT="314">
            <Shape><Polygon POINTS="912 1618 3101 1618 3101 1932 912 1932"/></Shape>
	    <String CONTENT="l le ſuccés d&#39;un Ouvrage"
                    HPOS="912"
                    VPOS="1618"
                    WIDTH="2189"
                    HEIGHT="314"></String>
          </TextLine>

          
          
          <TextLine ID="tl_4"
                    TAGREFS="LT141"
                    BASELINE="920 2108 1241 2111 1493 2107 2292 2087 2848 2072 3104 2055" 
                    HPOS="913"
                    VPOS="1886"
                    WIDTH="2193"
                    HEIGHT="323">
            <Shape><Polygon POINTS="913 1890 3106 1886 3106 2205 913 2209"/></Shape>
	    <String CONTENT="doit le défendre contre la"
                    HPOS="913"
                    VPOS="1886"
                    WIDTH="2193"
                    HEIGHT="323"></String>
          </TextLine>

          
          
          <TextLine ID="eSc_line_24487bcd"
                    TAGREFS="LT141"
                    BASELINE="287 2281 756 2258" 
                    HPOS="282"
                    VPOS="1705"
                    WIDTH="473"
                    HEIGHT="643">
            <Shape><Polygon POINTS="282 2279 294 2204 289 2245 301 1767 513 1705 650 1793 738 2169 755 2256 744 2325 646 2308 611 2336 317 2325 294 2348"/></Shape>
	    <String CONTENT="S"
                    HPOS="282"
                    VPOS="1705"
                    WIDTH="473"
                    HEIGHT="643"></String>
          </TextLine>

          
          
          <TextLine ID="tl_5"
                    TAGREFS="LT141"
                    BASELINE="928 2376 1678 2395 1958 2366 2318 2355 3105 2324" 
                    HPOS="926"
                    VPOS="2158"
                    WIDTH="2181"
                    HEIGHT="302">
            <Shape><Polygon POINTS="926 2158 3107 2158 3107 2460 926 2460"/></Shape>
	    <String CONTENT="critique, &amp; ſi la premiere"
                    HPOS="926"
                    VPOS="2158"
                    WIDTH="2181"
                    HEIGHT="302"></String>
          </TextLine>

          
          
          <TextLine ID="tl_6"
                    TAGREFS="LT141"
                    BASELINE="229 2694 456 2694 659 2644 1031 2644 1879 2627 2307 2619 2551 2615 3122 2555" 
                    HPOS="227"
                    VPOS="2410"
                    WIDTH="2897"
                    HEIGHT="332">
            <Shape><Polygon POINTS="227 2410 3124 2410 3124 2742 227 2742"/></Shape>
	    <String CONTENT="&amp; la plus infaillible regle du Thea¬"
                    HPOS="227"
                    VPOS="2410"
                    WIDTH="2897"
                    HEIGHT="332"></String>
          </TextLine>

          
          
          <TextLine ID="tl_7"
                    TAGREFS="LT141"
                    BASELINE="222 2918 448 2911 708 2904 1088 2911 1332 2902 1632 2897 1949 2934 2380 2886 2784 2870 3128 2863" 
                    HPOS="219"
                    VPOS="2683"
                    WIDTH="2908"
                    HEIGHT="294">
            <Shape><Polygon POINTS="219 2913 225 2792 248 2775 375 2804 415 2769 484 2798 565 2781 617 2729 669 2729 738 2792 836 2723 1084 2717 1165 2775 1246 2711 1373 2781 1511 2706 1610 2746 1673 2717 1737 2775 1829 2752 2037 2769 2192 2758 2308 2688 2354 2688 2423 2758 2504 2688 2573 2683 2677 2740 2758 2752 2908 2717 3029 2729 3110 2694 3127 2861 3000 2873 2943 2925 2868 2931 2810 2931 2764 2885 2608 2879 2487 2885 2446 2919 2377 2885 2291 2942 2135 2942 2089 2919 2065 2948 1788 2948 1719 2908 1673 2936 1633 2913 1419 2960 1286 2960 1234 2919 1096 2913 1021 2948 929 2919 877 2960 732 2931 692 2960 513 2977 455 2931 421 2960 380 2931 230 2936"/></Shape>
	    <String CONTENT="tre eſt celle de plaire, j&#39;oſe dire que"
                    HPOS="219"
                    VPOS="2683"
                    WIDTH="2908"
                    HEIGHT="294"></String>
          </TextLine>

          
          
          <TextLine ID="tl_8"
                    TAGREFS="LT141"
                    BASELINE="218 3182 562 3189 793 3185 1697 3167 2225 3152 2453 3149 2665 3144 2817 3138 3120 3084" 
                    HPOS="213"
                    VPOS="2948"
                    WIDTH="2903"
                    HEIGHT="300">
            <Shape><Polygon POINTS="213 3179 225 3017 328 3017 438 3024 496 3035 605 2983 692 3063 807 3006 940 3000 1009 3069 1096 2994 1327 2988 1373 3029 1419 2994 1552 3052 1633 3029 1823 3046 1875 3017 1904 3040 1990 3017 2135 3035 2164 3006 2285 3035 2383 3006 2498 3029 2585 2977 2654 3017 2718 2948 2804 2948 2868 3011 2931 2983 2995 3011 3098 3006 3116 3081 3104 3127 2977 3127 2943 3167 2816 3133 2718 3173 2660 3138 2579 3144 2533 3190 2446 3173 2319 3196 2233 3150 2129 3173 2106 3202 1933 3161 1887 3208 1771 3208 1737 3173 1598 3196 1569 3179 1529 3208 1494 3185 1390 3213 1234 3196 1194 3225 1056 3231 911 3231 854 3196 755 3231 640 3202 600 3231 542 3213 513 3242 421 3248 317 3202 219 3202"/></Shape>
	    <String CONTENT="Scipion l&#39;Africain ayant eu ce bon¬"
                    HPOS="213"
                    VPOS="2948"
                    WIDTH="2903"
                    HEIGHT="300"></String>
          </TextLine>

          
          
          <TextLine ID="tl_9"
                    TAGREFS="LT141"
                    BASELINE="219 3450 594 3444 699 3474 1526 3442 1818 3433 2594 3414 2834 3401 3137 3359" 
                    HPOS="219"
                    VPOS="3210"
                    WIDTH="2921"
                    HEIGHT="332">
            <Shape><Polygon POINTS="219 3210 3140 3210 3140 3542 219 3542"/></Shape>
	    <String CONTENT="heur, je pourois me diſpenſer de ré¬"
                    HPOS="219"
                    VPOS="3210"
                    WIDTH="2921"
                    HEIGHT="332"></String>
          </TextLine>

          
          
          <TextLine ID="tl_10"
                    TAGREFS="LT141"
                    BASELINE="174 3730 764 3709 1132 3707 1887 3691 2359 3687 2591 3678 2739 3671 2897 3672 3130 3627" 
                    HPOS="173"
                    VPOS="3485"
                    WIDTH="2954"
                    HEIGHT="311">
            <Shape><Polygon POINTS="173 3727 178 3617 253 3565 346 3560 455 3560 490 3588 519 3554 634 3554 663 3583 715 3554 813 3606 854 3571 917 3594 986 3571 1015 3594 1073 3583 1108 3542 1183 3588 1234 3560 1413 3588 1483 3525 1662 3554 1771 3525 1852 3565 1933 3537 2002 3565 2222 3485 2256 3537 2417 3560 2498 3508 2568 3554 2631 3554 2758 3537 2798 3490 2891 3485 2977 3542 3110 3537 3127 3623 3116 3658 2966 3687 2908 3669 2821 3721 2706 3721 2625 3687 2568 3721 2487 3698 2377 3721 2337 3698 2285 3738 2077 3715 2037 3744 1863 3750 1835 3721 1725 3710 1662 3756 1506 3762 1425 3721 1361 3750 1165 3715 1044 3721 992 3756 917 3727 790 3727 657 3773 605 3733 450 3762 369 3738 323 3779 300 3762 248 3796 178 3796"/></Shape>
	    <String CONTENT="pondre aux critiques qu’on en a fai¬"
                    HPOS="173"
                    VPOS="3485"
                    WIDTH="2954"
                    HEIGHT="311"></String>
          </TextLine>

          
          
          <TextLine ID="tl_11"
                    TAGREFS="LT141"
                    BASELINE="231 3978 524 3965 1497 3971 1925 3959 2236 3949 3152 3935" 
                    HPOS="229"
                    VPOS="3750"
                    WIDTH="2925"
                    HEIGHT="320">
            <Shape><Polygon POINTS="229 3750 3154 3750 3154 4070 229 4070"/></Shape>
	    <String CONTENT="tes. Cependant ſans me prévaloir"
                    HPOS="229"
                    VPOS="3750"
                    WIDTH="2925"
                    HEIGHT="320"></String>
          </TextLine>

          
          
          <TextLine ID="tl_12"
                    TAGREFS="LT141"
                    BASELINE="230 4246 490 4243 1786 4229 2118 4219 3147 4273" 
                    HPOS="230"
                    VPOS="4010"
                    WIDTH="2917"
                    HEIGHT="332">
            <Shape><Polygon POINTS="230 4010 3147 4010 3147 4342 230 4342"/></Shape>
	    <String CONTENT="des aplaudiſſemens que le public luy"
                    HPOS="230"
                    VPOS="4010"
                    WIDTH="2917"
                    HEIGHT="332"></String>
          </TextLine>

          
          
          <TextLine ID="tl_13"
                    TAGREFS="LT141"
                    BASELINE="237 4514 351 4514 973 4512 1161 4505 1295 4503 1723 4499 2299 4488 2535 4479 2899 4472 3155 4463" 
                    HPOS="236"
                    VPOS="4304"
                    WIDTH="2914"
                    HEIGHT="260">
            <Shape><Polygon POINTS="236 4512 242 4390 305 4362 363 4390 403 4350 761 4396 940 4373 1333 4385 1385 4350 1465 4385 1558 4362 1610 4385 1719 4333 1765 4373 1812 4350 1840 4379 1898 4379 2008 4321 2129 4321 2319 4373 2394 4315 2441 4344 2487 4315 2562 4367 2608 4367 2666 4321 2706 4350 2781 4333 2948 4362 3000 4310 3133 4304 3150 4460 3110 4512 3000 4494 2931 4529 2885 4500 2845 4529 2810 4494 2677 4535 2544 4535 2481 4506 2429 4535 2406 4512 2371 4529 2331 4500 2112 4540 2060 4500 1887 4523 1696 4506 1540 4552 1483 4512 1356 4512 1258 4558 1044 4540 929 4564 865 4564 807 4529 779 4552 750 4523 721 4546 513 4529 484 4558 461 4535 415 4552 386 4529 352 4558 317 4529 248 4529"/></Shape>
	    <String CONTENT="a donnez, je vais tâcher en peu de"
                    HPOS="236"
                    VPOS="4304"
                    WIDTH="2914"
                    HEIGHT="260"></String>
          </TextLine>

          
          
          <TextLine ID="tl_14"
                    TAGREFS="LT141"
                    BASELINE="238 4786 628 4784 1036 4777 1724 4767 1960 4763 2768 4738 3152 4731" 
                    HPOS="237"
                    VPOS="4546"
                    WIDTH="2916"
                    HEIGHT="308">
            <Shape><Polygon POINTS="237 4546 3153 4546 3153 4854 237 4854"/></Shape>
	    <String CONTENT="mots d&#39;en juſtifier la conduite. On"
                    HPOS="237"
                    VPOS="4546"
                    WIDTH="2916"
                    HEIGHT="308"></String>
          </TextLine>

          
          
          <TextLine ID="tl_15"
                    TAGREFS="LT141"
                    BASELINE="243 5046 477 5043 1289 5035 2041 5021 2461 5012 3157 4999" 
                    HPOS="242"
                    VPOS="4814"
                    WIDTH="2917"
                    HEIGHT="324">
            <Shape><Polygon POINTS="242 4814 3159 4814 3159 5138 242 5138"/></Shape>
	    <String CONTENT="me reproche d’avoir fait Scipion"
                    HPOS="242"
                    VPOS="4814"
                    WIDTH="2917"
                    HEIGHT="324"></String>
          </TextLine>

          
          
          <TextLine ID="tl_16"
                    TAGREFS="LT141"
                    BASELINE="249 5314 1143 5310 1634 5292 1850 5284 2582 5274 2938 5267 3158 5267" 
                    HPOS="247"
                    VPOS="5086"
                    WIDTH="2913"
                    HEIGHT="316">
            <Shape><Polygon POINTS="247 5086 3160 5086 3160 5402 247 5402"/></Shape>
	    <String CONTENT="amoureux; mais je ſoûtiens que le"
                    HPOS="247"
                    VPOS="5086"
                    WIDTH="2913"
                    HEIGHT="316"></String>
          </TextLine>

          
          
          <TextLine ID="tl_17"
                    TAGREFS="LT141"
                    BASELINE="254 5574 908 5575 1248 5568 1484 5564 2036 5561 2148 5586 2524 5544 2795 5539 3169 5532" 
                    HPOS="253"
                    VPOS="5297"
                    WIDTH="2915"
                    HEIGHT="340">
            <Shape><Polygon POINTS="253 5573 259 5435 340 5452 415 5429 478 5458 519 5418 582 5441 623 5412 727 5458 761 5435 836 5446 882 5412 923 5429 969 5394 1096 5394 1148 5441 1200 5418 1275 5435 1321 5389 1402 5389 1483 5446 1523 5446 1586 5383 1667 5383 1719 5435 1737 5412 1777 5435 1823 5412 1852 5441 1962 5441 1996 5418 2331 5297 2360 5400 2562 5429 2637 5360 2798 5360 2839 5389 2902 5354 2989 5354 3064 5412 3150 5377 3168 5527 3098 5579 3052 5533 2948 5556 2764 5539 2700 5568 2608 5550 2510 5602 2308 5608 2060 5608 2008 5562 1754 5562 1673 5602 1604 5596 1569 5562 1431 5568 1379 5625 1269 5625 1217 5573 1171 5568 1102 5602 1056 5591 1009 5631 906 5631 865 5602 819 5631 773 5608 738 5637 617 5631 588 5602 542 5631 496 5585 265 5596"/></Shape>
	    <String CONTENT="mettant ſur la Scene, j&#39;ay dû luy"
                    HPOS="253"
                    VPOS="5297"
                    WIDTH="2915"
                    HEIGHT="340"></String>
          </TextLine>

          
          
          <TextLine ID="tl_18"
                    TAGREFS="LT141"
                    BASELINE="246 5846 797 5849 1021 5845 1601 5833 1933 5837 2269 5824 2853 5801 3161 5799" 
                    HPOS="242"
                    VPOS="5631"
                    WIDTH="2914"
                    HEIGHT="323">
            <Shape><Polygon POINTS="242 5845 248 5694 288 5671 450 5689 571 5666 611 5700 727 5666 784 5723 871 5723 894 5694 946 5712 975 5683 1119 5683 1194 5718 1281 5671 1338 5706 1471 5654 1638 5648 1875 5706 2019 5700 2048 5671 2135 5660 2204 5694 2308 5694 2337 5666 2481 5666 2544 5631 2619 5631 2694 5677 2833 5660 2862 5689 2931 5648 2971 5683 3104 5654 3139 5677 3156 5798 3139 5845 3035 5845 2868 5914 2666 5850 2568 5850 2389 5856 2325 5891 2291 5873 2210 5925 2106 5902 2089 5925 1858 5931 1760 5891 1690 5914 1656 5891 1621 5925 1546 5896 1494 5931 1425 5902 1396 5937 1183 5943 1079 5879 796 5908 709 5891 663 5937 571 5954 496 5925 323 5954 253 5925"/></Shape>
	    <String CONTENT="donner ce caractere, qui releve ſon"
                    HPOS="242"
                    VPOS="5631"
                    WIDTH="2914"
                    HEIGHT="323"></String>
          </TextLine>

          
        </TextBlock>
        
        <TextBlock HPOS="2281"
                   VPOS="5914"
                   WIDTH="401"
                   HEIGHT="195"
                   ID="eSc_textblock_f0319c78"
                   TAGREFS="BT385">
          <Shape><Polygon POINTS="2682 6109 2682 5914 2281 5914 2281 6109"/></Shape>
          
          
          <TextLine ID="line_1548523847973_307"
                    TAGREFS="LT141"
                    BASELINE="2334 6035 2598 6033" 
                    HPOS="2330"
                    VPOS="5901"
                    WIDTH="274"
                    HEIGHT="182">
            <Shape><Polygon POINTS="2330 5903 2601 5901 2604 6081 2333 6083"/></Shape>
	    <String CONTENT="ã ij"
                    HPOS="2330"
                    VPOS="5901"
                    WIDTH="274"
                    HEIGHT="182"></String>
          </TextLine>

          
        </TextBlock>
        
        <TextBlock HPOS="2025"
                   VPOS="3897"
                   WIDTH="1834"
                   HEIGHT="859"
                   ID="eSc_textblock_46f10e5f"
                   TAGREFS="BT376">
          <Shape><Polygon POINTS="3782 4031 3859 4718 2025 4756 2025 3897"/></Shape>
          
        </TextBlock>
        

        
      </PrintSpace>
    </Page>
  </Layout>
</alto>
