4080 6707
1186 419 174 218 28

1555 391 2267 302 SCIPION L’AFRICAIN,

1186 659 2697 175 D’où vient que contre luy je me trouve animé?

1189 803 2795 177 Dieux! par quelles raiſons? Lucejus eſt aimé?

1183 947 2559 149 Les voila ces raiſons? & mon ame ſaiſie...

1182 1094 2182 170 Ah! je te reconnois affreuſe jalouſie,

1176 1241 2810 172 Tu viens porter la haine & le trouble en mon cœur,

1177 1384 2643 175 Et tu me fais ſentir que l’amour eſt vainqueur,

1174 1534 2806 176 Dans quel temps? dans le temps qu’Annibal va

1318 1681 556 148 paroître,

1172 1820 2753 183 Et que de mes tranſports je dois eſtre le maître,

1160 1967 2722 182 Je pouſſe des ſoûpirs, je m’égare, ah du moins

1166 2113 2548 172 De mes égaremens je n’ay point de témoins;

1162 2255 2814 184 Mais dois-je ſuccomber au panchant qui m’en¬

1295 2405 419 125 traîne,

1158 2543 2149 174 Puniſſons Iſperie en voyant Erixene,

1148 2689 2658 188 Mépriſons ſes attraits, & peut-être en ce jour

1160 2835 2268 172 Qu'Erixene ſçaura détruire cet amour:

1146 2983 2821 180 je veux rendre un hommage éclatant à ſes char¬

1290 3169 287 87 mes,

1150 3268 2818 186 Abandonnons des yeux toujours noyez de larmes,

1151 3418 2542 180 Tout le veut, la raiſon, la gloire, l’équité,

1144 3560 2587 180 Il faut par d'autre fers me mettre eu liberté.

1953 4012 1098 163 Fin du ſecond Acte.
