<?xml version="1.0" encoding="UTF-8"?>
<alto xmlns:xsi="http://www.w3.org/2001/XMLSchema-instance"
      xmlns="http://www.loc.gov/standards/alto/ns-v4#"
      xsi:schemaLocation="http://www.loc.gov/standards/alto/ns-v4# https://gitlab.inria.fr/scripta/escriptorium/-/raw/develop/app/escriptorium/static/alto-4-1-baselines.xsd">
  <Description>
    <MeasurementUnit>pixel</MeasurementUnit>
    <sourceImageInformation>
      <fileName>Pradon1697_Oeuvres_bpt6k857200c_cropped_corrected_0035.png</fileName>
    </sourceImageInformation>
  </Description>
  
  <Tags>
    <OtherTag ID="BT1" LABEL="Title" DESCRIPTION="block type Title"/><OtherTag ID="BT2" LABEL="Main" DESCRIPTION="block type Main"/><OtherTag ID="BT376" LABEL="Damage" DESCRIPTION="block type Damage"/><OtherTag ID="BT377" LABEL="Decoration" DESCRIPTION="block type Decoration"/><OtherTag ID="BT378" LABEL="DropCapital" DESCRIPTION="block type DropCapital"/><OtherTag ID="BT379" LABEL="Figure" DESCRIPTION="block type Figure"/><OtherTag ID="BT380" LABEL="Margin" DESCRIPTION="block type Margin"/><OtherTag ID="BT381" LABEL="MusicNotation" DESCRIPTION="block type MusicNotation"/><OtherTag ID="BT382" LABEL="Numbering" DESCRIPTION="block type Numbering"/><OtherTag ID="BT383" LABEL="RunningTitle" DESCRIPTION="block type RunningTitle"/><OtherTag ID="BT384" LABEL="Seal" DESCRIPTION="block type Seal"/><OtherTag ID="BT385" LABEL="Signatures" DESCRIPTION="block type Signatures"/><OtherTag ID="BT386" LABEL="Stamp" DESCRIPTION="block type Stamp"/><OtherTag ID="BT387" LABEL="Table" DESCRIPTION="block type Table"/>
    <OtherTag ID="LT141" LABEL="Default" DESCRIPTION="line type Default"/><OtherTag ID="LT142" LABEL="DropCapitalLine" DESCRIPTION="line type DropCapitalLine"/><OtherTag ID="LT143" LABEL="Interlinear" DESCRIPTION="line type Interlinear"/><OtherTag ID="LT144" LABEL="MusicLine" DESCRIPTION="line type MusicLine"/><OtherTag ID="LT145" LABEL="Rubric" DESCRIPTION="line type Rubric"/>
  </Tags>
  
  <Layout>
    <Page WIDTH="4080"
          HEIGHT="6924"
          PHYSICAL_IMG_NR="24"
          ID="eSc_dummypage_">
      <PrintSpace HPOS="0"
                  VPOS="0"
                  WIDTH="4080"
                  HEIGHT="6924">
        
        <TextBlock HPOS="733"
                   VPOS="424"
                   WIDTH="1777"
                   HEIGHT="183"
                   ID="eSc_textblock_0f8d5dc4"
                   TAGREFS="BT383">
          <Shape><Polygon POINTS="733 424 733 607 2510 607 2510 424"/></Shape>
          
          
          <TextLine ID="tl_1"
                    TAGREFS="LT141"
                    BASELINE="794 620 2487 574 2544 577" 
                    HPOS="790"
                    VPOS="380"
                    WIDTH="1749"
                    HEIGHT="254">
            <Shape><Polygon POINTS="790 617 796 426 854 415 946 450 1009 415 1200 444 1269 403 1454 426 1610 403 1656 426 1696 392 1840 426 1915 386 2054 403 2071 380 2192 386 2233 415 2325 386 2521 403 2539 577 2481 600 2279 577 2216 605 2083 582 2014 611 1858 588 1737 617 1644 594 1558 623 1304 611 1211 634 802 617"/></Shape>
	    <String CONTENT="TRAGEDIE."
                    HPOS="790"
                    VPOS="380"
                    WIDTH="1749"
                    HEIGHT="254"></String>
          </TextLine>

          
        </TextBlock>
        
        <TextBlock HPOS="3026"
                   VPOS="458"
                   WIDTH="229"
                   HEIGHT="184"
                   ID="eSc_textblock_d3a0baa5"
                   TAGREFS="BT382">
          <Shape><Polygon POINTS="3026 470 3026 642 3255 642 3255 458"/></Shape>
          
        </TextBlock>
        
        <TextBlock HPOS="252"
                   VPOS="584"
                   WIDTH="3060"
                   HEIGHT="5410"
                   ID="eSc_textblock_c422ec8e"
                   TAGREFS="BT2">
          <Shape><Polygon POINTS="252 642 298 5994 3312 5948 3278 584"/></Shape>
          
          
          <TextLine ID="eSc_line_f5f68888"
                    TAGREFS="LT141"
                    BASELINE="3014 600 3200 609" 
                    HPOS="3012"
                    VPOS="392"
                    WIDTH="185"
                    HEIGHT="231">
            <Shape><Polygon POINTS="3012 594 3029 409 3191 392 3197 605 3122 623 3018 600"/></Shape>
	    <String CONTENT="19"
                    HPOS="3012"
                    VPOS="392"
                    WIDTH="185"
                    HEIGHT="231"></String>
          </TextLine>

          
          
          <TextLine ID="tl_2"
                    TAGREFS="LT141"
                    BASELINE="273 835 395 791 571 780 925 779 1045 780 1513 766 1599 784 1796 759 2080 751 2470 745 2884 730 3204 716" 
                    HPOS="273"
                    VPOS="627"
                    WIDTH="2932"
                    HEIGHT="208">
            <Shape><Polygon POINTS="273 627 3205 627 3205 835 273 835"/></Shape>
	    <String CONTENT="je le ſçais à preſent, &amp; j&#39;en rends grâce aux"
                    HPOS="273"
                    VPOS="627"
                    WIDTH="2932"
                    HEIGHT="208"></String>
          </TextLine>

          
          
          <TextLine ID="tl_3"
                    TAGREFS="LT141"
                    BASELINE="474 941 815 931 911 954" 
                    HPOS="473"
                    VPOS="829"
                    WIDTH="438"
                    HEIGHT="130">
            <Shape><Polygon POINTS="473 829 911 829 911 959 473 959"/></Shape>
	    <String CONTENT="Dieux,"
                    HPOS="473"
                    VPOS="829"
                    WIDTH="438"
                    HEIGHT="130"></String>
          </TextLine>

          
          
          <TextLine ID="tl_4"
                    TAGREFS="LT141"
                    BASELINE="259 1094 367 1088 795 1079 1305 1069 1447 1069 1626 1065 2026 1049 2166 1050 2380 1044 2704 1039 2784 1055" 
                    HPOS="259"
                    VPOS="929"
                    WIDTH="2526"
                    HEIGHT="199">
            <Shape><Polygon POINTS="259 929 2785 929 2785 1128 259 1128"/></Shape>
	    <String CONTENT="Il faudra profiter &amp; du temps &amp; des lieux,"
                    HPOS="259"
                    VPOS="929"
                    WIDTH="2526"
                    HEIGHT="199"></String>
          </TextLine>

          
          
          <TextLine ID="tl_5"
                    TAGREFS="LT141"
                    BASELINE="283 1239 417 1234 531 1235 671 1229 931 1229 1387 1220 1502 1208 1656 1214 1912 1199 2084 1198 2618 1209" 
                    HPOS="283"
                    VPOS="1093"
                    WIDTH="2336"
                    HEIGHT="182">
            <Shape><Polygon POINTS="283 1093 2619 1093 2619 1275 283 1275"/></Shape>
	    <String CONTENT="Et ſi le Ciel répond à ce que je projete,"
                    HPOS="283"
                    VPOS="1093"
                    WIDTH="2336"
                    HEIGHT="182"></String>
          </TextLine>

          
          
          <TextLine ID="tl_6"
                    TAGREFS="LT141"
                    BASELINE="289 1387 597 1378 721 1378 1119 1407 1726 1357 2040 1347 2364 1339 2638 1333 3208 1348" 
                    HPOS="289"
                    VPOS="1221"
                    WIDTH="2920"
                    HEIGHT="196">
            <Shape><Polygon POINTS="289 1221 3209 1221 3209 1417 289 1417"/></Shape>
	    <String CONTENT="Tout le Camp d&#39;Annibal nous offre une retraite,"
                    HPOS="289"
                    VPOS="1221"
                    WIDTH="2920"
                    HEIGHT="196"></String>
          </TextLine>

          
          
          <TextLine ID="tl_7"
                    TAGREFS="LT141"
                    BASELINE="289 1533 381 1532 660 1527 871 1528 1168 1523 1495 1558 1583 1523 1922 1502 2193 1537 2570 1488 2864 1482 3095 1517" 
                    HPOS="289"
                    VPOS="1367"
                    WIDTH="2806"
                    HEIGHT="206">
            <Shape><Polygon POINTS="289 1367 3095 1367 3095 1573 289 1573"/></Shape>
	    <String CONTENT="Il n&#39;eſt pas loin d’icy; mais fay voulu ſans luy"
                    HPOS="289"
                    VPOS="1367"
                    WIDTH="2806"
                    HEIGHT="206"></String>
          </TextLine>

          
          
          <TextLine ID="tl_8"
                    TAGREFS="LT141"
                    BASELINE="291 1681 684 1671 840 1671 1228 1668 1592 1661 1836 1652 2000 1648 2276 1642 3049 1668 3134 1642" 
                    HPOS="291"
                    VPOS="1522"
                    WIDTH="2844"
                    HEIGHT="203">
            <Shape><Polygon POINTS="291 1522 3135 1522 3135 1725 291 1725"/></Shape>
	    <String CONTENT="Tenter ce grand effort que je fais aujourd’huy;"
                    HPOS="291"
                    VPOS="1522"
                    WIDTH="2844"
                    HEIGHT="203"></String>
          </TextLine>

          
          
          <TextLine ID="tl_9"
                    TAGREFS="LT141"
                    BASELINE="269 1868 400 1827 954 1821 1652 1806 1888 1797 2070 1797 2400 1786 2988 1777" 
                    HPOS="269"
                    VPOS="1672"
                    WIDTH="2720"
                    HEIGHT="200">
            <Shape><Polygon POINTS="269 1672 2989 1672 2989 1872 269 1872"/></Shape>
	    <String CONTENT="Je craignois qu’Annibal par ſa lente prudence"
                    HPOS="269"
                    VPOS="1672"
                    WIDTH="2720"
                    HEIGHT="200"></String>
          </TextLine>

          
          
          <TextLine ID="tl_10"
                    TAGREFS="LT141"
                    BASELINE="275 1982 456 1972 800 1971 1042 1966 1274 1965 1624 1957 1772 1955 2066 1951 2760 1932 2844 1926" 
                    HPOS="275"
                    VPOS="1830"
                    WIDTH="2570"
                    HEIGHT="178">
            <Shape><Polygon POINTS="275 1830 2845 1830 2845 2008 275 2008"/></Shape>
	    <String CONTENT="Ne ſervit mal ma flâme &amp; mon impatience:"
                    HPOS="275"
                    VPOS="1830"
                    WIDTH="2570"
                    HEIGHT="178"></String>
          </TextLine>

          
          
          <TextLine ID="tl_11"
                    TAGREFS="LT141"
                    BASELINE="285 2125 366 2125 486 2122 566 2120 647 2141 920 2122 1502 2110 1582 2107 2240 2116 2560 2086 3132 2081 3228 2089" 
                    HPOS="285"
                    VPOS="1968"
                    WIDTH="2950"
                    HEIGHT="177">
            <Shape><Polygon POINTS="285 1968 3235 1968 3235 2145 285 2145"/></Shape>
	    <String CONTENT="Ainſi, ſans differer... Madame, vous tremblez,"
                    HPOS="285"
                    VPOS="1968"
                    WIDTH="2950"
                    HEIGHT="177"></String>
          </TextLine>

          
          
          <TextLine ID="tl_12"
                    TAGREFS="LT141"
                    BASELINE="285 2275 506 2269 764 2266 1044 2266 1636 2274 1922 2251 2340 2245 2614 2235 3138 2231 3236 2253" 
                    HPOS="285"
                    VPOS="2115"
                    WIDTH="2951"
                    HEIGHT="192">
            <Shape><Polygon POINTS="285 2115 3236 2115 3236 2307 285 2307"/></Shape>
	    <String CONTENT="Vos ſens ſont interdits, vos eſprits ſont troublez,"
                    HPOS="285"
                    VPOS="2115"
                    WIDTH="2951"
                    HEIGHT="192"></String>
          </TextLine>

          
          
          <TextLine ID="tl_13"
                    TAGREFS="LT141"
                    BASELINE="291 2429 576 2416 736 2416 1328 2415 1582 2409 1656 2426 1832 2400 2136 2394 2366 2391 2544 2391 2764 2385 3218 2385" 
                    HPOS="291"
                    VPOS="2267"
                    WIDTH="2928"
                    HEIGHT="200">
            <Shape><Polygon POINTS="291 2267 3219 2267 3219 2467 291 2467"/></Shape>
	    <String CONTENT="Vous ne répondez rien, &amp; vous verſez des larmes."
                    HPOS="291"
                    VPOS="2267"
                    WIDTH="2928"
                    HEIGHT="200"></String>
          </TextLine>

          
          
          <TextLine ID="tl_14"
                    TAGREFS="LT141"
                    BASELINE="1287 2558 1338 2558 1458 2565 1598 2559 1732 2556 1892 2554 1992 2540 2170 2545" 
                    HPOS="1287"
                    VPOS="2441"
                    WIDTH="883"
                    HEIGHT="125">
            <Shape><Polygon POINTS="1287 2441 2170 2441 2170 2566 1287 2566"/></Shape>
	    <String CONTENT="ISPERIE."
                    HPOS="1287"
                    VPOS="2441"
                    WIDTH="883"
                    HEIGHT="125"></String>
          </TextLine>

          
          
          <TextLine ID="tl_15"
                    TAGREFS="LT141"
                    BASELINE="295 2755 556 2715 730 2718 1164 2712 1508 2708 1822 2698 2000 2694 2594 2684 3078 2679 3238 2679" 
                    HPOS="295"
                    VPOS="2567"
                    WIDTH="2943"
                    HEIGHT="198">
            <Shape><Polygon POINTS="295 2567 3238 2567 3238 2765 295 2765"/></Shape>
	    <String CONTENT="Que je reſſens pour vous de mortelles allarmes?"
                    HPOS="295"
                    VPOS="2567"
                    WIDTH="2943"
                    HEIGHT="198"></String>
          </TextLine>

          
          
          <TextLine ID="tl_16"
                    TAGREFS="LT141"
                    BASELINE="295 2903 1164 2864 1992 2848 2132 2844 2350 2839 2650 2829 3224 2828" 
                    HPOS="295"
                    VPOS="2715"
                    WIDTH="2929"
                    HEIGHT="198">
            <Shape><Polygon POINTS="295 2715 3224 2715 3224 2913 295 2913"/></Shape>
	    <String CONTENT="Qu&#39;allez-vous entreprendre? &amp; qui peut m&#39;aſſurer"
                    HPOS="295"
                    VPOS="2715"
                    WIDTH="2929"
                    HEIGHT="198"></String>
          </TextLine>

          
          
          <TextLine ID="tl_17"
                    TAGREFS="LT141"
                    BASELINE="289 3027 480 3018 1148 3013" 
                    HPOS="289"
                    VPOS="2900"
                    WIDTH="859"
                    HEIGHT="131">
            <Shape><Polygon POINTS="289 2900 1148 2900 1148 3031 289 3031"/></Shape>
	    <String CONTENT="Du ſuccés...."
                    HPOS="289"
                    VPOS="2900"
                    WIDTH="859"
                    HEIGHT="131"></String>
          </TextLine>

          
          
          <TextLine ID="tl_18"
                    TAGREFS="LT141"
                    BASELINE="1315 3162 1662 3158 1898 3193 2186 3143" 
                    HPOS="1314"
                    VPOS="3033"
                    WIDTH="872"
                    HEIGHT="167">
            <Shape><Polygon POINTS="1314 3033 2186 3033 2186 3200 1314 3200"/></Shape>
	    <String CONTENT="LUCEJUS."
                    HPOS="1314"
                    VPOS="3033"
                    WIDTH="872"
                    HEIGHT="167"></String>
          </TextLine>

          
          
          <TextLine ID="tl_19"
                    TAGREFS="LT141"
                    BASELINE="1087 3317 1264 3315 1388 3331 1980 3322 2106 3296 2390 3292 2688 3293 3228 3307" 
                    HPOS="1086"
                    VPOS="3167"
                    WIDTH="2142"
                    HEIGHT="192">
            <Shape><Polygon POINTS="1086 3167 3228 3167 3228 3359 1086 3359"/></Shape>
	    <String CONTENT="Ouy, Madame, il faut tout eſperer,"
                    HPOS="1086"
                    VPOS="3167"
                    WIDTH="2142"
                    HEIGHT="192"></String>
          </TextLine>

          
          
          <TextLine ID="tl_20"
                    TAGREFS="LT141"
                    BASELINE="305 3477 390 3477 1054 3466 1364 3462 1628 3453 1742 3451 2046 3447 2304 3442 3054 3432 3132 3457" 
                    HPOS="304"
                    VPOS="3318"
                    WIDTH="2828"
                    HEIGHT="205">
            <Shape><Polygon POINTS="304 3318 3132 3318 3132 3523 304 3523"/></Shape>
	    <String CONTENT="A quiconque aime bien il n’eſt rien d&#39;impoſſible,"
                    HPOS="304"
                    VPOS="3318"
                    WIDTH="2828"
                    HEIGHT="205"></String>
          </TextLine>

          
          
          <TextLine ID="tl_21"
                    TAGREFS="LT141"
                    BASELINE="299 3625 800 3621 970 3615 1274 3611 1632 3604 1902 3601 2106 3600 2544 3591 3152 3581 3236 3601" 
                    HPOS="299"
                    VPOS="3473"
                    WIDTH="2937"
                    HEIGHT="166">
            <Shape><Polygon POINTS="299 3473 3236 3473 3236 3639 299 3639"/></Shape>
	    <String CONTENT="L&#39;ardeur de vous ſervir doit me rendre invincible,"
                    HPOS="299"
                    VPOS="3473"
                    WIDTH="2937"
                    HEIGHT="166"></String>
          </TextLine>

          
          
          <TextLine ID="tl_22"
                    TAGREFS="LT141"
                    BASELINE="302 3771 416 3770 556 3767 830 3761 1054 3760 1498 3776 1692 3752 1816 3750 1972 3750 2374 3747 2540 3745 2948 3731 3038 3750" 
                    HPOS="300"
                    VPOS="3623"
                    WIDTH="2738"
                    HEIGHT="184">
            <Shape><Polygon POINTS="300 3623 3038 3623 3038 3807 300 3807"/></Shape>
	    <String CONTENT="Si le ſort me trahit, ou ſi je meurs au moins,"
                    HPOS="300"
                    VPOS="3623"
                    WIDTH="2738"
                    HEIGHT="184"></String>
          </TextLine>

          
          
          <TextLine ID="tl_23"
                    TAGREFS="LT141"
                    BASELINE="291 3921 806 3915 880 3934 1134 3909 1518 3904 1888 3900 2046 3895 2450 3890 2644 3885 3232 3910" 
                    HPOS="290"
                    VPOS="3771"
                    WIDTH="2942"
                    HEIGHT="186">
            <Shape><Polygon POINTS="290 3771 3232 3771 3232 3957 290 3957"/></Shape>
	    <String CONTENT="Madame, vos beaux yeux en ſeront les témoins,"
                    HPOS="290"
                    VPOS="3771"
                    WIDTH="2942"
                    HEIGHT="186"></String>
          </TextLine>

          
          
          <TextLine ID="tl_24"
                    TAGREFS="LT141"
                    BASELINE="290 4103 720 4105 984 4065 1284 4061 1688 4050 1892 4049 2216 4045 2594 4040 2758 4034 2958 4029 3052 4060" 
                    HPOS="290"
                    VPOS="3923"
                    WIDTH="2762"
                    HEIGHT="186">
            <Shape><Polygon POINTS="290 3923 3052 3923 3052 4109 290 4109"/></Shape>
	    <String CONTENT="J&#39;auray fait mon devoir s’il m’en coûte la vie,"
                    HPOS="290"
                    VPOS="3923"
                    WIDTH="2762"
                    HEIGHT="186"></String>
          </TextLine>

          
          
          <TextLine ID="tl_25"
                    TAGREFS="LT141"
                    BASELINE="308 4219 492 4220 874 4214 1034 4214 1174 4213 1468 4205 1672 4238 1992 4194 2412 4188 2894 4190" 
                    HPOS="308"
                    VPOS="4075"
                    WIDTH="2586"
                    HEIGHT="186">
            <Shape><Polygon POINTS="308 4075 2894 4075 2894 4261 308 4261"/></Shape>
	    <String CONTENT="Du moins je la perdray pour ſauver Iſperie."
                    HPOS="308"
                    VPOS="4075"
                    WIDTH="2586"
                    HEIGHT="186"></String>
          </TextLine>

          
          
          <TextLine ID="tl_26"
                    TAGREFS="LT141"
                    BASELINE="1330 4358 1382 4358 1502 4358 2142 4343" 
                    HPOS="1330"
                    VPOS="4241"
                    WIDTH="812"
                    HEIGHT="123">
            <Shape><Polygon POINTS="1330 4241 2142 4241 2142 4364 1330 4364"/></Shape>
	    <String CONTENT="ISPERIE."
                    HPOS="1330"
                    VPOS="4241"
                    WIDTH="812"
                    HEIGHT="123"></String>
          </TextLine>

          
          
          <TextLine ID="tl_27"
                    TAGREFS="LT141"
                    BASELINE="304 4513 436 4512 760 4512 940 4514 1204 4512 1388 4508 1802 4502 1902 4523 2166 4498 3018 4508 3242 4488" 
                    HPOS="304"
                    VPOS="4371"
                    WIDTH="2938"
                    HEIGHT="192">
            <Shape><Polygon POINTS="304 4371 3242 4371 3242 4563 304 4563"/></Shape>
	    <String CONTENT="Et c&#39;eſt ce que je crains, que pourez-vous, ah"
                    HPOS="304"
                    VPOS="4371"
                    WIDTH="2938"
                    HEIGHT="192"></String>
          </TextLine>

          
          
          <TextLine ID="tl_28"
                    TAGREFS="LT141"
                    BASELINE="504 4669 864 4663 950 4663" 
                    HPOS="504"
                    VPOS="4557"
                    WIDTH="446"
                    HEIGHT="114">
            <Shape><Polygon POINTS="504 4557 950 4557 950 4671 504 4671"/></Shape>
	    <String CONTENT="Dieux?"
                    HPOS="504"
                    VPOS="4557"
                    WIDTH="446"
                    HEIGHT="114"></String>
          </TextLine>

          
          
          <TextLine ID="tl_29"
                    TAGREFS="LT141"
                    BASELINE="306 4823 606 4812 906 4812 1444 4807 1618 4803 1996 4842 2659 4787 2738 4806" 
                    HPOS="306"
                    VPOS="4681"
                    WIDTH="2432"
                    HEIGHT="182">
            <Shape><Polygon POINTS="306 4681 2738 4681 2738 4863 306 4863"/></Shape>
	    <String CONTENT="Vous allez attaquer un Camp victorieux,"
                    HPOS="306"
                    VPOS="4681"
                    WIDTH="2432"
                    HEIGHT="182"></String>
          </TextLine>

          
          
          <TextLine ID="tl_30"
                    TAGREFS="LT141"
                    BASELINE="316 4971 606 4962 1054 4956 1130 4983 1678 4956 1762 4977 1916 4958 2191 4947 2403 4943 2535 4937 2769 4936 3159 4937 3238 4962" 
                    HPOS="316"
                    VPOS="4817"
                    WIDTH="2922"
                    HEIGHT="198">
            <Shape><Polygon POINTS="316 4817 3238 4817 3238 5015 316 5015"/></Shape>
	    <String CONTENT="Vous perirez, Seigneur, &amp; tout me le fait croire,"
                    HPOS="316"
                    VPOS="4817"
                    WIDTH="2922"
                    HEIGHT="198"></String>
          </TextLine>

          
          
          <TextLine ID="tl_31"
                    TAGREFS="LT141"
                    BASELINE="314 5121 606 5112 930 5108 1362 5106 1662 5106 2076 5101 2725 5086 2824 5107" 
                    HPOS="314"
                    VPOS="4978"
                    WIDTH="2510"
                    HEIGHT="161">
            <Shape><Polygon POINTS="314 4978 2824 4978 2824 5139 314 5139"/></Shape>
	    <String CONTENT="Vous allez contre vous irriter la victoire,"
                    HPOS="314"
                    VPOS="4978"
                    WIDTH="2510"
                    HEIGHT="161"></String>
          </TextLine>

          
          
          <TextLine ID="tl_32"
                    TAGREFS="LT141"
                    BASELINE="308 5301 431 5260 729 5260 1164 5301 1762 5281 1918 5256 2195 5251 2565 5240 2733 5236 3103 5241 3178 5266" 
                    HPOS="308"
                    VPOS="5118"
                    WIDTH="2870"
                    HEIGHT="197">
            <Shape><Polygon POINTS="308 5118 3178 5118 3178 5315 308 5315"/></Shape>
	    <String CONTENT="Je vous verray ſanglant, &amp; tout percé de coups,"
                    HPOS="308"
                    VPOS="5118"
                    WIDTH="2870"
                    HEIGHT="197"></String>
          </TextLine>

          
          
          <TextLine ID="tl_33"
                    TAGREFS="LT141"
                    BASELINE="326 5415 805 5411 1424 5411 1573 5405" 
                    HPOS="326"
                    VPOS="5293"
                    WIDTH="1248"
                    HEIGHT="164">
            <Shape><Polygon POINTS="326 5293 1574 5293 1574 5457 326 5457"/></Shape>
	    <String CONTENT="Tomber peut-être..."
                    HPOS="326"
                    VPOS="5293"
                    WIDTH="1248"
                    HEIGHT="164"></String>
          </TextLine>

          
          
          <TextLine ID="tl_34"
                    TAGREFS="LT141"
                    BASELINE="1296 5560 2151 5549" 
                    HPOS="1296"
                    VPOS="5435"
                    WIDTH="856"
                    HEIGHT="161">
            <Shape><Polygon POINTS="1296 5435 2152 5435 2152 5596 1296 5596"/></Shape>
	    <String CONTENT="LUCEJUS."
                    HPOS="1296"
                    VPOS="5435"
                    WIDTH="856"
                    HEIGHT="161"></String>
          </TextLine>

          
          
          <TextLine ID="tl_35"
                    TAGREFS="LT141"
                    BASELINE="1190 5722 1524 5716 1618 5721 1887 5709 2192 5716 2460 5710 2720 5720 3058 5724" 
                    HPOS="1190"
                    VPOS="5581"
                    WIDTH="1868"
                    HEIGHT="175">
            <Shape><Polygon POINTS="1190 5581 3058 5581 3058 5756 1190 5756"/></Shape>
	    <String CONTENT="Helas! que mon ſort ſera doux"
                    HPOS="1190"
                    VPOS="5581"
                    WIDTH="1868"
                    HEIGHT="175"></String>
          </TextLine>

          
          
          <TextLine ID="tl_36"
                    TAGREFS="LT141"
                    BASELINE="334 5863 441 5858 581 5865 1050 5870" 
                    HPOS="334"
                    VPOS="5740"
                    WIDTH="716"
                    HEIGHT="167">
            <Shape><Polygon POINTS="334 5740 1050 5740 1050 5907 334 5907"/></Shape>
	    <String CONTENT="Si je puis..."
                    HPOS="334"
                    VPOS="5740"
                    WIDTH="716"
                    HEIGHT="167"></String>
          </TextLine>

          
        </TextBlock>
        

        
      </PrintSpace>
    </Page>
  </Layout>
</alto>
