4080 6862
1070 451 154 252 18

1419 417 2329 263 SCIPION L’AFRICAIN,

1644 1304 1693 199 SCENE II.

1062 1673 2873 197 LUCEJUS, ISPERIE, EMILIE,

2062 1862 932 140 CELSUS.

2144 2186 841 159 LUCEJUS.

2386 2447 251 309 N

2666 2590 1007 166 'En doutez plus,

1033 2756 2734 170 Madame, & connoiſſez aujourd’huy Lucejus:

1046 2902 2323 166 Le fidele Celſus fût captif de mon père,

1041 3060 2401 164 Il le renvoya libre, & j’en ay le ſalaire,

1033 3210 2921 166 C’eſt luy qui m’a conduit prés de vous en ces

1246 3369 421 124 lieux,

1023 3506 2789 178 Je viens briſer vos fers, ou mourir à vos yeux.

2027 3738 890 114 ISPERIE.

1032 3950 1168 155 Ciel! qu’entens-je?

2037 4099 895 157 LUCEJUS.

2242 4251 1689 156 Voila le ſujet qui m’ameine,

1022 4390 2898 168 Mes ſoldats ſont cachez dans la foreſt prochaine,

1007 4542 2923 171 Juſqu’au prés de ce Camp nous ſommes parvenus

1017 4692 2686 150 Par des lieux écartez, des chemins inconnus,

1002 4844 2692 160 Je n’ay pris avec moy que des troupes d’élite,

1003 4994 2305 146 Indibilis m’attend, il en a la conduite,

1007 5132 2716 170 Avecque un Camp volant Mandonius le ſuit,

998 5294 2671 159 Nous devons attaquer ce quartier cette nuit;

1011 5438 2619 165 Je n’ay fié qu’à moy le ſoin de reconnoiſtre,

1001 5590 2930 169 En quel endroit du Camp vos tentes pouvoient être,
