4080 6933
780 448 1741 183 TRAGEDIE.

3033 519 133 105 11

1112 735 911 115 SCIPION.

1362 950 1784 160 Ecoûte, une de mes captives,

194 1097 2746 187 je tremble ſeulement d’en prononcer le nom,

208 1247 2384 163 A ſoûmis, a vaincu le cœur de Scipion;

207 1391 2607 169 Pourois-je t’en tracer une aſſez vive image?

197 1543 2613 165 Un charme ébloüiſſant brille ſur ſon viſage,

202 1693 2543 168 Un air plein de grandeur, une noble fierté,

202 1845 2439 169 L’éclat & la douceur jointe à la majeſté,

198 1992 2502 171 Mille & mille vertus, une grace infinie...

197 2146 2385 166 Enfin ne dois-tu pas reconnoître Iſperie.

1216 2311 798 110 LEPIDE.

207 2441 2644 171 Hé? qui pouroit la voir ſans en eſtre ſurpris,

213 2596 2475 164 Seigneur, avec raiſon vous en eſtes épris,

217 2756 717 139 Ses yeux...

1192 2902 855 118 SCIPION.

512 3045 2653 169 Ne flates point mon panchant, ma foibleſſe,

212 3192 2648 164 Et loin de me laiſſer languir dans la moleſſe,

207 3338 2693 170 Contre un feu ſi fatal prête-moy du ſecours,

211 3492 2877 185 Sauve moy, s’il ſe peut, de l’abîme où je cours:

209 3641 2646 174 D’iſperie, il eſt vray, je redoutois la veuë,

209 3787 2613 176 Je ſentois à ſes yeux mon ame trop émeuë,

213 3942 2264 165 J'ay voulu l’éviter, vaine précaution!

222 4089 2475 170 Par l’abſence j’ay cru vaincre ma paſſion,

218 4244 2957 172 J’ay tenu quelque temps contre de ſi doux char¬

424 4430 296 91 mes;

223 4542 2643 177 Mais enfin je la vis, elle verſoit des larmes,

223 4694 2607 187 C’eſtoit pour ſon Amant, & j'en fus offenſé,

228 4844 2647 189 D’un mouvement jaloux je me ſentis preſſé,

228 4989 2947 204 Et ſes pleurs, ſes ſoûpirs, ſa langueur, ſa triſ¬

381 5138 1855 152 teſſe,

238 5293 2463 176 Me firent vivement reſſentir ma foibleſſe,

234 5442 2939 199 Je n'en ſuis plus le maître, & malgré mes efforts

228 5592 2751 199 Je ſuccombe, Lepide, à de ſi doux transports.
