4080 7033
809 435 1749 191 TRAGEDIE.

3085 472 101 160 7

801 1247 1788 223 SCENE III.

234 1676 2949 201 SCIPION, LEPIDE, AURILCAR.

1176 2037 869 124 SCIPION.

468 2285 2732 235 St-il donc vray, Seigneur, ce qu’on vient de

252 2303 216 334 E

568 2490 838 153 m'apprendre,

250 2631 2832 177 Que le grand Annibal cherche à m’entretenir?

1148 2795 1049 123 AURILCAR.

243 2930 2763 180 Seigneur, ſur ce ſujet je viens vous prévenir,

244 3095 2428 161 Occupé tout entier du ſoin de ſa patrie,

244 3229 2949 181 Annibal, par ma bouche aujourd'hui vous en prie;

249 3396 2191 166 Une telle entreveuë utile à ſon païs,

244 3550 2646 160 Et même neceſſaire à tous les deux partis,

248 3701 2879 169 Pouroit en ce grand jour décidant de la guerre,

249 3855 2561 167 Donner un plein repos au reſte de la terre.

1240 4020 889 115 SCIPION.

248 4148 2691 174 Annibal me ſurprend par ce nouveau deſſein,

239 4299 2545 175 Je ne le croyois voir que le fer à la main,

250 4454 2342 146 Et ſeur de ſa valeur & de ſa renommée,

238 4602 2653 164 Je l'attendois toujours en tête d’une Armée.

1139 4772 1053 122 AURILCAR.

244 4902 2752 174 Elle approche de vous, & marche ſur ſes pas;

244 5071 2575 153 Avant que de tenter le deſtin des combats,

249 5208 2657 176 Il a cru pour le bien de chaque Republique,

250 5367 2502 175 Qu'il devoit avec vous en ſage politique,

250 5518 2297 136 Examiner à fonds les divers intereſts

249 5669 2863 177 Qui troublent nos Etats par des reſſors ſecrets,
