4080 6673
1018 355 206 217 22

1302 322 2338 261 SCIPION L’AFRICAIN,

1525 1130 1815 198 SCENE III.

1236 1557 2388 169 ISPERIE, ERMILIE.

2045 1862 828 114 ISPERIE.

1313 2118 2388 173 Preſent je reſpire! il a rempli mes vœux,

1013 2129 239 289 A

1283 2292 2455 153 Cet Amant que je vois fidelle & genereux,

1008 2437 2836 146 De tant de mouvemens dont j’avois l'ame atteinte,

1008 2563 2580 173 Il ne me reſte plus que l’amour & la crainte;

1004 2716 2837 159 Mais helas! quelle eſt vive & ſenſible à mon cœur?

998 2863 2648 158 Je ſens mille tranſports de joye & de douleur,

1008 3003 2720 167 Il eſt digne de moy, je dois trop le connoître;

1004 3161 2426 153 Mais il va s'expoſer, & perira peut-eſtre;

1008 3301 2423 152 Que dis-je, ſon amour va tenter un effort

1008 3445 2433 154 Qui luy fera trouver Scipion & la mort;

1002 3591 2638 159 Juſtes Dieux! détournez ce funeſte présage!

1004 3733 2537 159 Inſpirez Annibal pour la paix de Cartage!

1009 3883 2466 155 C'eſt ma ſeule eſperance en cette occaſion,

1009 4029 2382 162 Et ſur tout portez-y le cœur de Scipion:

1008 4175 1500 164 Il vient, que me veut-il?
