4080 6682
1192 400 156 212 8

1499 350 2296 329 SCIPION L’AFRICAIN,

1198 643 2532 184 Et les ayant tous mis dans la juſte balance,

1194 776 2464 188 En peſer à loiſir les raiſons, l'importance,

1191 918 2620 200 Pour garder à chacun & ſa gloire & ſon rang;

1193 1066 2580 192 Souvent une entreveuë épargne bien du ſang,

1182 1210 2330 185 Ainſi pour Annibal je la demande encore.

2154 1377 832 116 SCIPION.

1181 1496 2818 196 Hé bien? pour luy marquera quel point je l’honore

1175 1638 2466 188 J’accepte l’entreveuë, & veux bien differer

1179 1786 2460 184 La bataille où j’ay cru devoir me préparer;

1180 1926 2496 192 Pour lever tout ombrage & toute défiance,

1174 2068 2816 194 Qu’il choiſiſſe un lieu propre à cette conference,

1159 2182 2826 240 Je m’y rendray, Seigneur, au jour qu’il nommera,

1173 2356 2378 188 Et ne ſera y ſuivy qu’autant qu’il le ſera.

2029 2515 1052 131 AURILCAR.

1164 2642 2818 198 Il prétend dans ce Camp venir bien-tôt luy-même.

2148 2813 892 117 SCIPION.

1159 2917 2820 195 Quoy! luy-même en mon Camp, ma ſurpriſe eſt

1385 3084 544 113 extrême?

1162 3218 2451 187 Mais quel ôtage encor exige-t-il de moy?

1158 3360 1858 179 Que demande-t-il qui puiſſe...

1942 3519 1102 129 AURILCAR.

3065 3684 602 158 Vôtre foy.

2109 3818 844 120 SCIPION.

1153 3920 2815 211 Hé quoy? donc Annibal ne veut point d’autre

1356 4092 404 154 ôtage?

2024 4239 988 134 AURILCAR.

1147 4372 2340 195 Il veut de Scipion la parole pour gage,

1149 4518 2382 186 Hé quel ôtage peut remplacer Annibal?

2101 4682 875 123 SCIPION.

1146 4798 2720 198 Je ſçay qu’il n’en eſt point pour un tel General.

1143 4944 2343 193 Et puiſqu'il ſe confie en ma ſeule parole,

1145 5092 2464 186 Je jure par les Dieux appuis du Capitole,

1148 5230 2187 193 Qu’il peut en ſeureté ſe fier à ma foy,

1142 5380 2688 201 Il n’aura dans mon Camp pour ôtage que moy.
