4080 6534
1100 413 147 196 4

1361 370 2326 277 SCIPION L’AFRICAIN,

1104 612 2284 197 La Niéce d’Annibal, l’adorable Iſperie,

1103 752 2370 167 Fit briller tant d’éclat & tant de modeſtie

1094 882 2375 174 Qu'il en fut ébloüy: mais enfin ſa beauté

1098 1038 2564 182 Porte un charme ſecret dont on eſt enchanté.

1094 1176 2209 197 Au Prince Lucejus elle ſe vit promiſe,

1097 1320 2571 206 Il devoit l’épouſer quand Zama fut ſurpriſe;

1086 1454 2193 199 Ce jour infortuné ſi funeſte pour eux

1095 1604 2672 202 Sépara ces Amans ſur le point d’eſtre heureux:

1085 1740 2719 211 Elle ignore où ce Prince a ſçû porter ſes armes,

1078 1873 2789 217 Et ſouvent ſes beaux yeux pour luy verſent des

1286 2037 448 112 larmes:

1079 2172 2697 203 Mais, Seigneur, Erixene en ce lieu doit venir,

1086 2310 2243 192 Scipion luy permet de vous entretenir,

1067 2444 2795 223 Je vois qu’elle s’avance, & vous laiſſe avecque elle.

1662 3149 1677 247 SCENE II.

1070 3527 2763 232 ERIXENE, BARSE', AURILCAR.

2047 3875 826 127 ERIXENE.

1350 4100 2495 250 N nous vient d’annoncer une grande nouvelle,

1351 4279 2232 192 Annibal en Affrique eſt enfin de retour.

1958 4437 972 132 AURILCAR.

1056 4557 2637 185 Vous le verrez, Madame, avant la fin du jour.

1996 4714 933 139 ERIXENE.

1045 4797 2675 261 Je ſçay que dans l'état où l’Affrique eſt reduite,

1052 4978 2427 206 Elle n’eſpere plus qu’en ſa ſeule conduite;

1051 5124 2608 211 Ne me deguiſez rien ſur ſes nouveaux projets,

1047 5262 2683 220 Je prévois, Aurilcar, qu’ils tendent à la paix.

1045 4029 300 386 O
