4080 6715
1108 419 190 280 10

1404 391 2312 342 SCIPION L’AFRICAIN,

2159 789 722 117 LEPIDE.

1110 968 2714 195 S’il demande la paix, n’eſtes-vous pas le maître

1101 1114 1537 170 D’accepter, d'imposer...

2027 1286 892 119 SCIPION.

2362 1424 1443 175 Apprens à me connoître.

1102 1548 2408 189 Si dans cette entreveuë il propoſe la paix,

1091 1690 2429 190 Ma gloire me défend d’y conſentir jamais.

1101 1842 2570 186 Quelques conditions que j'impoſe à Cartage,

1091 1986 2594 185 Quand Rome la verroit reduite à l'eſclavage,

1088 2122 2578 192 Je ne fais rien pour moy, ſi dans un jour fatal

1092 2266 2534 190 Scipion n'eſt vainqueur de l'illuſtre Annibal:

1091 2412 2546 190 Voila donc l'intereſt le premier de ma gloire;

1079 2556 2762 193 J'en ay d’autres ſecrets que tu ne pouras croire,

1078 2698 2470 186 Je ne ſçay ſi mon cœur ſe ſeroit démenty,

1078 2838 2306 193 Je ſens ce que jamais je n’avois reſſenty.

2028 3008 779 122 LEPIDE.

1081 3132 1012 167 Vous, Seigneur?

1951 3293 891 125 SCIPION.

1842 3437 1974 168 Je te veux ouvrir toute mon ame,

1073 3562 2500 193 Je ne ſçay ſi je dois donner le nom de flâme

1069 3712 2286 179 A ce trouble mortel dont je ſuis agité;

1072 3852 2428 188 Qu’on l’ignore à jamais dans la poſterité?

1068 3994 2814 190 Que toy ſeul ſois témoin de ma foibleſſe extrême?

1061 4134 2633 197 Lepide, quelquefois j’ay pitié de moy-même,

1057 4286 2632 191 Je combats, mais en vain un rapide penchant,

1067 4428 2812 190 Qui de tous mes efforts eſt toujours triomphant;

1064 4572 2456 192 Je rougis d’en ſentir les mortelles atteintes,

1054 4716 2810 192 J’ay voulu te cacher mon deſordre, mes craintes;

1058 4856 2593 156 Mais il faut t’avoüer mon foible avec douleur.

1059 5004 2388 185 La priſe de Zama coûte cher à mon cœur.

2051 5171 765 115 LEPIDE.

1050 5286 2746 197 Je vous entends, Seigneur, des atteintes ſi vives

1072 5434 1096 131 Sont de l’amour...
