4080 7033
814 416 1782 252 TRAGEDIE.

3024 463 182 275 25

215 697 2873 172 Pouroit-elle ſouffrir qu’il devint vôtre époux?

198 853 2686 173 Et d’ailleurs cet hymen eſt indigne de vous.

1214 1013 842 116 ISPERIE.

198 1167 1316 150 Lucejus eſt ne Prince.

1192 1317 860 117 SCIPION.

1280 1459 1616 163 Et fuſt-il Roy, Madame,

204 1617 2307 155 Il ne merite point une ſi belle flâme?

204 1761 2908 164 Que vous connoiſſez peu le prix de vôtre cœur?

198 1916 2974 162 Vous ignorez encor juſqu’à quel point d’hõneur...

192 2070 2780 170 Non, à vôtre merite il n'eſt rien qui réponde,

198 2214 2854 175 Il eſt trop au deſſus de tous les Rois du monde,

188 2370 2974 172 Et pour mieux ſoûtenir l’honneur de vôtre choix,

187 2520 2981 172 Il faut un des vainqueurs, un des maiſtres des Rois,

204 2681 1529 132 En un mot, un Romain.

1231 2831 865 120 ISPERIE.

1446 2987 1463 147 La grandeur, la fortune

197 3119 2754 159 Peut faire impreſſion ſur une ame commune;

193 3275 2959 189 Mais quoy! tout ſon éclat mis dans ſon plus beau

380 3444 245 135 jour

193 3580 2641 175 N’éblouït point un cœur éclairé par l’amour.

1174 3747 946 122 SCIPION.

198 3889 2287 156 Quoy? vous pouriez, Madame?...

1269 4049 797 117 ISPERIE.

1245 4194 1908 193 Eh! Seigneur, que m’importe

193 4345 2965 202 Que ces vainqueurs des Rois... Mais helas! je

377 4502 718 151 m’emporte,

189 4642 2762 176 Je dois les reſpecter, & je ſuis dans leurs fers;

197 4798 2955 184 Qu'à leur gré les Romains gouvernent l’Univers,

209 4946 2954 207 Tout doit fléchir ſous eux? Mais encor à quels

335 5108 309 105 titres

187 5250 2754 171 Veulent-ils de nos cœurs devenir les arbitres?

1179 5424 982 132 SCIPION.

196 5548 2568 206 Il faut juſtifier, Madame, leurs desseins,

193 5698 2706 207 Et vous aprendre icy l’intereſt des Romains;

2473 5913 94 103 C
