4080 6741
1665 354 1401 178 PREFACE.

954 558 2919 290 action principale, qui eſt de vaincre

893 803 2962 275 ſa paſſion, & de rendre ſa Maî¬

957 1082 2902 278 treſſe à ſon Rival. Ariſtote nous

946 1342 2898 294 aprend qu’on peut ajoûter quelque

943 1594 2899 302 choſe de vray-ſemblable au vray;

949 1854 2918 306 & il eſt vray-ſemblable que Scipion

934 2114 2899 294 à l'âge de vingt-quatre ans, ayant

904 2370 2911 258 pris la plus belle perſonne de l’Uni¬

955 2617 2860 304 vers, ait éſté ſenſible à ſa beauté,

930 2882 2883 313 & qu'il ait rendu quelques combats?

919 3158 2895 289 avant que de la rendre à Lucejus

882 3404 2922 269 Prince des Celtiberiens, à qui elle

910 3662 2917 275 eſtoit promiſe. D'ailleurs ſi Scipion

908 3930 2910 294 avoit remis ſa captive ſans la voir,

876 4190 2917 259 ſon action n'auroit pas été ſi belle, que

886 4454 2903 289 de la rendre aprés l'avoir veuë, &

884 4714 2942 290 aprés en avoir eſté vivement touché;

881 4974 2755 292 car comme dit le grand Corneille,

1082 5305 2561 206 Ce n'eſt qu'en ces aſſauts qu’éclate la vertu,

1076 5479 2689 181 Et l’on doute d'un cœur qui n'a point combatu.
