4080 7051
895 443 1453 176 PREFACE

188 657 2973 290 Il me ſemble même que Scipion au¬

185 933 2980 268 roit bien douté de ſa vertu, & du

176 1192 2986 271 pouvoir qu’il avoit ſur luy de n’oſer

188 1474 2980 241 voir une tres-belle perſonne, de peur

183 1741 2969 240 d’en être tenté. Comme l'Hiſtoire

188 2013 2960 276 ne nomme point cette belle captive,

164 2281 2989 284 je la fais Niéce d’Annibal, pour

169 2565 2969 272 donner un plus grand contraſte à l’a¬

164 2826 2969 241 mour de Scipion qu'il combat, &

163 3069 2973 304 dont enfin il triomphe, & je puis di¬

164 3360 2975 294 re que cette action a plû trop gene¬

164 3633 2965 280 ralement dans le cinquiéme Acte

123 3895 2998 259 pour me repentir de l'avoir fait. Il

105 4165 3010 288 y a des gens qui s'étonnent qu'An¬

143 4437 2968 208 nibal vienne demander la Paix

147 4713 2953 280 avecque une aſſez groſſe Armée;

135 4994 2969 241 mais il n'eſt pas permis d’ignorer un

123 5223 2975 312 fait hiſtorique auſſi connu que celuy-

129 5511 2969 276 là. Il eſt conſtant qu'Annibal fut

179 5801 2948 284 rapellé par le Senat de Cartage pour
