4080 6924
842 392 1720 288 TRAGEDIE.

2977 426 191 208 15

665 1396 2067 337 ACTE II.

240 1837 2879 300 SCENE PREMIERE.

592 2267 2286 213 ISPERIE, ERMILIE.

1280 2628 837 129 ISPERIE

963 2867 2250 226 ANGUIRAIS-JE toujours en des crain¬

1158 3075 888 139 tes mortelles

966 3183 2243 223 Du Prince Lucejus on n'a point de

1171 3392 652 134 nouvelles,

973 3488 2236 213 Aurilcar m'a parlé ſans m'avoir rien

1172 3689 378 157 appris

258 3799 2646 189 Qui puiſſe redonner le calme à mes eſprits;

261 3946 2948 202 Il m’apprend qu’Annibal, ce Heros que j'honore,

259 4097 2929 199 Viendra; mais Lucejus ne paroit point encore;

264 4255 2428 189 Devoit-il pas aller au devant de ſes pas?

262 4399 2952 197 Le joindre dans ſon Camp, y mener ſes ſoldats?

268 4547 2750 201 Que fait-il? en quels lieux avec indifference,

268 4700 2944 172 Depuis deux mois entiers ſouffre-t-il mon abſence?

268 4847 2565 188 Il n’oſe rien tenter, il n’a rien entrepris,

277 4999 2941 197 Sans doute que mon cœur eſt d’un trop foible prix;

283 5153 2321 191 Et ne devoit-il pas au peril de ſa teſte,

278 5309 2273 189 Ravir à Scipion une telle conqueſte;

278 5444 2675 201 Il n’a rien fait encor pour me prouver ſa foy,

272 5604 2482 201 Je ne merite pas qu’il s'expoſe pour moy.

2446 5782 257 142 B ij
