4080 6810
1079 465 182 250 20

1386 419 2336 279 SCIPION L’AFRICAIN,

2061 710 894 122 ISPERIE.

1368 838 2586 193 Non, Seigneur, gardez-vous d’entreprendre,

1073 981 2614 188 Si je l'ay ſouhaité, je dois vous le défendre;

1061 1127 2680 195 L’oin de vous j’accuſois vôtre trop de lenteur,

1051 1273 2702 195 J’allois juſqu’à douter même de vôtre cœur:

1058 1423 2754 196 Pardonnez-moy, j’étois injuſte, criminelle,

1052 1571 2592 189 De ſoupçonner ce cœur genereux & fidelle:

1042 1721 2890 196 Mais enfin, grace au Ciel, je vous vois de retour,

1035 1869 2896 196 Et je retrouve en vous un Heros plein d’amour,

1034 2011 661 128 C'eſt aſſez.

2029 2175 952 159 LUEEJUS.

1488 2314 2430 186 Non, Madame, il faut tantôt me ſuivre,

1022 2465 2812 186 Ou choiſir de me voir dans peu ceſſer de vivre,

1015 2611 2831 198 Diſſipez vos chagrins, & n’ayez point d’effroy,

1017 2761 2744 195 Cette entrepriſe eſt digne & de vous & de moy.

1003 2911 2906 197 Hé quoy donc Scipion vous peut voir à toute heu¬

1223 3110 179 87 re,

1000 3203 2896 201 Vous le ſouffrez helas! quand il faut que je meure,

1006 3359 2648 189 Il joüit des momens qui m’eſtoient deſtinez,

993 3497 2547 196 Je traîne loin de vous des jours infortunez,

997 3653 2900 197 Vous le voyez ſouvent, pardonnez-moy, Madame,

995 3801 2892 201 L’éclat de ſa grandeur pouroit toucher une ame,

994 3951 2782 197 Il a trop de vertus, & mon tranſport jaloux...

1985 4116 847 124 ISPERIE.

982 4242 2596 195 Il a tout le reſpect que j’attendrois de vous,

992 4393 2683 182 Sa bonté, ſa clemence, enlevent mon eſtime,

985 4541 2904 207 Je ne m’en défens point puiſqu'elle eſt legitime?

989 4691 2526 191 Mais enfin Scipion n'eſt point vôtre rival,

982 4839 2704 188 Il n’aime que la gloire, & ne hait qu'Annibal.

1978 5002 898 158 LUCEJUS.

972 5134 2898 202 Moy, je hay ce Romain dont vous portez la chaîne,

973 5282 2640 196 Et pour luy mon eſtime eſt égale à ma haine;

967 5428 2906 208 Mais, Madame, ſongez qu’il fait tous nos malheurs,

976 5581 2553 204 Vous devez le haïr, il vous coûte des pleurs,
