4080 6960
905 394 1683 290 TRAGEDIE.

3081 423 203 267 27

1378 699 861 121 ISPERIE.

1502 826 1571 178 Il faut bien que je pleure,

322 982 2959 198 Puiſque par cet Arreſt vous voulez que je meure?

326 1141 2440 178 Vous ſerez ſatisfait, cet ordre rigoureux

322 1279 2844 197 Dans peu fera perir deux Amans malheureux,

326 1431 2963 190 Nous avions dans la paix encor quelque eſperance,

319 1583 2952 190 Mais vous voulez de Rome achever la vangeance.

319 1732 2968 200 Achevez-là, Seigneur, mais du moins le trépas,

320 1891 2562 191 Au defaut de la paix ne nous manquera pas.

941 2630 1751 270 SCENE V.

1098 3025 1362 209 SCIPION ſeul.

557 3184 2733 203 Lle fort, juſte Ciel! & ſes yeux pleins de larmes

342 3236 186 319 E

539 3352 2751 209 Attendriſſent mon cœur, & m’arrachent les

536 3593 437 99 armes,

335 3672 2752 201 Je ſuis prêt d’oublier ma gloire, mes projets,

335 3825 2758 196 Et preſqu’en ce moment je conſens à la paix;

341 3976 2852 191 Ouy, puiſqu'elle le veut, il faut finir la guerre,

339 4125 2968 198 En rendre un plein repos, un plein calme à la terre;

341 4270 2902 199 Mais quel triſte penſer me frape en ce moment?

345 4417 2778 204 Elle ne veut la paix que pour voir ſon Amant,

341 4571 2962 196 Que pour combler ſes vœux d’un heureux hyme¬

501 4759 272 138 née,

335 4884 2268 187 Et j'en avancerois la fatale journée?

345 5028 2848 197 C’eſt donc pour Lucejus qu'elle aſpire à la paix:

347 5179 2962 202 Qu’elle l’aime grands Dieux! grands Dieux que

515 5343 614 168 je le hais?

335 5477 2967 200 Mais pourquoy ſon nom ſeul me fait-il de la peine?

341 5628 2848 209 D'où vient que Lucejus eſt l’objet de ma haine?

2573 5807 219 145 C ij
