4080 7051
802 532 1701 177 TRAGEDIE.

3022 576 105 161 9

1047 750 1093 130 AURILCAR.

199 906 1441 170 Seigneur, c’en eſt aſſez.

1188 1065 878 115 SCIPION.

1638 1199 1491 167 Allez, je vais l’attendre,

193 1352 2741 178 Je me fais un plaiſir de le voir, de l'entendre,

194 1509 2707 175 Mais preſſez l'entreveuë où j’ay dû conſentir,

189 1667 2233 175 Et voyez Iſperie avant que de partir.

688 2407 1873 235 SCENE IV.

621 2814 2095 199 SCIPION, LEPIDE.

1266 3176 921 118 SCIPION

446 3284 2381 194 Epide, que crois-tu de cette conference

205 3290 224 353 L

447 3453 2719 185 Qu’Annibal me demande avecque tant d'inſ¬

392 3675 391 88 tance;

209 3779 2653 151 Son invincible bras, la terreur des Romains,

210 3899 2967 203 Son grand coeur, ſa conduite, & ſes vaſtes deſſeins

209 4085 2679 169 Avoient mis l’Italie aux bords du précipice,

204 4233 2658 169 Long-temps de la fortune il fixa le caprice;

204 4384 2763 156 De Trebie, & ſur tout de Cannes le malheur,

203 4547 2339 143 Monumens éternels de ſa rare valeur,

210 4695 2585 171 Sur les deux Scipions ſa derniere victoire,

215 4848 2489 172 Tout enfin a ſervy de trophée à ſa gloire:

210 4994 2783 176 Cependant ce vainqueur aprés tant de combats

215 5155 2587 167 Envoye à Scipion, & fait les premiers pas,

214 5306 2388 132 Il dément la fierté de ſon a me hautaine.

214 5456 2841 174 Que me vient propoſer ce fameux Capitaine?

209 5611 2593 167 Dieux! ſeroit-ce la paix? mon eſprit agité

220 5763 2575 151 Fremit en ce moment du ſeul mot de traité.
