4080 6698
1067 468 134 291 2

1335 379 2314 290 SCIPION L’AFRICAIN,

1971 723 1024 118 AURILCAR.

1060 929 2841 157 Oüy, Seigneur, Annibal ſouhaite une entreveuë,

1051 1076 2410 143 Je viens la demander, c’eſt ſon intention

1057 1214 2640 155 Que de voir aujourd'hui le fameux Scipion;

1047 1359 2841 148 Aux plaines de Zama nous ſommes l'un & l’autre,

1046 1505 2846 154 Nôtre Armée eſt campée aſſez prés de la vôtre;

1052 1649 2343 154 Mais Annibal prétend avec luy conferer,

1051 1788 2478 155 Et je viens en ce Camp pour en déliberer,

1051 1936 2652 151 Avant que de rien faire & de rien entreprendre.

2141 2094 697 100 LEPIDE.

1056 2222 2632 157 Sans doute qu'on ne peut refuſer de l'entendre;

1056 2369 2816 156 Nous verrons aujourd'hui ces deux grands Ci¬

1200 2553 453 109 toyens,

1061 2650 2710 161 Tous deux de leur païs la gloire & les ſoûtiens,

1051 2802 2638 151 Donner ce peu de tréve à cette longue guerre,

1055 2944 2633 131 Pour décider entre-eux du deſtin de la terre,

1056 3082 2454 125 Et de leur conference on attend deſormais

1050 3234 2413 149 Le jour de la bataille, ou celuy de la paix.

1977 3380 990 118 AURILCAR.

1041 3513 2826 170 Je ne m'explique point des deſſeins de mon Maître,

1051 3664 2517 157 Il paroîtra luy-même, & les fera connoître,

1052 3805 2810 158 Il marche ſur mes pas: mais que d’heureux ſuccés,

1052 3954 2626 159 Seigneur, de Scipion ont remply les projets?

1052 4096 2599 125 La victoire en tous lieux à ſon bras enchaînée

1051 4245 2208 126 Semble de l’Univers faire la deſtinée;

1041 4386 2383 163 Jeune encor, on a vû ſes grandes actions

1048 4530 2524 153 Suivre, & même paſſer celles des Scipions,

1046 4681 2280 154 Et digne rejeton de cette illuſtre race,

1046 4826 2711 155 A vingt ans on l'a vû commander en leur place;

1033 4970 2718 149 Il nous chaſſa d’Eſpagne aprés quatre combats,

1041 5106 2540 157 Où Rome triompha par l’effort de ſon bras,

1041 5258 2551 155 Le voicy dans l'Affrique étonnée, affoiblie,

1046 5407 2188 126 Il arrache Annibal du ſein de l'Italie.
