4080 6648
1158 321 177 199 6

1452 293 2267 305 SCIPION L’AFRICAIN,

1147 540 2635 210 Et quand il s'aperçoit du trouble de ſon ame,

1146 684 2385 204 Il ſemble s’indigner de ſa naiſſante flâme,

1142 824 2705 220 Il fremit de ſentir l’amour qu’il veut dompter,

1137 974 2557 206 Et que tout ſon courage a peine à ſurmonter.

1136 1116 2641 206 Voila le plan d’un cœur difficile à connoître;

1140 1254 2721 218 Mais pour aprofondir qui peut en eſtre maître,

1129 1404 2733 210 Je ſçay trop qu’Iſperie a des charmes puiſſans,

1132 1546 2692 214 Que ſa beauté d’abord peut enchanter les ſens,

1124 1688 2663 209 Mais à ſon cher Amant elle eſt trop attachée,

1123 1834 2725 212 Et par nul autre objet n’en peut eſtre arrachée,

1124 1978 1137 167 Scipion le connoît.

2029 2145 968 137 AURILCAR.

1893 2286 1758 186 Madame, & plût aux Dieux!

1113 2412 2825 218 Que ce Vainqueur ſentit le pouvoir de vos yeux?

2122 2586 837 129 ERIXENE.

1096 2696 2829 220 Je ne m'en flatte point, mais ſans eſtre trop vaine,

1099 2844 2711 204 Scipion ſans rougir pouroit porter ma chaîne,

1098 2988 2826 208 Que dis-je? ce Heros, le plus grand des mortels,

1096 3130 2203 194 A qui Rome déja conſacre des Autels,

1079 3271 2831 209 D'un cœur tel que le mien peut devenir le maître,

1084 3416 2634 204 Et s'il n’eſt mon Amant il eſt digne de l'eſtre.

1088 3562 2461 200 Peut-eſtre j'en dis trop, & j’avouë à regret

1083 3698 2713 197 Un foible, dont mon cœur me faiſoit un ſecret;

1079 3838 2817 224 Mais quoy? Si l’on faiſoit la paix avec Cartage,

1078 3990 2813 216 Plût au Ciel! que l’amour en ébauchât l’ouvrage,

1067 4131 2704 208 Et du moins je voudrois pour flater ma fierté,

1069 4273 2509 203 Que l'heureuſe Erixene eût part à ce traité.

1072 4420 2679 211 Adieu, Scipion vient, & vous allez l’entendre.
