4080 6784
973 407 181 203 16

1256 373 2365 294 SCIPION L’AFRICAIN,

1991 716 909 124 ERMILIE.

970 916 2913 181 Eh? pouvez-vous douter que ce Prince vous aime,

977 1068 2541 176 Madame, rapellez ſon deſeſpoir extrême,

979 1210 2710 182 Quand Zama pris d'aſſaut le ſépara de vous:

970 1360 2797 174 Ce malheureux Amant dans ſon juſte couroux,

971 1508 2303 162 Guidé par ſa fureur s’alloit ôter la vie,

962 1652 2713 181 Je deſarmay ſon bras au ſeul nom d’Iſperie,

970 1808 948 150 Et peut-eſtre...

1993 2049 801 119 ISPERIE.

1850 2254 1888 170 Dequoy viens-tu m’entretenir?

969 2396 2441 169 Pourquoy me rapeller ce triſte ſouvenir?

966 2536 2303 174 O nuit! qui preceda la fatale journée

965 2686 2601 175 Qui devoir éclairer un heureux hymenée!

971 2834 2606 175 Au lieu de me livrer au malheur qui me ſuit,

960 2984 2439 157 Que n’es-tu devenuë une éternelle nuit?

957 3130 2889 169 Lors qu’on vint nous donner de ſi vives allarmes,

962 3272 2899 161 Que tout retentiſſoit de l’affreux bruit des armes,

960 3418 2528 174 Que le fer à la main je vis tant de ſoldats

953 3564 2583 178 En foule en mon Palais précipiter leurs pas;

952 3716 2531 152 Il t’en doit ſouvenir, dans tes bras Ermilie

952 3862 2782 204 Je demeuray long-temps immobile & ſans vie,

951 4008 2230 169 Scipion m’aperçût, ſon zele officieux

948 4158 2605 171 Me prêta du ſecours, me fit ouvrir les yeux,

937 4302 2903 181 A ſon air, à ſon port je connus ce grand homme,

942 4454 2523 172 La terreur de Cartage & la gloire de Rome,

936 4600 2901 181 Et ſans qu’il eût beſoin qu’on prononçât ſon nom,

937 4742 2439 177 Son front majeſtueux découvrit Scipion,

936 4898 2597 174 Depuis de mille ſoins je luy ſuis redevable;

936 5048 2900 177 Cependant aujourd'huy c’eſt luy ſeul qui m’acca¬

1135 5198 299 130 ble,

932 5340 2777 184 Il fait couler mes pleurs malgré tant de vertus,

936 5492 2136 180 Et ſans luy je ſerois unie à Lucejus.
