4080 7154
781 405 1831 304 TRAGEDIE.

3077 453 203 232 29

737 1435 2078 330 ACTE III.

264 1899 2931 283 SCENE PREMIERE

686 2335 2234 213 ERIXENE, BARCE'.

1401 2691 769 142 BARCE'.

1034 2824 2275 207 ANDis que Scipîon fait ranger fon ar-

1172 3023 359 137 mée,

1026 3133 2286 197 Que pour en ſoûtenir l'éclat, la re¬

397 2814 618 739 T

1200 3335 523 113 nommée

1050 3453 2257 184 lien veut étaler la pompe à ſon rival,

279 3610 2895 193 (Spectacle digne enfin des regards d’Annibal)

270 3765 2852 194 En attendant qu’icy nous le voyons paroître,

274 3923 2827 192 De grace, aprenez-moy ſi ce ſuperbe maître,

275 4073 2782 194 Ce fameux Scipion qui marchoit ſur vos pas

281 4236 2523 185 A rendu les reſpects qu’il doit à vos apas;

286 4384 2723 176 Ouy, ſon front deſarmé de la fierté Romaine

291 4540 2728 190 Sembloit le préparer à porter votre chaîne;

297 4698 2731 188 Loin de vous par reſpect je n'ay pas entendu

300 4850 2468 186 Aſſez diſtinctement cet homage rendu:

296 5001 3037 193 Mais helas! je vous vois les yeux pleins de triſteſſe,

295 5155 3037 193 A cacher vos chagrins vous mettez vôtre adreſſe,

296 5315 3040 185 Vous ne répondez rien, vous devorez vos pleurs,

300 5474 1533 158 Madame, & ce ſilence...

1327 5648 953 125 ERIXENE.

1699 5781 1607 181 Aprens tous mes malheur,

2576 5953 300 157 C iij
