4080 6969
828 498 1689 188 TRAGEDIE.

3021 539 160 153 17

1201 728 1013 116 ERMILIE.

215 857 2841 181 Madame pouvez-vous murmurer de ſa chaîne?

216 1015 2844 165 Ce Heros vous regarde & traite en ſouveraine,

222 1167 2753 159 Vôtre nom dans Zama ſeroit moins reſpecté,

225 1320 2621 160 Vous eſtes dans ton Camp en pleine liberté,

222 1467 2899 181 Sans gardes, ſans témoins, il met toute ſa gloire

231 1622 2464 140 A vous faire oublier cette triſte victoire,

241 1769 2739 171 Et ſi je m'en raporte à des regards plus doux,

236 1918 2981 174 Le ſeul reſpect n’eſt pas tout ce qu'il ſent pour

427 2131 306 78 vous.

1293 2235 855 114 ISPERIE.

242 2370 2613 172 Helas! trop attentive à mon deſtin funeſte,

235 2526 2494 170 Je ſonge à mon Amant & néglige le reſte,

245 2670 2971 170 Tous les autres objets me touchent foiblement,

250 2824 2967 168 Qu'un cœur eſt malheureux d'aimer ſi tendre¬

447 3015 382 88 ment?

255 3127 2771 175 Mais ce Prince m'oublie & j’en ſuis outragée,

260 3279 2767 175 Il n'y faut plus penſer pour en eſtre vangée,

261 3437 2348 165 Dans un lâche repos s’il eſt enſevely,

271 3583 2653 171 Il merite ma haine, ou plûtôt mon oubly;

266 3736 2971 172 Me laiſſer à long-temps languir dans l'eſclavage?

271 3881 2669 177 Eſt-ce faute d’amour, ou faute de courage?

278 4039 2782 167 Tous deux également me donnent de l’effroy,

280 4185 2737 175 S’il manque de courage eſt-il digne de moy?

277 4337 2709 175 Ce penſer contre luy me revolte, m'indigne,

282 4493 2858 165 Et s’il manque d'amour en ſera-il plus digne?

280 4640 2957 180 Mais que vois-je? eſt-ce luy? grands Dieux!...
