4080 6707
1175 374 196 268 24

1544 352 2312 285 SCIPION L'AFRICAIN,

2128 712 892 107 ISPERIE.

1168 912 2708 153 Seroit-il des malheurs comparables aux ſiens?

1168 1060 2704 159 Tout prêts à nous unir par les plus beaux liens,

1159 1204 2577 160 Ce jeune Prince helas! attendoit la journée

1159 1350 2664 154 Qui devoit couronner un pompeux hymenée,

1154 1494 2739 155 Pardonnez-moy, Seigneur, ce triſte ſouvenir,

1150 1640 2504 152 De ma memoire encor je ne puis le bannir,

1149 1784 2767 155 C’eſt vous qui luy cauſez les malheurs de ſa vie,

1139 1926 2098 155 Errant, infortune, ſeparé d'Iſperie,

1144 2078 2393 152 Il nourit loin de moy d’inutiles regrets,

1140 2218 2490 154 Peut-eſtre ſes tourmens ne finiront jamais;

1140 2368 2810 153 Si vous aimiez, Seigneur, vous ſçauriez par vous-

1281 2523 345 105 même

1129 2656 2820 163 Dans quel afreux tourment eſt un cœur quand il

1284 2819 371 121 aime,

1130 2944 2354 163 Et qu’il eſt ſeparé de l’objet de ſes vœux?

1129 3098 2821 155 Helas! qu’il eſt à plaindre? & qu’il eſt malheureux?

1133 3242 1378 152 Que ſon triſte deſtin...

2089 3399 838 109 SCIPION.

2302 3540 1380 154 Qu'il eſt digne d’envie!

1126 3680 2548 152 Peut-on rien ajouter au bonheur de ſa vie?

1121 3826 2471 158 Lucejus eſt choiſi pour eſtre vôtre epoux,

1115 3976 2606 146 Il vous aime, & de plus il eſt aimé de vous.

1114 4112 2817 167 Mais ç’en eſt trop, il faut combattre dans vôtre

1304 4305 316 89 ame,

1109 4412 2387 155 Et bannir pour jamais cette inutile flâme.

2089 4569 854 107 ISPERIE.

1110 4708 967 151 Moy! Seigneur?

2036 4865 872 107 SCIPION.

1446 5007 2464 150 Ouy, pour vous Rome a d’autres deſſeins,

1105 5144 2517 158 Et puiſqu'il eſt enfin ennemy des Romains

1105 5294 2806 175 Cet Amant, qu’il combat contre la Republique,

1092 5436 2689 170 Tout s'opoſe à ſes vœux, raiſon, & politique,

3426 5613 480 108 Pouroit-
