4267 6763
1064 228 1303 379 44
1404 174 2419 368 Lettres
2524 267 2795 387 dv
2940 283 3607 419 sievr

1052 418 1552 623 lèure
1682 431 2196 702 qu’ils
2316 524 2987 669 auronr
3127 557 3777 693 recon-

1046 772 1559 972 gneu
1620 788 1843 911 en
1900 796 2395 926 cette
2444 755 3290 966 occafion
3341 782 3772 1043 qu’il

1040 1004 1351 1253 n’y
1411 1071 1507 1194 a
1585 1016 2119 1271 point
2179 1021 3206 1251 d’accident
3255 1061 3340 1251 à
3387 1097 3740 1262 lut.

1027 1344 1787 1487 monter
1939 1363 2602 1506 contre
2744 1342 3076 1593 qui
3262 1413 3745 1551 vous

1027 1627 1474 1834 ayez
1567 1563 3030 1815 befoindetoute
3114 1633 3733 1831 voftre

1014 1912 1611 2057 vertu.
1770 1870 2102 2065 Les
2222 1868 3181 2095 affligions
3306 1911 3733 2123 font

1006 2124 1338 2329 des
1398 2135 1865 2342 dons
1994 2157 2237 2355 de
2318 2174 2805 2372 Dieu
2877 2342 2918 2404 .
3053 2260 3725 2400 encore

996 2475 1377 2671 que
1418 2495 1621 2626 ce
1662 2495 1889 2629 ne
1954 2423 2541 2653 foient
2583 2522 2893 2729 pas
2925 2468 3156 2667 de
3241 2540 3708 2691 ceux

987 2759 1369 2963 que
1409 2710 2233 2992 nousluy
2285 2741 3688 2971 demandonsen

969 3047 1329 3179 nos
1407 3006 2132 3263 prières;
2225 3032 2437 3218 6c
2494 3043 3134 3299 quand
3208 3117 3680 3256 vous

977 3327 1216 3454 ne
1377 3303 2616 3515 mauoüeriez
2742 3391 3055 3590 pas
3208 3403 3687 3539 cette

959 3558 2151 3817 proportion
2295 3738 2349 3823 ,
2527 3669 3007 3804 vous
3211 3691 3663 3826 auez

952 3834 1883 4049 toujours
1960 3860 2279 4069 fait
2364 3868 2489 4068 fi
2585 3959 2939 4154 peu
3031 3888 3663 4114 d’eftac

948 4103 1179 4306 de
1256 4120 1415 4316 la
1492 4203 2072 4400 mort,
2149 4226 2526 4425 que
2599 4183 2774 4364 ie
2843 4179 3653 4456 nefçau-

927 4413 1303 4601 rois
1395 4437 1963 4624 croire
2065 4508 2426 4703 que
2559 4526 3030 4657 vous
3184 4468 3640 4740 plai¬

921 4703 1483 4950 gniez
1525 4776 2298 4971 per.vonc
2336 4804 2818 4995 pour
2866 4750 3302 4944 eftre
3386 4827 3625 4961 en

919 5034 1030 5166 v
1067 5039 1290 5173 ne
1323 4997 2290 5203 condition
2356 5088 2713 5284 que
2754 5092 3233 5232 vous
3290 5052 3627 5240 n’e-

906 5250 1538 5469 ftknez
1659 5352 1985 5564 pas
2157 5300 2535 5504 mal
2591 5415 2672 5462 -
2757 5308 3613 5529 heureufc
