4267 6884
1013 318 2358 551 38LETTRES
2485 373 2766 494 DV
2901 367 3554 507 SIEVR

986 649 1490 879 pour
1574 573 1814 777 les
1882 633 2846 847 emporter
2938 568 3158 768 de
3258 575 3783 850 forçe

991 878 1127 1083 iî
1211 882 1375 1078 la
1491 854 2339 1065 nécessité
2451 858 2607 1066 le
2727 857 3271 1064 defire
3351 943 3399 1063 :
3551 886 3791 1070 Et

988 1220 1876 1451 partant,
1980 1145 3452 1433 Monfeigneur,
3560 1158 3780 1362 de

1001 1453 1833 1735 quelque
1925 1450 2721 1711 opinion
2849 1516 3221 1717 que
3301 1514 3785 1643 vous

990 1746 1642 2022 foyez,
1754 1799 2234 1932 vous
2322 1793 3162 1998 porterez
3246 1806 3786 1930 auec-

1007 2105 1391 2307 que
1467 2092 1947 2221 vous
2027 2083 2231 2219 ce
2371 2029 2699 2286 qui
2783 2020 3443 2300 gaigne
3546 2022 3783 2226 les

1000 2330 1976 2544 victoires,
2075 2327 2268 2503 &
2372 2382 2580 2510 ce
2668 2324 2996 2581 qui
3079 2319 3404 2508 tait
3484 2382 3796 2506 ve¬

1009 2614 1281 2814 nir
1384 2613 1541 2809 la
1637 2596 2025 2849 plus
2133 2589 2829 2867 grande
2905 2599 3441 2877 partie
3528 2606 3781 2802 du

997 2888 1978 3113 coftédela
2045 2886 3034 3095 meilleure:
3089 2882 3794 3124 Quand

1006 3181 1711 3391 mefme
1858 3184 2107 3379 les
2218 3186 2843 3381 choies
2958 3188 3111 3380 le
3254 3170 3799 3447 passe-

1007 3490 1620 3679 roient
1703 3460 2580 3676 fanseltre
2663 3463 3792 3702 contestées»

1008 3846 1113 3967 a
1192 3837 1625 3970 tout
1700 3760 1857 3964 le
1908 3758 2517 3960 moins
2576 3832 3053 3958 vous
3148 3762 3801 4027 appré-

1001 4054 1430 4254 drez
1517 4064 1842 4333 qui
1941 4118 2410 4251 vous
2493 4057 2922 4257 eftes
3009 4120 3226 4244 en
3309 4110 3802 4243 cette

998 4358 1623 4550 aétion
1702 4504 1763 4592 ,
1842 4331 2095 4540 où
2186 4334 2642 4538 Dieu
2742 4408 3215 4532 vous
3326 4326 3790 4527 laisse

1003 4649 1475 4838 tenir
1523 4641 1683 4837 fa
1735 4628 2235 4896 place
2243 4642 2515 4863 ,&C
2607 4625 2759 4825 se
2815 4623 3435 4884 repose
3515 4618 3795 4818 fur

1004 4994 1472 5122 vous
1584 4924 1828 5117 du
1928 4923 2328 5188 plus
2452 4918 3440 5173 important
3560 4910 3796 5098 de

997 5202 1241 5414 fês
1317 5276 2221 5480 ouurages
2305 5286 2353 5402 :
2445 5226 2581 5406 A
2637 5201 3029 5401 n’en
3117 5202 3789 5391 mentir

990 5492 1838 5779 point,(à
1886 5494 3046 5776 prouidence
3098 5487 3518 5692 n’eft
3562 5490 3790 5678 ia-
