4267 6862
1061 256 1237 370 IL
1353 207 2388 414 Lettres
2492 299 2788 430 dv
2928 319 3599 469 sievr

1054 456 1935 733 cefleurs,
2033 489 2255 693 &c
2325 496 2822 712 dont
2917 511 3169 721 les
3248 534 3763 743 incli¬

1047 744 1783 956 nations
1854 771 2283 979 font
2323 812 3298 1061 peut-ellre
3333 883 3754 1103 trop

1029 1038 1828 1300 grandes
1904 1129 2396 1333 pour
2483 1080 2987 1302 viure
3055 1093 3467 1309 fous
3570 1121 3743 1327 la

1014 1321 1925 1583 puissance
1960 1343 2389 1567 d’vn
2424 1434 3017 1627 autre,
3056 1389 3220 1591 ie
3243 1468 3731 1619 vous

1018 1605 2118 1841 côfeillerois
2157 1643 2389 1851 de
2437 1730 2913 1872 vous
2960 1676 3725 1907 relioiiir

1003 1887 1255 2092 de
1290 1966 1787 2121 cette
1826 1946 3234 2190 nouuelle^maîs
3281 1986 3722 2195 eftat

988 2246 1541 2435 venu,
1603 2282 2163 2431 corne
2210 2301 2687 2444 vous
2742 2260 3507 2505 elles,de
3538 2272 3710 2487 la

974 2464 1900 2743 pîusbelle
1936 2503 2564 2731 fource
2607 2529 2856 2742 du
2895 2563 3680 2810 monde,

973 2770 2073 3042 ÔCnayd’vn
2154 2829 3312 3072 peredontla
3375 2864 3688 3063 vie

971 3047 1238 3248 eft
1286 3114 1846 3280 toute
1874 3086 2482 3365 pleine
2521 3106 2754 3319 de
2797 3128 3670 3402 miracles,

963 3323 1859 3568 c'ellafFez
1904 3450 2271 3651 que
2310 3474 2790 3609 vous
2875 3420 3667 3680 pardon¬

948 3632 1381 3834 niez
1428 3636 1528 3844 à
1568 3646 1732 3856 la
1784 3658 2628 3930 fortune,
2683 3697 3159 3910 dece
3216 3720 3666 3990 qu’il

933 3982 1046 4106 a
1145 3914 1578 4138 fallu
1662 4018 2041 4222 que
2152 3960 2324 4171 la
2444 3986 3303 4204 nécessité
3383 4008 3648 4213 du

926 4262 1554 4494 temps
1625 4304 1954 4496 ayt
2021 4257 2737 4475 obtenu
2805 4278 3317 4493 d'elle
3424 4365 3645 4506 ce

920 4502 1583 4759 qu'elle
1623 4524 2275 4745 deuoit
2326 4555 2433 4747 à
2478 4569 3631 4793 voflrenom.

904 4771 1548 5077 Iefçay
1603 4812 2027 5024 bien
2068 4860 2647 5106 qu'on
2703 4934 3171 5068 vous
3242 4867 3622 5085 dira

901 5083 2140 5392 auiourd’huy
2221 5200 2592 5400 que
2627 5215 3104 5357 vous
3183 5169 3616 5373 elles

894 5341 1218 5561 fait
1325 5378 1981 5615 Prince
2113 5412 2248 5613 d
2288 5491 2545 5635 vn
2620 5442 3117 5650 Ellat
3253 5466 3599 5729 qui
