4267 6805
1057 397 1346 520 de
1557 350 2526 571 Balzac.
3025 415 3222 577 37

463 593 2756 878 cettegrand’e!eâ:ion,&:
2850 685 3228 886 que

452 884 625 1081 le
744 883 1717 1091 Conclâue
1840 964 2325 1097 vous
2460 914 3217 1105 attende

458 1165 827 1369 afin
878 1172 1103 1366 de
1150 1166 1851 1372 donner
1929 1178 2331 1454 plus
2386 1177 2623 1378 de
2698 1248 3218 1455 répu¬

463 1466 1068 1658 tation
1255 1471 1373 1656 6
1371 1504 1468 1661 C
1631 1466 2601 1671 d’autorité
2755 1476 2849 1673 à
3003 1548 3228 1680 ce

464 1754 794 2009 qui
841 1736 1074 1993 s’y
1161 1744 2097 1999 résoudra;
2181 1771 2350 1953 ie
2433 1834 2666 1960 ne
2745 1756 3221 1968 dou¬

466 2088 651 2229 te
689 2044 1223 2295 point
1269 2107 1643 2300 que
1678 2107 2147 2242 vous
2202 2116 2439 2238 ne
2490 2046 3227 2252 confer-

471 2333 873 2519 uiez
923 2312 1461 2516 furies
1547 2327 2160 2596 efprîts
2207 2321 2872 2538 d’Italie
2943 2338 3228 2536 l'a-

461 2667 1262 2874 uantage
1356 2678 1718 2877 que
1793 2684 2266 2811 vous
2413 2693 2874 2818 auez
2961 2622 3238 2825 fur

458 2884 699 3081 les
786 2897 1599 3147 noftres,
1682 2915 1884 3097 de
2014 2974 2383 3171 que
2450 2906 2915 3104 leurs
3010 2907 3227 3104 fi-

460 3171 1013 3372 neffes
1060 3251 1289 3371 ne
1336 3172 1917 3380 soient
1988 3259 2201 3379 au
2232 3181 2429 3386 fil
2524 3193 3233 3469 o^fiués

461 3528 686 3657 en
825 3466 1439 3661 vofiré
1548 3477 2465 3735 prefence,
2520 3552 2894 3748 que
2989 3483 3234 3685 les

467 3741 1351 3952 charme^
1387 3752 1688 3950 des
1747 3775 2744 4031 magiciens
2814 3765 3240 3971 font

460 4020 1121 4233 foibles
1200 4104 1873 4241 aeuant
1944 4041 2185 4243 les
2252 4052 2889 4250 chofes
2972 4055 3248 4252 di¬

461 4321 1030 4517 vines.
1093 4338 1611 4523 Vous
1645 4401 2098 4529 avez
2173 4339 2414 4530 de
2461 4338 2846 4541 leur
2929 4418 3246 4615 pa¬

471 4597 1064 4801 tience
1147 4682 1356 4811 ce
1438 4616 1825 4878 quil
1931 4689 2156 4815 en
2247 4616 2636 4824 faut
2766 4704 3244 4894 pour

456 4880 949 5088 lafler
1012 4893 1253 5095 les
1308 4897 2001 5105 affaires
2096 4907 2722 5176 quand
2768 4917 2894 5110 il
2996 4928 3246 5121 eft

470 5166 1103 5382 befoin
1189 5343 1234 5423 ,
1314 5199 1767 5386 mais
1854 5263 2331 5393 vous
2398 5272 2851 5400 auez
2977 5283 3239 5416 vn

463 5528 1260 5750 courage
1442 5476 1980 5754 qu’ils
2183 5473 2708 5688 n’ont
2926 5568 3252 5775 pas

2372 5785 2542 5971 C
2688 5777 2858 6046 iij
