4267 6834
1167 375 1280 523 4
1400 312 2476 485 Lettres
2624 358 2916 483 dv
3064 361 3728 503 sievr

1166 628 1531 835 que
1586 625 2063 757 vous
2146 552 3503 834 recognoifiiez
3618 579 3859 784 les

1157 913 2141 1123 auantages
2220 916 2593 1117 que
2677 854 3173 1049 Dieu
3225 925 3697 1059 vous
3769 944 3873 1068 a

1163 1125 1880 1332 donnés
2007 1192 2308 1395 par
2435 1126 3016 1332 dessus
3135 1132 3300 1341 le
3435 1151 3880 1352 refte

1162 1415 1487 1619 des
1610 1421 2499 1620 hommes
2586 1526 2634 1654 ;
2790 1439 3107 1624 Au
3254 1443 3878 1640 moins

1168 1705 2277 1910 vousdeuez
2348 1770 2833 1913 vous
2909 1715 3869 1964 fouuenir,

1175 1993 2068 2263 qu’eftant
2139 1991 2384 2193 las
2491 1989 2800 2195 des
2879 2000 3512 2210 chofes
3607 2015 3872 2220 du

1174 2289 2006 2523 monde,
2106 2299 2315 2480 &
2434 2285 3262 2568 efloigne
3374 2294 3598 2503 de
3710 2299 3874 2504 la

1184 2579 1784 2814 Cour,
1836 2578 1997 2774 la
2048 2562 2913 2773 neceffité
2956 2581 3877 2859 publique

1179 2931 1407 3060 ne
1491 2926 1967 3066 vous
2079 2856 2391 3061 eût
2470 2934 2787 3142 pas
2907 2860 3252 3065 efté
3355 2874 3871 3076 cher¬

1181 3151 1622 3351 cher
1685 3149 2122 3354 dans
2153 3148 2318 3348 le
2373 3213 2914 3426 repos
2961 3152 3190 3361 de
3273 3167 3886 3372 voftrc

1184 3436 1889 3640 maison
2008 3505 2501 3715 pour
2604 3510 3089 3646 vous
3220 3515 3881 3656 mettre

1198 3792 1719 3924 entre
1755 3726 1991 3930 les
2042 3725 2619 3932 mains
2666 3722 2927 3926 les
2990 3774 3551 3942 armés
3622 3739 3875 3940 du

1201 4023 1654 4273 Roy
1741 4014 1866 4206 fi
1941 4019 3885 4292 vousn’eftiezceluy-

1192 4291 1372 4491 la
1416 4304 1888 4505 dont
1932 4368 2368 4512 tout
2416 4297 2588 4502 le
2624 4300 3336 4507 monde
3372 4308 3885 4515 atted

1194 4579 1363 4788 le
1426 4588 2919 4798 reftablitfement
2982 4592 3211 4797 de
3282 4577 3543 4799 Tes
3622 4595 3890 4799 af¬

1193 4867 1805 5086 faires.
1905 4898 2085 5083 le
2149 4956 2377 5085 ne
2457 4957 2757 5087 me
2833 4871 3065 5084 fie
3096 4956 3417 5161 pas
3489 4942 3889 5088 tant

1199 5235 1432 5364 en
1503 5236 1968 5367 mon
2015 5172 3100 5451 opiniô,que
3139 5181 3312 5373 ie
3363 5172 3892 5379 veuil¬

1198 5451 1370 5656 le
1506 5437 2490 5734 refpondre
2638 5458 2878 5667 de
2998 5460 3719 5665 lauenir
3822 5540 3886 5664 ;
