4267 6805
1212 122 1429 300 48
1602 111 2630 324 Lettres
2760 218 3050 352 dt
3180 247 3841 401 sievr

1187 338 1793 564 falluft
1828 359 2261 588 faire
2303 387 2609 602 des
2639 428 3320 682 prières
3393 523 3961 737 gene*

1193 629 1635 841 raies
1677 724 2163 929 pour
2200 753 2566 884 vne
2612 707 3133 917 lancé
3172 727 3301 922 li
3343 760 3949 962 necef-

1179 907 1621 1129 faire
1735 959 1839 1136 8
1830 992 1938 1145 c
2030 950 2156 1148 Ci
2270 1001 3207 1240 precieufe
3280 1090 3662 1296 que
3768 1039 3941 1251 la

1176 1209 1858 1457 voftre,
1960 1243 2589 1526 ô^que
2663 1293 3288 1502 voftre
3325 1327 3620 1515 vie
3693 1399 3939 1531 ne

1174 1506 3425 1829 vousdoiueeftrechere,
3487 1601 3925 1815 dans

1168 1767 1949 2050 laquelle
1998 1885 2959 2054 vousauez
3013 1865 3111 2061 à
3193 1903 3919 2099 confer-

1161 2127 1498 2264 uer
1537 2070 1694 2274 la
1736 2088 2322 2366 gloire
2359 2116 2589 2323 de
2635 2149 3240 2353 voftre
3278 2181 3804 2385 liecle
3849 2248 3908 2391 ?

1150 2355 1644 2556 Pour
1758 2446 2342 2660 moy,
2461 2426 3900 2730 Monleigneur,

1160 2650 1497 2902 qui
1568 2659 1897 2849 luis
1971 2739 2740 2959 attaque
2786 2719 3007 2926 de
3093 2798 3519 2940 tous
3593 2832 3899 2960 co¬

1133 2919 1519 3122 llez
1575 2948 1623 3170 ,
1669 2950 1892 3145 &C
1964 2949 2062 3150 à
2148 2993 2485 3241 qui
2548 2987 2669 3184 il
2755 3073 2985 3209 ne
3039 3020 3468 3229 relie
3530 3113 3904 3307 que

1123 3195 2574 3534 fefperancequi
2641 3294 3506 3516 eftlefeul
3575 3330 3893 3531 bié

1128 3479 1354 3694 de
1400 3573 1881 3717 ceux
1919 3554 2264 3802 qui
2306 3623 2836 3774 nont
2882 3661 3195 3854 pas
3233 3599 3487 3803 les
3565 3687 3885 3819 au¬

1121 3839 1543 4025 tres,
1629 3823 2038 4079 puis
2085 3897 2466 4095 que
2539 3866 2869 4060 niô
2919 3887 3276 4081 mal
3315 4039 3377 4078 -
3434 3901 3885 4108 heur

1106 4131 1565 4278 veut
1638 4162 2004 4364 que
2078 4113 2235 4316 ie
2337 4122 2679 4339 fois
2748 4223 3238 4371 cette
3336 4192 3878 4391 victi¬

1100 4419 1414 4567 me
1484 4381 2380 4671 publique
2506 4436 2832 4697 qui
2906 4451 3315 4655 doit
3425 4475 3871 4684 eftre

1085 4641 1859 4943 chargée
1929 4674 2234 4889 des
2340 4726 2933 4976 peines
3063 4740 3309 4943 du
3427 4834 3865 5031 peu¬

1087 4922 1493 5197 ple,
1586 4965 1793 5155 ôc
1914 5041 2475 5235 payer
2573 5079 3042 5276 pour
3124 5095 3562 5244 tout
3675 5059 3853 5260 le

1076 5227 2592 5496 monde,ieferois
2646 5359 3847 5556 tres-concenc

3446 5696 3832 5903 que
