4267 6812
971 213 1248 352 VL
1447 174 1576 338 B
1627 208 1744 338 A
1787 191 1896 332 t
1947 201 2044 322 Z
2091 204 2208 329 A
2259 194 2424 331 C.
2927 187 3092 352 ZI

362 510 551 646 te
630 440 1183 716 point
1266 495 1515 697 qu
1574 479 2059 677 apres
2178 400 2687 608 avoir
2770 476 3087 598 en¬

385 793 850 926 core
1121 691 1858 989 regardé
2108 703 3095 960 beaucoup

387 1008 1153 1210 d’autres
1216 989 1909 1227 chofes,
1956 1007 2573 1185 vo’ne
2624 1045 3097 1175 vous

390 1286 980 1494 lafliez
1066 1286 1164 1483 à
1266 1281 1428 1481 la
1526 1277 1784 1477 fin
1914 1273 2168 1471 du
2278 1334 2796 1525 repos

397 1585 631 1785 de
725 1578 891 1779 la
941 1549 2059 1840 tranquillité
2105 1556 2319 1755 de
2397 1540 3095 1787 Rome,

404 1881 1022 2143 ô£que
1093 1840 3114 2112 yousnedifieZjquece

411 2173 837 2354 font
915 2156 1397 2347 deux
1479 2143 2124 2335 choies
2195 2131 2656 2400 qu'il
2722 2121 3116 2325 faut

410 2438 980 2637 laitier
1058 2506 1156 2627 a
1230 2429 1383 2625 la
1486 2429 2011 2623 nuiét
2086 2427 2303 2617 &
2366 2482 2731 2613 aux
2790 2483 3119 2673 cy-

417 2701 2358 2926 mecieres.TOUtesfois
2417 2772 2622 2902 ce
2689 2707 3110 2897 neft

416 3089 717 3282 pas
764 3011 1085 3204 mô
1147 3005 1265 3199 d
1288 3007 1621 3197 elle
1631 2997 1813 3193 in
1863 2994 2101 3187 de
2184 3048 2657 3188 vous
2711 2978 3121 3181 défi

423 3357 1116 3578 goûter
1166 3285 1600 3488 d’vn
1671 3346 2416 3552 voyage
2491 3341 2856 3545 que
2942 3272 3112 3472 le

429 3600 888 3838 Roy
946 3649 1419 3785 vous
1494 3650 1587 3771 a
1662 3554 2811 3773 commandé
2893 3564 3127 3767 de

428 3865 959 4113 faire,
1276 3854 1974 4130 duquel
2024 3850 3114 4119 i'efpererois

448 4163 905 4361 eftre
959 4152 1137 4352 le
1212 4143 1785 4430 guide
1899 4134 2025 4335 fi
2112 4193 2561 4333 mon
2660 4139 3125 4340 mef-

439 4444 1012 4645 cbant
1063 4506 1612 4704 corps
1662 4431 2344 4627 fuiuoit
2390 4414 2552 4613 le
2603 4492 3131 4624 mou-

446 4708 2587 4934 uementdemavolôté:
2657 4715 3127 4913 Mais

445 5014 1822 5232 veritablemét,
1888 5013 2082 5191 M
2116 5000 2230 5189 6
2260 4994 3130 5265 seigneur,

451 5313 625 5501 ie
679 5305 1005 5499 fuis
1083 5288 1909 5496 interefle
1987 5349 2221 5478 en
2311 5344 2789 5479 cette
2871 5279 3120 5485 af*
