4267 6798
819 250 843 420 .
1122 252 1211 421 (y
1399 230 2328 397 Lettre
2474 283 2748 412 pv
2767 278 2788 326 1
2895 293 3539 419 sievr

1108 465 1745 673 n’auez
1868 550 2185 739 pas
2308 496 2881 679 craint
2972 567 3333 760 que
3412 495 3793 712 leur

1109 743 2260 1037 palïiôdeuft
2349 771 2735 1023 plus
2790 778 3087 968 dm
3138 849 3315 978 er
3409 856 3779 1048 que

1096 1050 1717 1240 voftre
1756 1053 2828 1286 innocencei
2867 1128 3364 1261 cette
3411 1136 3792 1340 gra,

1097 1328 1338 1557 4e
1381 1333 2322 1558 authoritç
2372 1410 2726 1607 que
2769 1418 3774 1562 vousamez

1090 1621 1824 1887 qcquilè
1958 1689 2280 1888 par
2363 1633 2976 1827 voftre
3079 1636 3775 1866 faucur,

1088 1900 2145 2113 vousl'auez
2200 1897 3785 2176 depuistouliouis

1086 2186 2159 2407 maintenue
2249 2265 2571 2462 par
2662 2203 3251 2403 voftre
3330 2278 3778 2421 cou¬

1075 2544 1572 2750 rage,
1619 2488 2121 2690 Dans
2172 2481 2405 2678 les
2456 2486 3456 2696 mal-heurs
3511 2496 3764 2694 du

1065 2820 1686 3028 temps
1753 2785 1955 2963 &
2033 2764 3226 3037 rvfurpation
3293 2786 3526 2976 de
3609 2785 3770 2986 la

1062 3042 1988 3321 puiflance
2059 3052 2892 3330 légitimé
3019 3137 3492 3268 vous
3583 3149 3755 3269 a-

1064 3396 1409 3542 iiez
1492 3326 2865 3567 conferuétout
2928 3350 3473 3552 (èulla
3552 3356 3670 3549 li
3688 3502 3765 3570 r

1062 3611 1572 3845 herté
1650 3620 1871 3822 de
1926 3623 2083 3824 là
2162 3642 3340 3853 France,Qui
3426 3657 3763 3838 elfe*

1060 3973 1273 4100 ce
1319 3904 1629 4179 qui
1707 3984 2165 4178 peut
2212 3917 2585 4112 dire
2619 3930 2992 4124 cela
3043 3928 3264 4133 de
3328 3931 3749 4177 foyf

1057 4181 1403 4402 Où
1453 4195 1854 4394 font
1909 4275 2358 4408 ceux
2409 4217 2727 4472 qui
2785 4210 3394 4413 fèfont
3477 4284 3742 4413 te¬

1051 4548 1408 4674 nus
1455 4475 2124 4683 fermes
2191 4561 2704 4688 entre
2743 4494 2896 4691 la
2979 4499 3736 4706 rebelliô

1052 4761 1433 4977 Lcla
1484 4763 2470 4975 feruitude?
2532 4800 2797 4973 En
2860 4782 3270 5052 quel
3340 4791 3737 5057 téps

1046 5061 1451 5252 afo
1562 5125 1907 5251 veu
1966 5065 3727 5270 vnevieilldTdîne-

1047 5334 1765 5556 çdTaire
1848 5418 2073 5552 au
2119 5352 2944 5599 monde,
3027 5376 3237 5562 LL
3328 5417 3733 5568 tant
