4267 6841
1092 333 1172 434 i
1336 267 2392 441 Lettres
2564 329 2848 451 dv
2992 337 3620 467 sievr

1074 509 1891 788 Ton,puis
1942 594 2311 791 que
2346 593 2551 717 ce
2590 529 3011 739 font
3070 540 3367 737 des
3422 539 3798 743 féli¬

1089 799 1533 1006 cités
1600 810 2629 1084 publiques.
2697 834 3245 1028 Nous
3317 905 3777 1034 auos

1083 1097 1496 1366 fçeu
1631 1069 2596 1301 [heureux
2743 1100 3340 1309 fuccés
3527 1122 3784 1320 du

1078 1448 1838 1661 voyage
1933 1455 2298 1655 que
2370 1460 2846 1590 vous
2918 1465 3374 1593 auez
3462 1398 3790 1604 fait

1088 1742 1313 1863 en
1376 1676 2537 1906 Bearn,&les
2584 1692 3233 1954 grands
3268 1761 3796 1891 com-

1087 2027 2283 2162 mencemens
2366 2040 3259 2241 quevous
3339 2050 3783 2183 auez

1093 2246 2006 2446 donneza
2069 2315 2754 2454 toutce
2801 2261 3790 2527 queleRoy

1092 2536 1828 2733 voudra
1924 2543 3232 2805 entreprendre
3348 2629 3400 2742 *.
3551 2570 3788 2759 Et

1090 2883 1651 3020 certes
1730 2825 1891 3018 le
1938 2827 2515 3025 choix
2574 2831 2991 3106 qu'il
3034 2912 3135 3036 a
3210 2837 3527 3037 fait
3562 2838 3791 3032 de

1097 3175 1561 3310 vous
1644 3181 2113 3381 pour
2221 3111 2389 3312 le
2469 3129 3017 3324 feruir
3101 3192 3321 3321 en
3429 3198 3793 3323 vne

1095 3392 1948 3598 occafion
1991 3398 2220 3595 de
2267 3409 2692 3606 telle
2767 3426 3799 3672 importan¬

1106 3758 1318 3878 ce
1366 3763 1458 3879 a
1518 3681 1863 3886 efté
1906 3686 2015 3882 fi
2061 3702 3418 3971 généralement
3470 3771 3790 3971 ap-

1088 3973 1944 4234 prouué,
2076 4052 2437 4251 que
2544 3981 2669 4182 fi
2760 4063 3009 4191 on
3132 4056 3792 4187 remar-

1110 4272 1655 4518 quoit
1715 4273 3783 4546 àuparauantquelques

1105 4539 1854 4753 deffaux
1961 4626 2174 4751 en
2261 4560 2422 4757 la
2533 4563 3450 4761 conduite
3557 4570 3794 4764 de

1108 4906 1452 5027 nos
1536 4828 2240 5038 affaires
2315 5008 2364 5080 ,
2440 4849 2569 5041 il
2656 4850 3040 5051 faut
3108 4862 3792 5051 auoüer

1102 5195 1475 5390 que
1546 5194 2031 5325 cette
2130 5127 2931 5338 derniere
3010 5144 3635 5333 aâion
3694 5211 3791 5328 a

1105 5409 1774 5609 iuftifié
1853 5478 2465 5617 toutes
2521 5421 2769 5618 les
2825 5492 3501 5646 autres,
3581 5431 3794 5620 &
