4267 6862
1475 497 1587 635 £
1935 497 2061 619 T
2159 487 2277 619 n
2367 497 2541 623 ^4
2635 515 2709 627 I
2815 519 2925 631 C
2993 509 3113 623 T
3329 515 3459 631 D
3555 515 3683 631 V

1949 693 2589 899 Pnmlege
2663 693 2831 837 du
2905 725 3227 887 Roy.

1221 1077 1457 1381 P
1497 1051 1677 1177 Ar
1769 1095 2137 1225 grâce
2217 1055 2343 1177 &
2417 1019 3031 1231 Priuiiegc
3093 1055 3249 1181 du
3297 1059 3581 1225 Roy
3651 1055 3737 1185 il
3815 1059 3977 1189 efë

1493 1233 1945 1409 permis
2003 1233 2065 1369 à
2141 1247 3017 1369 Tovssainct
3133 1251 3353 1369 dv
3463 1251 3973 1391 Bray^

1207 1421 1913 1551 Marchand
1957 1407 2507 1543 Libraire
2543 1421 2811 1543 iurc
2873 1417 2937 1539 à
3017 1417 3401 1569 Paris,
3445 1421 3983 1601 d'impri¬

1207 1649 1475 1739 mer
1511 1649 1673 1731 ou
1725 1595 2021 1727 faire
2051 1599 2767 1775 imprimer,
2859 1605 3313 1727 vendre
3391 1613 3519 1727 Ôc
3593 1577 3983 1735 distri¬

1207 1787 1511 1919 buer
1551 1833 1713 1913 vn
1765 1783 2129 1905 Liure
2163 1779 2753 1927 intitulé,
2837 1809 3231 1905 Lettres
3293 1783 3437 1901 du
3497 1783 3813 1909 sieur
3847 1787 3979 1909 de

1203 1985 1901 2101 Balzac
1971 2037 2017 2111 ^
2141 1971 2267 2087 &
2377 1953 2981 2087 deffenccs
3047 1957 3321 2087 font
3409 1957 3821 2093 faiétes
3905 1971 3977 2093 à

1207 2195 1493 2281 tous
1537 2141 2195 2293 Libraires*
2265 2145 3137 2321 Imprimeurs,
3213 2153 3329 2267 &
3401 2185 3795 2275 autres
3829 2149 3973 2275 de

1211 2381 1347 2459 ce
1395 2337 2047 2499 Royaume
2061 2431 2087 2481 3
2105 2323 2625 2495 d’iceluy
2663 2323 2973 2449 liure
3011 2333 3973 2499 imprimer.con¬

1207 2511 1703 2647 trefaire
1779 2557 1937 2677 ny
2011 2511 2531 2651 altérer,
2645 2507 3103 2633 vendue
3177 2521 3253 2633 §
3253 2543 3299 2629 5
3343 2503 3973 2637 distribuer

1203 2691 1609 2821 fausle
1649 2685 2057 2865 congé
2105 2677 2977 2861 &permiffion
3011 2691 3357 2811 dudit
3395 2691 3553 2817 du
3601 2695 3973 2857 Bray,

1203 2877 1753 3053 pendant
1837 2869 1945 2995 le
2011 2883 2415 3045 temps
2467 2883 2593 2995 &C
2649 2865 3253 3039 efpacede
3293 2869 3499 2995 dix
3539 2909 3821 3017 ans,
3909 2873 3977 2991 à

1211 3097 1771 3237 compter
1827 3051 1981 3173 du
2055 3097 2325 3179 îour
2399 3065 2521 3173 &
2597 3057 2933 3173 datte
3007 3083 3245 3223 qn£
3303 3047 3589 3173 ledit
3665 3051 3965 3173 liure

1197 3235 1463 3365 fera
1533 3235 1995 3361 acheué
2069 3231 2829 3405 d’imprimer
2877 3271 3191 3411 pour
3235 3231 3339 3353 la
3387 3239 3977 3405 première

1207 3413 1499 3571 fois,
1565 3423 1627 3539 à
1685 3427 2039 3593 peine
2083 3419 2227 3535 de
2271 3413 2601 3545 mille
2637 3413 2999 3535 Hures
3069 3409 3709 3535 d’amande
3749 3455 3969 3531 en¬

1203 3633 1475 3723 tiers
1519 3601 1815 3723 ledit
1859 3597 2017 3719 du
2073 3601 2159 3719 B
2185 3641 2431 3763 ray,
2521 3571 3329 3723 confifcation
3369 3593 3575 3719 des
3615 3593 3983 3719 hures

1203 3785 1427 3955 qui
1471 3775 1583 3907 fe
1623 3785 2267 3907 treuilcrôt
2305 3785 2647 3901 auoir
2695 3771 2923 3897 efté
2963 3785 3599 3951 imprimez
3641 3775 3705 3897 d
3763 3815 3973 3901 au¬

1207 4003 1395 4089 tre
1435 3955 2437 4135 impreflion^que
2485 3963 2633 4081 de
2673 3959 2977 4085 celle
3021 3963 3371 4081 dudit
3409 3955 3977 4129 fuppliât,-

1207 4137 2659 4317 auectousfesdefpens,
2731 4143 3437 4313 dommages
3481 4195 3513 4287 ,
3591 4159 3715 4263 <k
3775 4143 3973 4255 in-

1215 4321 1677 4465 terefts,
1733 4317 2311 4497 ainfique
2363 4321 2629 4497 plus
2677 4321 3433 4497 amplement
3481 4317 3633 4437 eft
3665 4361 3973 4437 con¬

1211 4545 1507 4639 tenu
1547 4517 1673 4625 &
1711 4499 2187 4631 déclaré
2221 4499 2665 4625 efdites
2699 4503 3115 4631 lettres
3159 4495 3965 4671 dePriuilcge*

1207 4683 1753 4813 données
1823 4687 1887 4809 à
1953 4687 2745 4863 Compicgne
2815 4683 2927 4813 le
2975 4673 3639 4809 troifiefme
3681 4679 3959 4805 iour

1211 4871 1359 4991 de
1421 4875 1721 5037 May
1783 4915 1825 5015 ,
1943 4883 2373 5027 1624.

1381 5179 1609 5305 Par
1663 5161 1771 5291 le
1823 5175 2111 5345 Roy
2159 5215 2303 5301 en
2355 5169 2557 5295 fon
2605 5151 3165 5301 CcnfeiL

2414 5474 2862 5650 Signé,

2853 5773 3885 5903 Rekovarb.
