4267 6855
1066 222 1316 437 40
1447 223 2531 406 Lettres
2654 297 2943 419 dv
3066 304 3723 442 sievr

1056 471 1717 686 tendre
1852 559 2069 688 ce
2212 480 2662 763 qu’il
2796 494 3492 764 defire,
3632 541 3833 723 8c

1053 754 1516 1037 qu’il
1598 778 2471 976 ordonne
2554 779 2983 988 delà
3058 800 3846 998 condui¬

1048 1108 1249 1254 te
1372 1047 1633 1257 du
1780 1066 2513 1272 monde
2648 1149 2705 1266 :
2879 1083 3593 1329 Quand
3727 1090 3849 1287 il

1049 1347 2322 1625 vousplairta,
2425 1367 3845 1647 Monfeigneur,

1039 1620 1220 1830 îe
1347 1635 2096 1901 feauray
2263 1638 2520 1840 les
2691 1651 3840 1921 inspirations

1052 1919 1498 2193 qu’il
1532 1997 2022 2133 vous
2064 2008 2170 2137 a
2212 1931 3233 2203 enuoyées,
3292 1962 3494 2144 Le
3552 1948 3849 2146 l’e-

1046 2200 2179 2483 îe&ionque
2254 2293 3235 2432 vousauez
3322 2231 3838 2479 faite,

1052 2560 1361 2702 car
1492 2500 1717 2710 de
1872 2507 2433 2711 l’aller
2556 2526 3593 2791 apprendre
3720 2526 3849 2723 fî

1046 2790 1431 2982 toft
1506 2784 2058 3000 furies
2118 2789 2718 3042 lieux,
2798 2803 2927 2999 il
3018 2804 3846 3011 faudroit

1051 3067 1497 3349 qu’il
1539 3097 1848 3351 n’y
1887 3093 2281 3289 euft
2323 3097 2888 3363 point
2931 3095 3857 3304 defeureté

1044 3428 1566 3637 pour
1613 3443 2058 3644 moy
2129 3449 2358 3578 en
2417 3452 2626 3573 ce
2717 3398 3845 3649 Royaume,

1055 3664 1879 3927 &queie
1938 3735 2163 3865 ne
2214 3683 3147 3869 connufse
3198 3748 3503 3947 pas
3562 3753 3859 3878 co¬

1044 4010 1365 4143 rne
1404 3935 1557 4140 ie
1592 3941 1989 4184 fais,
2040 3948 2209 4150 le
2248 3948 2810 4157 Soleil
2856 3959 3089 4157 de
3152 3977 3848 4179 Rome.

1046 4223 3071 4517 Celuyquinoirçitles
3142 4261 3771 4454 Mores
3805 4403 3866 4507 >

1059 4528 1277 4717 Le
1371 4529 1709 4792 qui
1780 4526 2376 4730 brufle
2443 4532 2608 4729 la
2747 4529 3321 4804 Lybie
3419 4529 3841 4736 n’ell

1049 4798 1598 5065 point
1685 4801 1815 5010 fi
1921 4815 2998 5099 dangereux
3113 4897 3334 5026 en
3457 4898 3838 5026 cet¬

1055 5140 1248 5290 te
1307 5072 1971 5337 faifon,
2099 5099 2312 5311 8C
2367 5099 2496 5304 fi
2579 5179 3052 5314 vous
3123 5125 3828 5314 n’auiez

1057 5364 2193 5601 desthrefors
2264 5394 2497 5600 de
2540 5390 3173 5676 neige,
3220 5410 3438 5603 8c
3500 5396 3813 5603 des
