4267 6848
1001 442 1221 619 zo
1309 441 2337 614 Lettres
2465 469 2773 609 dv
2881 482 3557 611 sievr

1055 1058 1204 1487 I
1254 985 1431 1182 E
1455 1036 1923 1177 vous
1967 953 3127 1250 enuoyedeux
3170 951 3739 1170 lettres

1248 1273 1576 1550 qui
1600 1303 2160 1461 mont
2196 1254 2488 1499 eflé
2523 1249 3260 1452 données
3272 1311 3752 1531 pour

1013 1629 1497 1762 vous
1556 1548 2069 1833 faire
2192 1550 2657 1743 Unir
2741 1621 2789 1737 :
2896 1536 3381 1744 tvne
3492 1538 3753 1739 du

1021 1850 1478 2055 Duc
1553 1836 1762 2037 de
1857 1842 2622 2040 Bauiere
2670 1989 2714 2069 ,
2809 1824 3054 2093 (§*
3125 1823 3754 2028 l'autre

1026 2134 1287 2335 du
1334 2112 2247 2338 Cardinal
2266 2114 2475 2319 de
2518 2129 3139 2318 Lerme
3178 2191 3227 2328 ;
3282 2186 3759 2319 vous

1027 2432 2136 2709 verreTfpar-
2159 2403 2348 2607 là
2356 2578 2420 2670 y
2423 2409 3720 2688 À4onfeigneur
3716 2566 3780 2662 ,

1036 2716 2041 2999 quevofire
2100 2709 3113 2979 promotion
3144 2771 3269 2892 a
3328 2687 3781 2895 don-

1049 2998 1278 3203 né
1357 2993 1566 3198 de
1629 2992 1822 3193 la
1865 2996 2238 3280 ioye
2301 3058 2690 3186 aux
2753 2991 3774 3188 vifîorieux

1530 3352 1923 3485 aux
2026 3282 2567 3571 afflige
2570 3285 2731 3562 £
2839 3352 2891 3513 ,
3026 3319 3227 3476 et
3354 3266 3791 3555 quil

1031 3578 1492 3859 faut
1523 3565 1908 3777 bien
1947 3642 2288 3856 que
2315 3578 2468 3766 le
2499 3560 3140 3766 monde
3107 3643 3276 3852 y
3295 3619 3780 3843 pren¬

1068 3938 1293 4067 ne
1384 3933 1677 4065 vn
1780 3842 2485 4060 notable
2576 3861 3301 4058 intereïl
3388 3858 3789 4127 puis

1073 4145 1666 4439 quelle
1757 4193 2690 4431 augmente
2753 4137 2998 4341 les
3101 4190 3801 4340 conten-

1070 4494 1738 4642 temens
1862 4435 2154 4632 des
2294 4420 3234 4709 triomphes
3346 4462 3403 4667 ,
3542 4462 3799 4658 &

1083 4725 1667 5010 quelle
1739 4719 2467 4930 adoucit
2491 4718 2719 4926 les
2759 4708 3571 5000 chagrins
3599 4706 3811 4914 de

1092 5008 2100 5298 lafolitude.
