4267 6742
1154 134 1426 302 de
1622 134 2538 302 Balzac.
3062 190 3250 338 17

562 374 1686 582 d’vheclvjfe
1730 378 2366 646 qu’elle
2414 442 2866 574 vous
2950 450 3270 574 en-

570 738 1062 938 uoyc
1142 738 1194 854 :
1282 674 1854 858 Autre
1922 658 2266 850 fois
2366 654 2698 850 elle
2786 730 3266 858 vous

574 1006 890 1150 eut
946 946 1470 1154 drefle
1514 950 1826 1142 des
1870 954 2626 1190 flatues,
2674 962 2854 1138 &:
2922 950 3270 1138 do¬

570 1222 802 1430 ué
874 1226 1170 1426 des
1254 1222 2470 1426 occafionsde
2566 1238 3270 1430 mériter

562 1510 1494 1778 letriôphe
1586 1614 1622 1738 ;
1678 1510 2106 1710 mais
2166 1506 2558 1782 puis
2638 1586 3002 1778 que
3050 1586 3270 1706 ce

574 1790 2538 2066 tempsraeftpafsé,&:
2618 1866 2986 2058 que
3054 1866 3266 1998 ce

570 2086 1014 2282 n’eft
1058 2082 1446 2350 plus
1506 2146 1818 2346 par
1858 2078 2018 2270 la
2066 2066 2574 2270 force
2622 2082 3270 2342 qu'elle

566 2362 1526 2562 maintient
1622 2358 1930 2550 fon
2034 2366 2842 2622 empire,
2958 2438 3274 2558 en¬

566 2714 994 2846 core
1042 2646 1202 2838 Te
1254 2642 1842 2838 faut-il
1902 2706 2878 2838 contenter
2954 2650 3270 2846 des

554 2930 1494 3130 honneurs
1554 2934 1786 3122 de
1850 2930 2002 3126 la
2050 2930 2742 3186 paix,&
2802 2994 3278 3130 rece-

554 3222 966 3406 uoir
1098 3222 1190 3406 à
1298 3210 1922 3410 faueur
2066 3278 2434 3406 vue
2574 3202 3274 3486 dignité

558 3566 926 3762 que
1010 3490 1174 3694 le
1254 3490 1518 3690 fils
1586 3494 1830 3694 du
1910 3510 2334 3762 Roy
2454 3498 3270 3770 d’Elpai-

554 3846 1078 4046 gnea
1150 3774 1842 3986 defirée.
1926 3786 2646 4010 Quand
2734 3854 2950 3982 ce
3022 3850 3250 3982 ne

554 4062 1094 4262 feroit
1174 4134 1546 4330 que
1630 4134 2078 4262 vous
2130 4066 3022 4330 quêterez
3102 4070 3274 4270 le

558 4338 1062 4542 dueil
1118 4418 1590 4618 pour
1674 4418 2146 4546 vous
2206 4346 2966 4546 habiller
3034 4342 3270 4546 de

550 4618 718 4822 la
822 4634 1582 4830 couleur
1690 4630 2002 4826 des
2110 4642 2582 4830 rofes
2666 4794 2706 4870 ,
2786 4706 3274 4838 vous

558 4914 1150 5114 deuez
1286 4990 1758 5130 vous
1838 4910 2586 5122 refioüir
2690 4918 2918 5122 de
3070 5006 3282 5138 ce

2458 5214 2614 5402 B
