4267 6805
887 285 1170 421 de
1358 228 2318 390 Balzac.
2891 232 3081 385 41

333 501 810 707 falles
909 498 1150 685 de
1235 470 1945 672 marbre
2026 512 2513 725 pour
2622 499 3093 645 vous

357 771 1298 992 deffendre
1389 760 1642 955 du
1733 735 2134 942 Cid
2213 894 2279 984 ,
2364 742 3128 978 iayme-

367 1088 746 1276 rois
831 1101 1474 1260 autant
1526 1041 1962 1236 eftre
2038 983 3129 1217 condamné

383 1430 615 1564 au
697 1348 1006 1553 feu
1095 1402 1458 1612 que
1556 1320 1790 1519 de
1872 1311 2801 1506 demeurer
2906 1351 3137 1481 au

397 1654 770 1848 lieu
839 1620 1094 1835 où
1163 1684 1626 1822 vous
1706 1604 2233 1803 elfes;
2332 1596 3156 1785 Toutes-

413 1932 786 2131 fois
843 1989 1054 2119 ce
1143 1899 1554 2111 meft
1682 1959 1986 2156 pas
2054 1944 2530 2081 vous
2620 1867 2718 2065 à
2834 1854 3161 2127 qui

439 2288 694 2419 on
833 2200 1246 2404 doit
1385 2185 1830 2380 faire
1954 2227 2406 2440 peur
2544 2152 2781 2347 de
2906 2205 3193 2341 ces

451 2482 1379 2710 chofeslà;
1435 2471 2581 2663 vousn’auez
2662 2424 3205 2712 garde

461 2783 687 2982 de
895 2821 1646 2974 trouuer
1859 2727 2661 2939 mauuais
2868 2704 3221 2911 l’air

483 3053 886 3342 qu'a
931 3031 1582 3318 refpiré
1626 3094 2150 3230 toute
2224 3019 3237 3217 l’ancienne

502 3340 1722 3620 Republique
1861 3474 1911 3551 ,
2042 3379 2300 3570 ny
2424 3302 2586 3501 le
2705 3272 3253 3491 Soleil

507 3648 838 3913 qui
875 3709 962 3827 a
1011 3701 1232 3884 ay
1249 3614 1470 3812 dé
1517 3615 1602 3805 à
1648 3598 2074 3799 faire
2118 3645 2510 3790 tant
2548 3581 2774 3784 de
2822 3638 3269 3772 con-

523 3911 1638 4197 querans,&:
1715 3864 2422 4090 efclairé
2496 3863 2878 4062 défi
2960 3865 3268 4052 be¬

531 4275 894 4409 aux
979 4177 2002 4452 triomphes
2083 4244 2138 4365 :
2241 4166 2718 4357 Mais
2826 4208 3286 4412 pour

543 4556 1004 4755 moy
1079 4477 1402 4750 qui
1479 4458 1872 4723 n’ay
1947 4525 2258 4729 pas
2355 4514 2642 4642 ces
2718 4422 3309 4635 consi¬

569 4767 1758 5006 dérations,&;
1819 4748 2134 5017 qui
2195 4802 2498 4934 me
2536 4722 2882 4919 fuis
2963 4722 3318 4913 mis

587 5116 1023 5264 tout
1131 5046 1690 5241 entier
1791 5103 2014 5222 en
2112 5019 2278 5219 la
2383 4993 3342 5289 puissance

585 5349 815 5552 de
873 5342 1035 5550 la
1111 5325 2211 5552 medecine,
2281 5305 2410 5502 il
2500 5295 2902 5500 faut
2975 5362 3346 5569 que
