4267 6877
1232 288 1444 436 30
1521 244 2615 464 Lettres
2736 347 3018 490 dv
3155 383 3803 549 sievs.

1207 495 2128 717 Romains
2217 606 2560 745 ont
2641 550 2960 763 fait
3044 572 3951 874 lappren-

1191 776 1865 1073 tifsage
1922 811 2156 1007 de
2222 819 3931 1147 leursvi£toires,ô£

1179 1130 3191 1415 commencecegrand
3264 1149 3921 1410 deflein

1167 1350 1705 1621 qu’ils
1810 1393 3107 1649 n’acheuerent
3232 1459 3914 1727 qu’aux

1159 1679 2264 1890 extremicez
2477 1711 2724 1909 de
2889 1730 3058 1942 la
3272 1819 3754 1975 terre
3824 1869 3889 2032 j

1149 1934 1493 2166 Qu
1519 2018 1597 2134 a
1631 2025 1733 2138 n
1759 1952 1885 2154 d
1919 2040 2028 2154 v
2054 2044 2404 2191 ous
2437 1985 2596 2190 fe
2613 2067 2900 2212 rez
2948 2101 3135 2239 m
3152 2116 3274 2243 o
3304 2121 3414 2246 n
3432 2048 3618 2257 té
3647 2137 3882 2276 au

1147 2226 2040 2501 Capitole
2107 2427 2168 2522 ,
2237 2275 2504 2485 où
2577 2289 2791 2500 ils
2868 2355 3878 2593 croyoicnt

1123 2570 1505 2776 que
1642 2538 2137 2753 Dieu
2254 2574 2804 2794 eftoit
2872 2615 3327 2826 aulïi
3427 2705 3860 2915 pré¬

1099 2793 1490 3002 sent
1543 2889 1921 3092 que
1970 2833 3854 3198 daasleCi.el,&qu’il

1087 3098 1610 3301 auoit
1699 3120 2540 3360 enfermé
2629 3169 2803 3374 le
2884 3184 3486 3412 deftin
3600 3215 3834 3431 de

1060 3359 1234 3567 la
1323 3398 2464 3640 Monarchie
2577 3478 3667 3700 vniuerfelle
3743 3591 3810 3714 ;

1055 3672 1633 3939 Apres
1707 3768 2084 3966 que
2158 3796 2639 3942 vous
2689 3826 3239 3979 aurez
3312 3789 3799 4066 palfé

1044 4026 1286 4148 au
1376 4005 2312 4221 trauersde
2377 4097 2588 4232 ce
2633 4069 3219 4317 grand
3284 4081 3779 4358 espa¬

1036 4307 1242 4438 ce
1292 4260 1626 4519 qui
1699 4278 3247 4553 eftoitdediéaux
3304 4373 3784 4643 plai-

1021 4523 1622 4747 lirsdu
1695 4628 2049 4830 peu
2074 4591 2360 4854 pie
2398 4625 2711 4858 ,&
2769 4641 3247 4845 oùle
3313 4657 3763 4945 fàng

1021 4803 1331 5016 des
1428 4830 2221 5138 Martyrs
2274 4960 2368 5085 a
2454 4905 2832 5110 efté
2937 4921 3748 5155 fouuent

1004 5111 1547 5316 meflé
1603 5204 2053 5360 ailée
2134 5177 2660 5422 celny
2733 5194 3048 5407 des
3117 5234 3725 5432 crimi¬

980 5396 1371 5599 nels
1411 5426 1613 5624 &
1671 5420 1989 5637 des
2042 5457 3704 5736 beftes,ienedou~
