4267 6848
805 242 1090 393 £>e
1288 207 2257 375 Balzac.
2767 137 2998 373 '45

235 542 790 756 ayme
874 531 1299 690 trop
1404 450 1574 659 le
1678 417 2401 643 monde
2505 474 3013 690 pour

241 785 411 981 le
483 717 2590 1016 vouloirpriuerdubien
2646 758 3026 970 que

252 1127 727 1267 vous
772 1120 885 1311 y
938 1046 1539 1246 dcuez
1581 976 3038 1249 fairejlesarmées

273 1397 828 1611 ayant
925 1319 1288 1538 efté
1414 1291 2397 1540 deifaites,
2458 1276 2595 1477 il
2668 1261 3059 1465 s’en

306 1683 905 1845 remet
943 1619 1169 1818 de
1225 1586 2192 1805 nouuelles
2246 1575 2524 1776 fur
2565 1552 3065 1840 pied,

590 1985 842 2109 on
910 1957 1382 2183 peut
1498 1880 2249 2154 equiper
2342 1916 2709 2059 vne
2835 1845 3091 2038 fé¬

323 2202 930 2417 condé
1089 2198 1638 2386 flotte
1782 2219 2290 2429 apres
2434 2206 2797 2417 que
2924 2132 3097 2328 la

356 2490 1268 2772 premier?
1335 2454 1731 2662 s'elt
1775 2436 2536 2717 perdue;
2629 2415 3114 2623 Mais

357 2773 616 2980 s’il
752 2756 1396 2973 venoit
1522 2746 2019 2946 faute
2166 2738 2411 2925 de
2547 2778 3144 2950 vous,

387 3047 1834 3325 Monfeigneur,
1886 3025 2052 3230 le
2124 3000 2848 3223 monde
2920 3055 3156 3190 ne

392 3338 1202 3555 dureroic
1325 3400 1641 3603 pas
1773 3311 2249 3513 afsez
2365 3357 2853 3571 pour
2921 3349 3179 3478 re¬

415 3704 910 3919 parer
1031 3693 1398 3832 vne
1506 3601 1918 3818 telle
2022 3646 2546 3846 perte
2637 3746 2695 3835 ,
2768 3585 2978 3779 &
3055 3555 3185 3760 il

425 3921 1263 4136 faudroit
1355 3880 2614 4162 queleRoyla
2694 3861 3205 4130 pleu¬

444 4220 792 4422 rait
868 4287 1096 4410 au
1184 4190 1820 4400 milieu
1912 4174 2583 4379 mefme
2649 4160 2883 4351 de
2949 4143 3215 4340 fes

465 4492 1504 4772 triomphes
1637 4556 1696 4678 :
1843 4463 2000 4668 Il
2141 4540 2248 4663 a
2386 4456 2836 4651 bien
2976 4498 3231 4637 vn

460 4813 1441 5053 Royaume
1514 4768 1849 5042 qui
1921 4822 2165 4958 ne
2207 4747 2385 4946 le
2443 4716 3253 5015 fçauroit

499 5075 1258 5343 efpuifer
1300 5047 2354 5261 d’hommes
2402 5122 2459 5279 ;
2492 5027 2654 5228 la
2702 5080 3260 5302 guer¬

512 5447 691 5578 re
769 5371 1097 5643 luy
1177 5346 1495 5560 fait
1575 5410 2007 5552 tous
2080 5323 2343 5531 les
2405 5333 2906 5523 iours
2984 5298 3290 5501 des
