4267 6784
1148 317 1432 438 de
1554 245 2535 419 Balzac.
3043 259 3220 413 r.z

532 595 891 797 que
934 516 1086 716 ie
1132 580 1590 712 vous
1635 482 2374 769 regarde
2451 527 3217 676 comme

530 817 655 1013 G
708 876 1154 1001 vous
1195 800 1734 995 eftiez
1799 831 2410 978 toutes
2457 759 2706 952 les
2759 754 3233 951 cho¬

533 1116 790 1297 ies
879 1158 1230 1360 que
1285 1086 1770 1273 Dieu
1823 1143 1914 1257 a
2004 1054 2526 1250 faites
2611 1119 2654 1236 :
2744 1030 3230 1237 C’eft

547 1429 1683 1653 pourquoy,
1785 1323 3219 1598 Monfeigncur,

541 1676 718 1861 ie
794 1637 2158 1911 mettrayàpart
2242 1692 2450 1814 ce
2506 1618 2817 1879 qui
2934 1671 3241 1803 me

550 1936 1281 2157 touche
1458 1979 1929 2196 pour
2054 1963 2653 2104 entrer
2792 1888 3240 2083 dans

570 2299 909 2437 vos
1006 2214 2394 2425 reflentimens,
2778 2238 3264 2376 vous

576 2521 1046 2753 dire,
1138 2571 1493 2773 que
1542 2489 1945 2762 puis
2042 2539 2409 2740 que
2462 2530 2936 2664 vous
3018 2526 3269 2649 ne

577 2852 1325 3077 pouuez
1411 2775 1849 2971 faire
1931 2757 2157 2955 de
2257 2735 3272 2950 mauuaifes

585 3072 1610 3289 elle&ions,
1659 3051 1781 3249 il
1821 3048 2073 3246 eft
2125 3028 2785 3238 certain
2861 3092 3108 3289 qu
3171 3022 3280 3214 ê

583 3367 748 3567 la
821 3425 1316 3562 mort
1435 3346 1656 3541 de
1737 3404 2076 3537 vos
2177 3391 2687 3588 amys
2809 3378 3287 3504 vous

593 3722 832 3848 ne
911 3641 1708 3922 fçauriez
1799 3616 2224 3819 faire
2303 3615 2540 3801 de
2625 3606 3287 3868 petites

601 4004 1232 4200 pertes.
1323 3897 2408 4117 Toutesfois
2537 3946 3303 4083 comme

608 4294 1084 4420 vous
1200 4213 1620 4412 elles
1704 4170 2276 4394 efleué
2376 4245 2612 4369 au
2730 4156 3311 4362 deiîus

619 4508 944 4704 des
1064 4486 1704 4700 chofes
1782 4477 2024 4676 du
2140 4451 2828 4667 monde
2914 4473 2973 4689 ,
3078 4470 3304 4646 &C

624 4858 991 5060 que
1074 4782 1315 4984 les
1382 4780 2247 4975 hommes
2308 4759 2867 4946 tirent
2994 4736 3310 4935 des

620 5064 1559 5344 exemples
1662 5049 1963 5252 des
2068 5023 2994 5241 moindres
3128 5089 3326 5212 a-

634 5365 1227 5564 âions
1285 5347 1515 5558 de
1576 5321 2743 5569 voftrevie,ic
2820 5290 3331 5516 m’at

2397 5611 2551 5808 B
2709 5593 2960 5859 iiij
