4267 6827
1041 285 1250 414 AL
1429 230 2470 413 Lettres
2577 302 3594 444 dvsievR

1029 481 1875 684 deration
2004 562 2386 760 que
2501 497 2723 692 de
2844 511 3713 768 patience,

1037 773 1523 964 Mais
1608 772 1983 1026 puis
2076 811 2603 1057 qu’en
2649 859 3122 996 cette
3205 803 3738 1011 fatale

1021 1057 1943 1324 agitation
2057 1071 2295 1254 de
2401 1057 3242 1350 l'Europe
3352 1245 3393 1322 ,
3513 1165 3734 1285 ce

1021 1339 2712 1613 neftpasmoyfeul
2800 1381 3115 1635 qui
3212 1373 3726 1641 pleu¬

1025 1693 1215 1836 re
1320 1626 2147 1907 quelque
2288 1711 2787 1908 perte
2880 1803 2929 1879 ,
3356 1733 3726 1931 que

1009 1973 1503 2111 vous
1589 1907 2211 2121 n’auez
2292 1999 2631 2188 peu
2721 2005 3191 2134 vous
3293 1941 3736 2144 mefi

1013 2202 1999 2417 mefàuuer
2065 2267 2751 2417 toutce
2840 2230 3148 2492 qui
3249 2306 3702 2431 vous

1017 2483 2899 2729 eftoitcher,i’aurois
2949 2521 3738 2722 mauuai-

1001 2765 1187 2966 fe
1276 2837 1839 3046 grâce
1941 2774 2064 2975 fi
2165 2781 2335 2978 ie
2445 2790 3182 2999 voulois
3317 2805 3730 3011 faire

1004 3060 1591 3323 pafier
1673 3141 2143 3265 mon
2225 3082 2943 3280 interefi:
3049 3089 3727 3295 deuant

1009 3345 1191 3538 le
1245 3352 3203 3601 voftre,&confiderer
3261 3456 3722 3583 mon

1001 3627 1919 3840 affliction
2156 3654 3287 3918 particulière
3501 3741 3723 3875 en

1005 3982 1559 4188 ayant
1633 3998 2007 4125 vue
2084 3940 2400 4202 qui
2489 3955 2968 4139 m’elt
3049 4021 3718 4157 comu-

1009 4270 2119 4485 neauecque
2177 4297 2705 4426 vous.
2765 4235 3067 4494 Ily
3117 4318 3211 4436 a
3289 4245 3710 4521 lôg-

1005 4553 1615 4760 temps
1684 4572 2051 4768 que
2133 4517 2303 4699 ie
2377 4588 2619 4707 ne
2697 4525 3367 4726 mefure
3481 4539 3715 4735 les

1005 4775 1527 4975 biens
1589 4805 1795 4984 LL
1849 4793 2083 4991 les
2145 4867 2695 5000 maux
2745 4805 2975 5000 de
3025 4889 3227 5016 ce
3285 4891 3706 5017 mo¬

1001 5053 1239 5259 de
1308 5133 1683 5339 que
1824 5152 2147 5346 par
2261 5146 2591 5283 vos
2729 5162 3694 5303 contente-

997 5368 1535 5564 mens
1613 5370 1827 5560 &C
1905 5438 2247 5567 vos
2337 5368 3393 5645 defplaifirs,
3481 5411 3691 5594 ô£
