4267 6735
1140 196 1418 369 de
1619 193 2534 357 Balzac.
3076 210 3175 368 7

528 458 760 660 de
844 456 1491 646 bonne
1620 456 1823 628 &
1948 435 2179 619 de
2289 418 3183 619 mauuaifë

537 742 1281 936 fortune
1325 714 2357 991 également
2398 702 3184 977 glorieur

535 1000 2175 1261 fe?Monfeigneur,
2228 1056 2686 1179 vous
2736 1041 3182 1171 auez

541 1369 961 1562 trop
1108 1291 1347 1479 de
1485 1275 2775 1554 cognoiflance
2972 1264 3195 1452 de

555 1649 1013 1788 vous
1139 1565 1825 1761 mefme
1966 1624 2449 1825 pour
2590 1616 2698 1810 p
2718 1614 2936 1735 en
2957 1533 3204 1734 fer

560 1929 926 2136 que
991 1871 1158 2052 ie
1228 1914 1698 2051 vous
1783 1840 2375 2067 flatte,
2462 1836 2670 2020 &
2764 1886 3206 2018 mon

560 2161 1359 2348 humeur
1465 2122 1703 2323 eft
1784 2119 1903 2313 fl
1973 2117 2883 2381 efloignee
3003 2096 3227 2294 de

570 2488 1109 2628 toute
1154 2391 2545 2616 a&ionferuile,
2630 2458 2984 2653 que
3069 2384 3233 2588 la

579 2720 1194 2912 Court
1236 2688 1502 2895 n’a
1544 2696 2086 2961 point
2128 2674 2566 2878 allez
2614 2662 3249 2935 d'efpe-

577 3058 1107 3190 rance
1143 2971 1243 3181 k
1297 3049 1587 3174 me
1624 2974 2355 3165 donner
2401 3024 2879 3225 pour
2949 3018 3251 3147 me

581 3277 1005 3472 faire
1042 3273 1393 3467 rien
1445 3257 1820 3452 dire
1858 3310 2512 3448 contre
2570 3305 2864 3434 ma
2926 3259 3263 3432 cô-

590 3562 1338 3759 fcience.
1430 3554 1622 3740 le
1715 3536 2190 3806 parle
2238 3526 2746 3745 donc
2786 3516 3021 3706 de
3110 3511 3270 3707 la

600 3841 1067 4039 forte
1113 3893 1583 4102 pour
1619 3819 1771 4016 le
1824 3814 2171 4015 feul
2288 3791 3283 4004 intereftde

597 4122 769 4322 la
814 4184 1345 4315 vertu
1400 4119 1692 4356 ,&
1741 4100 1868 4294 fi
1918 4098 2256 4298 elle
2314 4080 3004 4284 neftoit
3065 4091 3292 4279 de

608 4408 1186 4603 noftre
1268 4390 1875 4629 codé,
1990 4384 2150 4577 ie
2226 4377 2761 4573 l’irois
2891 4357 3297 4640 plu-

616 4695 1043 4887 ftoft
1089 4678 1971 4882 chercher
2017 4725 2636 4925 parmy
2679 4639 2923 4847 les
2977 4723 3278 4859 en¬

622 4978 1305 5199 nemis,
1350 4949 1708 5165 afin
1757 4948 1988 5146 de
2025 4948 2341 5197 luy
2382 4930 3012 5141 rendre
3090 5001 3308 5137 ce

632 5250 1290 5531 qu’elle
1336 5238 2002 5446 mérité.
2118 5227 3010 5431 Pcrfonne
3087 5285 3318 5414 ne

2334 5494 2890 5771 A iiij
