4267 6805
1096 205 1195 359 S
1368 194 2398 391 Lettres
2532 284 2806 399 dv
2952 278 3622 419 sievr

1092 455 1690 644 croira
1770 525 2146 727 que
2244 466 2685 730 i’aye
2751 469 2977 679 de
3078 552 3780 752 preten-

1079 743 1497 928 tion
1555 725 1997 935 dans
2043 733 3001 960 lesarmees
3055 778 3768 1054 duRoy

1078 1011 2251 1303 d’Eipaigne,
2294 1105 2552 1298 ny
2601 1114 2964 1316 que
3002 1045 3160 1248 ie
3210 1067 3771 1264 veuil¬

1057 1305 1239 1506 le
1317 1309 1743 1543 faire
1821 1306 2579 1530 fortune
2673 1404 2899 1531 en
2993 1342 3770 1556 Hollan¬

1060 1589 1350 1815 de:
1669 1622 2874 1817 neantmoins
2924 1623 3758 1842 ielouële

1048 1897 1706 2087 Prince
1756 1875 2736 2178 d’Aurage,
2788 1907 3194 2116 8de
3252 1925 3752 2124 Mar¬

1050 2182 1473 2443 quis
1559 2169 1797 2371 de
1879 2179 2712 2454 Spinola,
2787 2273 3549 2406 comme
3615 2211 3746 2409 fi

1030 2461 1700 2661 i’eftois
1750 2453 2060 2672 des
2106 2466 2592 2676 deux
2637 2549 3751 2757 partyscon-

1029 2745 1891 2951 traires-en
1949 2753 2647 2975 mefine
2685 2828 3371 3049 temps:
3457 2805 3727 2989 En

1029 3018 1541 3277 effet,
1601 3042 2973 3328 Monieigncur,
3045 3078 3226 3265 ie
3295 3144 3730 3336 pen¬

1016 3317 1202 3524 te
1292 3336 1834 3526 auoir
1960 3332 2198 3532 de
2324 3334 3478 3625 l'obligation
3624 3440 3726 3565 a

1011 3675 1497 3806 ceux
1630 3611 1963 3885 qui
2115 3694 2413 3824 me
2523 3618 3385 3844 donnent
3543 3638 3721 3845 le

998 3960 1701 4160 moyen
1790 3901 2012 4101 de
2058 3968 2729 4121 mettre
2802 3918 3704 4149 enfemble

998 4172 1256 4385 les
1362 4178 1852 4388 deux
1940 4186 2352 4462 plus
2466 4269 2928 4404 rares
3037 4220 3696 4429 choies

993 4456 1251 4670 du
1301 4469 2094 4711 monde,
2149 4551 2271 4673 c
2313 4488 2556 4684 eft
2601 4479 2692 4684 à
2745 4485 3439 4764 fçauoir
3513 4502 3687 4725 la

980 4748 1548 4957 vérité
1896 4752 3069 5040 l’eloquence,
3152 4796 3686 5001 Vous

979 5046 2986 5261 m’aucztoufioursfait
3055 5064 3668 5275 l'hon-

958 5367 1433 5558 Btzux
1471 5328 1701 5540 de
1743 5405 2045 5540 me
2086 5341 2833 5553 vouloir
2874 5348 3125 5573 du
3175 5361 3659 5617 bien,
