4267 6784
1143 338 1335 482 t4
1523 303 1948 478 LEl
2030 342 2563 510 tP.ES
2662 386 2959 527 DV
3037 423 3681 572 SIEVR

1143 538 1408 734 du
1478 602 2303 838 vulgaire
2374 585 2494 775 il
2544 666 2655 814 y
2745 679 2838 798 a
2917 614 3142 808 de
3221 623 3811 846 l’hon-

1126 863 1599 1029 neur
1645 854 2242 1062 d'tftre
2297 871 2450 1061 le
2498 907 3273 1140 premier
3308 982 3529 1132 en
3583 985 3794 1138 V-

1105 1177 1346 1300 rie
1428 1167 2807 1411 ceremonie,&
2907 1182 3780 1458 déporter

1088 1453 1341 1592 vn
1388 1412 1628 1597 ch
1648 1486 2360 1694 appeau
2403 1440 2620 1649 de
2663 1461 3763 1768 mefmeprix

1080 1741 1464 1938 que
1544 1718 1759 1892 >e^
1842 1754 3004 1966 coronnes,ôc
3053 1758 3294 1960 les
3373 1780 3747 1989 dia~

1055 1956 1751 2183 dane:.;
1814 2006 2882 2230 Toutesfois
2920 2116 3377 2252 vous
3424 2143 3733 2276 me

1038 2262 2306 2513 pardonnerez
2356 2307 2777 2513 bien
2867 2322 2992 2527 fi
3035 2345 3197 2536 ie
3251 2415 3728 2564 vous

1029 2551 1358 2778 dis,
1449 2570 2272 2811 quec’eft
2339 2614 3288 2825 vrtechofe
3359 2657 3702 2906 qui

1020 2837 2020 3114 «obligera
2095 2864 2699 3080 jamais
2770 2966 3019 3097 vn
3122 2910 3684 3127 hom¬

999 3170 1300 3308 me
1347 3146 1882 3399 iageà
1926 3216 2403 3354 vous
2458 3236 3086 3441 porter
3129 3191 3674 3416 delé-

982 3404 1387 3596 uie;
1469 3404 1594 3605 fi
1637 3491 2114 3629 vous
2197 3471 2889 3668 nauiez
2969 3548 3353 3749 que
3427 3564 3653 3702 ce

950 3691 3640 4037 p05nrîaaudeflusdemoy,ie

949 3953 1477 4168 ïcto's
1540 4056 2212 4206 encore
2271 4089 2728 4229 mon
2806 4055 3631 4326 maiftre,

928 4244 1056 4434 6
1047 4290 1138 4437 C
1208 4324 1365 4448 re
1439 4283 2116 4486 n'eufie
2247 4372 2563 4569 pas
2698 4396 3191 4597 pour
3313 4343 3612 4553 l’a¬

911 4596 1475 4741 mour
1550 4553 1775 4759 de
1842 4638 2303 4778 vous
2373 4625 3177 4822 renoncé
3248 4621 3361 4830 k
3429 4637 3593 4836 la

886 4799 1562 5029 liberté
1690 4872 2017 5112 qui
2140 4884 2945 5100 m'eftoit
3128 4910 3576 5120 auffi

865 5100 1394 5302 chere
1445 5145 1853 5385 qu’a
1912 5146 2057 5336 la
2104 5166 3280 5452 République
3326 5205 3556 5407 de

852 5378 1029 5574 V
1060 5402 1928 5614 enize-En
1970 5425 2514 5649 effeét
2554 5459 2787 5665 de
2838 5489 3540 5691 n’auoir
