4267 6735
1060 314 1340 442 de
1519 257 2483 423 Balzac.
3036 280 3176 430 i$

525 522 964 742 n’eft
1026 495 1596 715 borné
1636 570 1893 757 ny
1964 562 2287 764 par
2398 481 2655 675 les
2724 526 3191 673 mers

533 887 783 1090 ny
861 879 1188 1085 par
1255 799 1492 997 les
1573 778 2760 1042 montaignes
2847 770 2906 1014 ,
2978 766 3196 943 $C

541 1163 909 1374 que
963 1057 2188 1282 l’eftenducde
2249 1048 2848 1256 voftre
2918 1042 3207 1228 iu-

554 1374 1477 1590 rifdiétion
1567 1357 1925 1554 fera
1965 1331 2438 1587 telle,
2517 1389 2885 1600 que
2957 1303 3216 1507 s'il

554 1735 680 1946 y
762 1659 1289 1861 auoit
1378 1628 2225 1918 pltifieurs
2266 1594 3229 1831 modes,ils

571 2019 802 2154 en
856 1920 2201 2210 dependroient
2298 1882 2725 2098 auffî
2808 1882 3237 2083 bien

591 2302 955 2505 que
995 2191 2362 2477 celuy-cy;Mais
2414 2246 2867 2429 moy
2914 2170 3253 2436 qui

599 2582 831 2717 ne
955 2569 1267 2707 me
1381 2438 1843 2690 lailfe
1999 2465 2862 2717 efblouyr
3008 2452 3270 2640 les

596 2855 1095 3069 yeux
1157 2778 1263 2989 à
1293 2777 1967 2977 d'autre
2043 2755 2499 2955 éclat
2547 2805 2914 3015 que
2991 2796 3282 2930 ce-

614 3083 942 3343 luy
982 3070 1224 3274 de
1266 3064 1436 3263 la
1480 3108 2068 3279 vertu,
2130 3061 2339 3241 8c
2399 3027 2723 3300 qui
2759 3086 2995 3221 ne
3043 3083 3298 3213 re¬

629 3363 1212 3645 garde
1240 3421 1552 3626 pas
1618 3329 2619 3538 feulement
2656 3375 2859 3508 ce
2936 3361 3303 3568 que

635 3655 893 3852 les
939 3648 1796 3851 hommes
1877 3613 2893 3827 admirent,
2970 3576 3311 3779 fiie

650 4001 1129 4144 vous
1173 3912 1968 4117 eftimois
2009 3891 2424 4172 plus
2469 3861 3048 4162 grand
3099 3876 3320 4060 LL

666 4218 1085 4496 plus
1184 4209 2009 4401 heureux
2081 4239 2461 4450 que
2561 4222 3044 4368 vous
3149 4211 3332 4346 e-

676 4513 1255 4744 ftiez,
1316 4499 1498 4686 ie
1586 4553 1713 4677 n
1770 4537 1985 4671 au
2006 4461 2357 4662 rois
2434 4515 2733 4716 pas
2845 4438 3333 4635 alsez

687 4768 1350 5051 profité
1411 4825 2038 5043 auprès
2072 4739 2314 4942 de
2374 4796 2837 4934 vous
2882 4784 3113 4915 en
3175 4708 3353 4908 la

703 5062 2018 5271 connoifiance
2084 5027 2310 5230 de
2383 5080 2846 5221 vous
2902 4989 3361 5202 mcf-

727 5421 1155 5555 mes.
1202 5340 1355 5540 Il
1395 5340 1643 5543 eft
1683 5390 2105 5597 vray
2151 5281 3366 5600 qu’àl'opiniô
