4267 6935
1023 144 1200 318 i8
1331 146 2444 327 Lettres
2551 181 2840 328 Dv
2963 204 3624 354 sievr

1024 396 2402 681 changemec.A
2464 465 2897 609 tout
2948 417 3109 615 le
3172 439 3797 625 môins

1033 687 1299 887 les
1385 697 2090 898 obiers
2165 708 2495 975 qui
2573 698 2991 906 font
3065 702 3310 912 les
3376 715 3786 990 plus

1030 992 1852 1260 proches
1939 984 2168 1186 de
2262 1060 2604 1196 vos
2666 1066 3148 1260 yeux
3218 1076 3448 1210 ne
3538 1003 3811 1205 fe¬

1028 1338 1481 1476 ront
1531 1354 1825 1549 pas
1876 1279 2217 1485 fan
2244 1288 2681 1490 elles
2736 1363 3509 1498 comme
3580 1295 3793 1497 ils

1037 1567 1933 1812 eftoient,
2037 1589 2242 1774 ÔC
2341 1572 2471 1772 il
2517 1606 2790 1848 n’y
2873 1659 3302 1789 aura
3393 1590 3790 1797 rien

1030 1851 1315 2057 fur
1418 1935 1895 2065 vous
1957 1874 2284 2141 qui
2334 1939 2563 2069 ne
2630 1866 3087 2073 iette
3146 1883 3395 2078 du
3470 1882 3791 2085 feu

1035 2163 1249 2345 &
1371 2150 1812 2353 delà
1883 2151 2712 2365 lumière.
2763 2176 2948 2369 le
3019 2238 3500 2375 vous
3555 2248 3792 2380 en

1029 2439 1610 2643 dirois
1748 2446 2802 2731 dauanrage
2892 2569 2937 2697 ;
3076 2466 3521 2664 mais
3628 2472 3794 2664 le

1018 2736 1835 2935 courrier
1885 2742 2215 3016 qui
2258 2740 2627 2941 s’en
2682 2815 2907 2948 va
2986 2826 3215 2956 ne
3257 2836 3559 2967 me
3621 2760 3791 2965 le

1031 3087 1484 3227 veut
1542 3105 1856 3309 pas
1906 3106 2900 3300 permettre
2959 3125 2996 3246 :
3043 3066 3276 3248 Et
3315 3049 3791 3251 d’ail¬

1016 3307 1497 3519 leurs
1596 3312 2469 3594 fçachant
2584 3327 3017 3530 bien
3155 3405 3525 3617 que
3648 3336 3786 3541 fi

1017 3675 1514 3808 vous
1565 3688 1654 3809 e
1681 3611 2282 3815 (limes
2332 3619 3170 3897 quelque
3217 3628 3782 3837 chofe

1026 3883 1484 4099 dans
1538 3978 1928 4104 mes
1990 3904 2671 4151 lettres,
2722 3991 2931 4116 ce
2982 3925 3416 4118 n’eft
3466 3994 3787 4195 pas

1012 4175 1185 4388 le
1255 4190 1846 4470 grand
1920 4212 2721 4404 nombre
2808 4204 3105 4407 des
3175 4208 3788 4485 patoi¬

1025 4471 1378 4698 les;
1457 4481 2058 4749 iedoy
2141 4561 3466 4706 mécontenter
3533 4499 3770 4701 de

1018 4755 1447 4971 finir
1518 4778 1963 4981 celle
2058 4857 2291 5039 ey
2378 4854 2899 5062 apres
3006 4865 3487 4991 vous
3586 4876 3774 4992 a-

1023 5058 1448 5263 uoir
1603 5068 2325 5349 fuppiié
2499 5069 2728 5279 de
2867 5095 3768 5361 m’aymer
