4267 6884
1069 308 1290 441 en
1333 278 1894 426 tontes
1949 214 2594 437 chofes,
2641 252 2810 409 &
2857 234 3154 484 qui
3185 225 3894 432 n’exem¬

1071 558 1571 773 ptent
1615 561 1899 754 pas
1955 470 2559 672 mefme
2594 492 3275 675 Horace
3326 511 3911 685 &Vir-

1076 764 1408 1029 gile
1484 758 1704 947 de
1776 749 2200 937 leurs
2272 744 3173 971 Cenfures,
3276 761 3424 937 ie
3496 763 3908 944 t’ad-

1077 1035 1566 1213 uertis
1629 1030 1678 1222 (
1749 1021 2462 1197 Letteur
2513 1049 2562 1246 )
2613 1005 2818 1193 de
2865 1075 3074 1199 ne
3137 1074 3202 1194 t
3249 1015 3914 1203 arrefter

1071 1356 1359 1549 pas
1406 1275 1495 1463 à
1538 1278 1887 1462 leur
1922 1282 2751 1528 opinion,
2822 1252 2943 1452 fi
2990 1331 3167 1455 tu
3222 1337 3899 1471 neveux

1068 1555 1616 1805 qu’on
1676 1523 2364 1718 t'accule
2439 1529 2644 1710 de
2727 1520 3565 1745 foibleffe,
3700 1571 3880 1724 &

1065 1812 1274 1993 de
1313 1871 1526 1984 ne
1565 1787 2450 2053 reprendre
2501 1853 2778 2050 pas
2829 1860 3226 1976 auec
3265 1865 3578 1985 eux
3609 1812 3874 1980 in¬

1070 2078 1967 2253 continent
2047 2184 2099 2268 ,
2218 2118 2407 2255 çe
2502 2113 2835 2310 que
2926 2103 3115 2235 tu
3202 2106 3887 2236 trouue-

1064 2396 1308 2509 ras
1348 2394 1548 2507 au
1603 2308 2128 2506 delTus
2175 2315 2380 2495 de
2435 2310 2576 2490 la
2620 2303 3212 2561 portée
3283 2305 3492 2494 de
3560 2368 3880 2496 ton

1065 2584 1606 2844 esprit.
1681 2556 3886 2787 Ceftileeftfibeau,fîfort,

1070 2876 1239 3033 &
1322 2839 1455 3028 fi
1526 2901 1903 3053 net,
1982 2823 2379 3092 qu’il
2426 2822 3359 3125 furpalTeau
3410 2841 3879 3088 juge¬

1064 3155 1532 3292 ment
1631 3101 1908 3286 des
1984 3107 2528 3276 mieux
2643 3083 3176 3279 fenfez
3244 3226 3296 3298 ,
3387 3085 3872 3273 l’cio-

1057 3435 1734 3625 quence
1777 3361 1985 3545 de
2025 3420 2405 3540 tous
2441 3350 2657 3530 les
2705 3340 3326 3570 ficelés,
3497 3339 3870 3541 &fi

1042 3689 1235 3813 tu
1298 3622 2107 3815 t’efforces
2142 3611 2411 3863 d'y
2454 3603 3235 3798 chercher
3274 3609 3547 3794 des
3590 3608 3871 3792 de¬

1047 3880 1544 4099 fauts,
1584 3946 1764 4070 tu
1812 3945 2024 4061 ne
2071 3867 2468 4060 feras
2519 3933 2796 4126 pas
2848 3886 3384 4132 quitte
3424 3937 3868 4129 pour

1053 4152 1445 4328 eftrë
1505 4128 2061 4331 eftimé
2116 4130 2802 4352 délicat,
2869 4195 3109 4320 on
3144 4130 3489 4318 dira
3537 4199 3869 4392 que

1050 4465 1231 4593 tu
1318 4479 1475 4588 es
1542 4390 2403 4665 defgouté.
