4267 6735
1093 363 1377 495 De
1581 328 2501 498 Balzac.
3085 388 3165 528 Z

504 590 1068 838 qu’on
1128 572 1520 763 voit
1584 580 2000 765 bien
2052 645 2408 842 que
2456 638 2660 770 ce
2744 563 3169 768 n’effc

495 922 784 1114 pas
864 851 1020 1043 la
1096 852 1544 1044 feule
1628 856 2252 1053 faueur
2331 918 2660 1122 qui
2780 916 3164 1052 met

491 1130 719 1318 de
767 1130 915 1323 la
959 1123 1939 1333 différence
1987 1202 2491 1329 entre
2543 1138 2771 1327 les
2823 1139 3167 1324 ho¬

490 1486 934 1607 mes,
990 1431 1171 1607 le
1222 1487 1451 1608 ne
1538 1420 2111 1613 doute
2162 1418 2691 1686 point
2774 1475 3155 1683 que

478 1694 646 1890 le
694 1698 1070 1891 bon
1190 1716 1682 1893 droit
1762 1717 1962 1893 &
2018 1701 2178 1890 la
2258 1702 3150 1978 puiffance

473 1970 649 2170 fe
765 2041 1953 2173 rencontrant
2081 1997 2329 2174 du
2477 1983 3145 2180 mefme

481 2247 1017 2491 cofté,
1073 2259 2289 2456 l’euenement
2333 2262 2633 2451 des
2684 2271 3145 2460 cho¬

468 2550 712 2730 ies
804 2611 1020 2735 ne
1104 2543 1428 2736 Toit
1508 2545 2040 2797 celuy
2168 2618 2524 2810 que
2656 2611 3124 2740 nous

471 2814 1780 3060 defironsjmais
1839 2890 2360 3089 quoy
2411 2827 2832 3090 qu’il
2879 2899 3135 3020 ar-

443 3118 1827 3335 riue,vousauez
1891 3105 3143 3379 defîalagloire

454 3392 1746 3585 d’auoirrendu
1802 3401 1950 3589 la
2006 3405 3122 3655 vi&oireay-

449 3666 1006 3903 fcc,&t
1073 3671 1398 3864 fait
1437 3689 1830 3877 voir
1877 3749 2230 3937 que
2277 3678 2510 3870 les
2565 3735 3126 3875 enne¬

449 3970 793 4146 mis
853 3955 1077 4143 de
1157 3948 1733 4153 l’Eftat
1817 3953 2333 4153 n’ont
2377 4034 2665 4214 pas
2741 3963 3109 4156 elle

440 4242 1156 4499 iniques
1256 4256 1552 4488 icy
1604 4236 1713 4429 fi
1788 4239 3100 4441 confîderables

439 4590 744 4778 par
792 4519 1976 4785 leurspropres
2036 4521 2684 4771 forces,
2727 4591 3100 4791 que

435 4874 735 5058 par
859 4799 1735 5063 l’opinion
1859 4881 2215 5077 que
2295 4879 2763 5003 nous
2859 4871 3083 5012 en

422 5090 1947 5293 auionsconceue
2066 5090 3087 5292 Maintenac

426 5363 1730 5640 Monfeigneur
1822 5533 1870 5617 ,
1950 5377 2062 5569 il
2150 5382 2390 5574 eft
2470 5442 3078 5647 temps

2245 5670 2401 5862 A
2549 5658 2653 5923 ij
