4267 6742
1072 321 1363 452 de
1483 276 2462 439 Balzac.

2972 283 3141 451 15
450 550 1013 821 point
1080 517 1312 716 de
1349 536 1796 789 luge
1834 579 2052 708 en
2142 573 2356 699 ce
2421 483 3132 691 monde

468 901 830 1104 que
956 806 1558 1022 voftre
1720 778 2774 1062 réputation

474 1108 1088 1312 voftre
1158 1081 2293 1299 conscience»
2352 1077 2544 1261 &
2644 1053 2868 1244 de
2917 1062 3151 1243 ti¬

472 1459 750 1588 ret
780 1447 1274 1652 après
1320 1435 1790 1567 vous
1839 1431 2078 1560 vn
2131 1334 2690 1626 grand
2735 1400 3161 1605 peu¬

486 1668 784 1948 ple
872 1674 1344 1864 dont
1420 1656 1664 1849 les
1726 1713 2060 1854 vns
2161 1615 3152 1829 trauaiilent

496 2027 850 2152 aux
924 1937 1554 2215 plaifirs
1630 1926 1850 2129 de
1927 1989 2266 2122 vos
2346 1911 2842 2136 fens,
2942 1918 3153 2094 &c

504 2239 748 2438 les
814 2287 1388 2429 autres
1464 2210 1564 2408 à
1640 2215 1804 2407 la
1881 2189 2856 2403 conduire
2931 2183 3167 2377 de

519 2584 862 2720 vos
935 2497 1718 2707 affaires-,
1807 2479 2181 2685 cela
2263 2537 2737 2679 vous
2813 2465 3177 2656 fera

521 2786 2383 3000 toufiourscommun
2425 2783 2867 2956 aüec
2907 2751 3198 2947 be¬

531 3144 1263 3339 aucoup
1382 3067 1610 3267 de
1715 3120 2153 3335 gens
2243 3112 2605 3316 que
2715 3098 3193 3231 vous

541 3347 1572 3631 mefprifez;
1657 3345 2103 3540 mais
2167 3323 2399 3525 de
2459 3325 2895 3522 faire
2975 3318 3203 3508 de

550 3649 1273 3840 bonnes
1315 3632 2050 3845 a&ions,
2083 3602 2701 3871 quand
2743 3670 3209 3805 vous

551 3925 1075 4125 feriez
1113 3902 1767 4119 affeuré
1813 3894 2527 4177 qu’elles
2569 3956 2803 4082 ne
2832 3892 3214 4087 vié-

561 4209 1297 4408 droient
1341 4184 2105 4397 iamais'a
2149 4160 3208 4374 laconnoif-

567 4502 1075 4694 lance
1115 4485 1363 4681 du
1413 4468 2064 4705 mode,
2107 4460 2327 4659 de
2364 4529 2595 4657 ne
2640 4460 3222 4649 crain¬

573 4777 889 4978 dre
955 4772 1313 4971 rien
1359 4835 1729 5034 que
1801 4756 2053 4952 les
2126 4735 2749 4946 chofès
2837 4729 3236 4929 des-

587 5055 1660 5289 honneftes;
1735 5040 1963 5236 de
2000 5033 2583 5233 croire
2656 5092 3007 5299 que
3071 5014 3239 5221 la

591 5408 1097 5551 mort
1207 5334 1633 5538 n’eft
1778 5401 2034 5595 ny
2161 5319 2809 5515 bonne
2990 5370 3238 5578 ny
