4267 6791
904 300 1178 422 de
1379 241 2350 412 Balzac.
2804 272 3023 418 iy

356 512 788 720 dVn
866 564 1370 758 coup
1454 560 1656 688 ce
1748 477 2268 680 feroit
2386 523 3036 662 autant

368 862 731 1062 que
776 788 1474 981 mourir
1514 775 1762 962 de
1804 820 2290 959 mort
2338 752 3035 973 fubite,

368 1047 581 1282 éc
658 1066 1105 1336 qu’il
1210 1127 1449 1248 ne
1520 1051 1909 1249 faut
2022 1111 2324 1306 pas
2414 1041 3040 1225 moins

379 1364 607 1558 de
699 1349 1199 1545 force
1244 1410 1492 1596 ny
1579 1333 1811 1528 de
1896 1392 2483 1580 temps
2576 1371 3062 1578 pour

385 1644 557 1842 fe
635 1623 1465 1835 refoudre
1511 1699 1609 1813 a
1693 1607 2521 1813 laiflerles
2614 1600 3088 1789 cho-

400 1901 1756 2187 fesplaifantes,
1825 1969 2187 2130 que
2229 1955 2695 2146 pour
2743 1868 3103 2078 fur.

423 2265 1162 2421 monter
1217 2195 1462 2394 les
1550 2175 2389 2384 difficiles
2465 2328 2506 2396 ,
2617 2164 2773 2355 ie
2847 2230 3117 2356 re-

434 2484 1318 2773 prendray
1429 2470 1684 2671 s’il
1773 2533 2252 2664 vous
2373 2448 2871 2714 plaift
2959 2445 3128 2640 le

436 2832 1854 3026 commerceque
1898 2756 2062 2943 le
2102 2750 2594 2940 bruit
2639 2803 3141 2929 com¬

454 3138 917 3269 mun
1002 3052 1760 3257 m’auoit
1828 3023 2825 3250 faitcefler,

460 3428 699 3557 ne
812 3345 1500 3604 croiray
1628 3397 1931 3599 pas
2076 3385 2446 3509 vne
2584 3375 3161 3502 autre¬

473 3642 841 3839 fois
883 3699 1257 3900 que
1310 3688 1765 3817 vous
1818 3592 2577 3891 puiffiez
2628 3588 3168 3781 sortir

495 3929 728 4128 de
800 3925 1271 4125 Paris
1325 3902 1715 4174 plus
1785 3897 2727 4125 ay/ement
2824 3937 3187 4137 que

482 4210 1531 4464 l’Arçenac,
1889 4177 2061 4372 le
2153 4144 2970 4399 Louure,
3065 4141 3201 4336 Ci

514 4571 728 4700 ce
774 4485 1760 4694 neftoitvn
1799 4465 2140 4661 lieu
2193 4514 2624 4651 tout
2713 4448 3203 4711 plein

510 4745 2614 4980 d’enchantemens&de
2659 4713 3225 4929 chaif-

542 5078 917 5296 nes,
973 5075 1189 5262 &C
1282 5048 1748 5319 quia
1822 5110 2188 5243 vne
2254 5024 2660 5228 telle
2732 5017 3252 5211 force

551 5361 671 5555 d
724 5360 1331 5555 attirer
1359 5357 1563 5545 &
1614 5325 1843 5533 de
1888 5321 2566 5525 retenir
2606 5305 2850 5512 les
2902 5301 3254 5504 hô-
