4267 6841
1218 168 1418 328 3&
1551 115 2614 308 Lettres
2735 192 3034 328 dv
3126 213 3773 364 sievr

1203 361 1740 608 faire,
1799 382 2010 577 Ôc
2057 379 2709 656 quand
2767 405 2946 597 ie
2995 479 3294 615 me
3339 488 3936 705 regar¬

1203 649 1439 852 de
1503 724 1947 866 tout
2023 664 2536 914 feul,
2631 681 3362 901 iaurois
3400 725 3924 990 quel¬

1193 1013 1586 1217 que
1651 942 2019 1149 fois
2091 971 3450 1193 enuiedevous
3522 1070 3936 1214 ren*

1183 1233 2642 1519 drefufpe&sles
2727 1268 3510 1555 biésque
3582 1304 3910 1580 iay

1161 1523 3904 1837 peurdenepouuoirpasrece-

1167 1813 1594 2008 uoir
1655 1886 2502 2107 auecque
2558 1915 3038 2051 vous
3113 1943 3173 2104 ;
3269 1867 3901 2152 Quoy

1157 2165 1550 2372 que
1623 2101 1786 2314 ic
1847 2100 2138 2316 die
2213 2180 3264 2397 pourtant,
3338 2161 3514 2362 ie
3650 2230 3893 2372 ne

1147 2374 1938 2661 m’ayme
2021 2473 2334 2668 pas
2435 2412 2678 2615 de
2779 2425 3198 2637 telle
3282 2436 3875 2700 forte,

1133 2688 1726 2944 queie
1803 2689 2478 2909 veuille
2516 2716 3334 2982 preferer
3398 2803 3877 2948 mon

1115 3028 2562 3196 contentement
2594 3077 2966 3207 aux
3014 3004 3558 3221 délits
3630 3022 3873 3228 de

1111 3300 1559 3456 tout
1627 3258 1794 3458 le
1879 3278 2715 3548 monde,
2786 3302 3010 3503 &:
3082 3374 3454 3513 aux
3534 3387 3856 3514 ne-

1099 3530 1826 3755 ceflitez
1879 3553 2937 3851 deTEglife;
3014 3583 3463 3797 lleft
3538 3607 3852 3813 be-

1083 3815 1498 4026 foin
1549 3900 2046 4107 pour
2079 3856 3844 4094 vneinfinitèdeco-

1087 4101 3833 4444 fîderationsimportantesque

1063 4463 1558 4610 vous
1627 4410 2186 4683 foyez
2218 4510 2462 4642 au
2540 4467 3342 4723 premier
3418 4468 3828 4673 C6-

1063 4674 1720 4945 claue,
1839 4716 2063 4914 LL
2184 4794 2558 5001 que
2678 4812 3173 4951 vous
3314 4821 3805 4963 vous

1067 5000 1938 5199 trouuiez
1987 4993 2084 5203 à
2130 5082 2626 5226 cette
2660 5095 3407 5307 guerre,
3456 5049 3795 5313 qui

1047 5327 1287 5461 ne
1323 5262 2002 5493 laissera
2064 5296 3018 5578 pasd’eftre
3072 5340 3785 5611 grande

3260 5684 3758 5884 pour
