4267 6812
961 386 1242 521 de
1370 322 2337 504 Balzac.
2828 330 3035 485 z?

333 680 826 844 vous
857 558 1885 798 marcherés
1909 557 2197 758 fur
2237 528 3056 808 despier¬

346 988 615 1128 res
690 888 1010 1173 qui
1053 931 1398 1078 ont
1477 850 1818 1064 efté
1870 857 2125 1047 les
2170 840 2793 1038 Dieux
2841 813 3081 1033 de

367 1181 1179 1403 Celarôt
1250 1153 1486 1357 de
1554 1122 2385 1408 Pompée
2468 1191 2525 1314 ;
2600 1164 3081 1308 vous

370 1460 1626 1687 conlîdererez
1746 1426 1998 1629 les
2125 1410 2717 1613 ruines
2865 1380 3105 1583 de

386 1834 695 1975 ces
738 1743 1415 2040 grands
1446 1795 1707 1930 ou
1729 1771 2366 1984 urages
2402 1696 2894 1885 dont
2933 1672 3110 1870 la

394 2019 1531 2271 vieilldfeeft
1562 2061 2263 2213 encore.
2274 1968 2860 2220 belle,
2898 1975 3122 2156 LL

407 2406 900 2555 vous
963 2340 2343 2603 pourmenerez
2385 2320 2818 2462 tous
2898 2250 3154 2444 les

404 2632 924 2855 jours
1003 2660 1650 2881 parmy
1731 2576 1991 2774 les
2047 2553 2878 2765 hiftoires
2935 2546 3154 2735 LL

437 2931 701 3134 les
776 2891 1449 3111 fables;
1516 2859 1999 3080 Mais
2074 2915 2295 3048 ce
2330 2833 2775 3041 font
2850 2822 3174 3023 des

448 3190 1628 3422 amufemens
1704 3145 2136 3360 d’vn
2198 3122 2779 3395 efprit
2838 3109 3179 3388 qui

462 3508 646 3710 fe
716 3517 1625 3695 contente
1668 3445 1912 3646 de
1951 3491 2426 3710 peu,
2476 3423 2687 3611 8c
2766 3457 3191 3599 non

477 3851 806 4073 pas
949 3766 1217 3969 les
1356 3710 2600 4006 occupations
2755 3690 3211 3888 d’vn

494 4079 1298 4284 homme
1336 4039 1669 4316 qui
1708 3992 2292 4297 prend
2339 3973 2932 4266 plaifir
2979 3961 3219 4160 de

513 4346 1270 4625 nauiger
1297 4330 1753 4530 dans
1785 4305 2574 4567 forage,
2629 4289 2836 4474 LL
2895 4244 3244 4530 qui

525 4641 963 4852 neft
1089 4690 1414 4904 pas
1529 4655 2041 4817 venu
2148 4644 2389 4778 au
2524 4533 3244 4766 monde

538 4983 1026 5211 pour
1082 4914 1266 5116 le
1366 4887 1954 5104 lailfer
2016 4939 2241 5076 en
2352 4814 3249 5120 oyfiucté.

563 5196 1287 5470 Quand
1401 5246 1890 5407 vous
1969 5216 2510 5371 aurez
2612 5200 2985 5347 veu
3092 5116 3269 5319 le

564 5508 1370 5786 Tybre,
1422 5549 1655 5690 au
1711 5445 2210 5674 bord
2246 5413 2950 5715 duquel
3013 5412 3269 5614 les
