4267 6791
1068 242 1285 460 34
1411 241 2436 410 Lettres
2556 274 2864 414 dv
3004 280 3660 407 sievr

1073 499 1358 692 fur
1393 486 1550 685 la
1645 494 2086 690 celle
2133 477 2430 685 des
2501 494 3110 742 Roys,
3193 507 3398 679 6c
3493 487 3822 757 qui

1079 782 2220 980 commande
2327 780 2424 964 à
2547 831 3144 966 toutes
3294 766 3540 963 les
3647 840 3827 961 a-

1093 1134 1477 1264 raes
1653 1051 2917 1260 raisonnables.
3116 1075 3841 1252 Encore

1106 1418 1483 1624 que
1566 1419 1863 1545 ma
1950 1328 2439 1539 fanté
2506 1343 2851 1539 foie
2926 1332 3043 1529 fi
3158 1405 3515 1607 peu
3594 1323 3843 1529 ad

1100 1629 1701 1876 furée,
1784 1697 2149 1896 que
2196 1637 2361 1821 ie
2436 1694 2665 1827 ne
2748 1625 3201 1822 m’en
3276 1616 3845 1891 puifle

1110 1975 2142 2188 promettre
2198 1907 2642 2109 trois
2689 1906 3170 2109 iours
3229 1906 3454 2102 de
3529 1901 3862 2101 fui¬

1111 2275 1384 2438 te,
1435 2217 1600 2402 ie
1655 2215 2056 2463 u'ay
2107 2187 3424 2466 pastoucesfois
3471 2260 3860 2462 per¬

1125 2491 1382 2691 du
1453 2489 2522 2760 l’efperance
2605 2486 2846 2679 de
2929 2546 3402 2681 vous
3457 2480 3870 2670 voir

1123 2851 1387 2971 vn
1462 2785 1879 2973 jour
1959 2841 2179 2966 en
2223 2840 2427 2969 ce
2507 2838 2867 3043 pais
2910 2765 3075 2957 la
3142 2763 3867 2960 donner

1136 3063 1445 3263 des
1508 3060 1873 3253 loix
1920 3129 2269 3255 aux
2316 3045 3065 3330 peuples
3124 3047 3377 3247 du
3456 3112 3873 3242 mo¬

1134 3343 1367 3551 de
1411 3501 1463 3582 ,
1530 3364 1723 3545 &
1798 3335 2215 3546 faire
2286 3340 2503 3540 de
2554 3324 3223 3615 grands
3278 3396 3887 3529 exem¬

1128 3634 1521 3911 ples
1659 3632 1897 3824 de
2008 3696 2349 3830 vos
2448 3631 2856 3900 plus
2992 3618 3628 3896 petites
3700 3688 3896 3804 a-r

1141 3918 1794 4119 étions.
1961 3922 2426 4109 Peut
2517 3914 2954 4106 dire
3109 3891 3894 4102 Monfed

1151 4268 1840 4483 gneur,
1883 4269 2256 4467 que
2311 4203 2796 4399 Dieu
2847 4180 3892 4389 mcconlèr-

1149 4557 1566 4691 uera
1645 4550 2122 4752 pour
2188 4481 2954 4678 l'amour
3024 4472 3254 4667 de
3289 4528 3898 4703 vous,

1163 4766 1535 4967 afin
1663 4839 2035 5036 que
2099 4761 2475 4961 rien
2603 4833 2835 4958 ne
2899 4816 3719 5022 manque
3798 4739 3899 4936 à

1164 5057 1777 5254 voftre
1812 5050 2509 5323 gloire,
2588 5058 2797 5243 &c
2868 5043 3305 5317 qu'il
3380 5105 3497 5286 y
3584 5091 3897 5288 aye

1166 5406 1427 5551 va
1542 5348 2327 5549 homme
2434 5406 2675 5539 au
2766 5318 3463 5534 monde
3598 5307 3918 5589 qui
