4267 6742
1097 254 1369 381 de
1560 200 2480 364 Balzac.
3033 217 3125 352 9

496 453 1083 726 &i’ay
1149 500 2088 714 reçeuvne
2151 393 2876 614 infinité
2910 400 3156 591 de

496 745 1217 949 faueurs
1288 733 1517 924 de
1592 705 2921 973 Monfeigneur
2978 672 3161 879 le

512 1009 1394 1231 Cardinal
1482 1003 2077 1210 voftre
2156 981 2485 1178 Fils
2558 1073 2606 1186 ;
2725 963 3169 1161 mais

515 1372 1048 1587 quoy
1127 1284 1566 1577 qu’il
1646 1359 1874 1482 en
1944 1277 2395 1509 loit,
2468 1255 2633 1453 ie
2702 1312 3181 1454 vous

513 1580 1215 1861 fupplie
1289 1581 1527 1785 de
1611 1571 2194 1771 croire
2262 1608 2634 1819 que
2718 1596 3190 1734 mon

528 1871 1419 2083 affeétion
1487 1851 1735 2051 eil
1799 1897 2342 2041 toute
2379 1886 2924 2092 pure,

544 2231 924 2439 que
1072 2210 1459 2347 mes
1666 2112 2467 2329 interefts
2635 2173 2867 2300 ne
3037 2085 3215 2290 fe

549 2442 1312 2651 méfient
1348 2410 1884 2699 point
1924 2469 2372 2610 aucc
2432 2387 2759 2595 elle
2800 2463 2843 2576 :
2902 2391 3233 2634 i'ay

547 2725 729 2931 le
801 2746 2196 2927 contentement
2234 2681 2472 2881 de
2536 2733 3243 2880 vousa-

557 3005 973 3219 uoir
1019 3001 1550 3245 feruy
1605 3057 1833 3184 en
1909 3040 2273 3186 vne
2329 2940 3260 3162 mauuaife

572 3288 1247 3536 faifon,
1360 3291 1577 3479 &C
1648 3261 2349 3470 d’auoir
2477 3223 2836 3438 efté
2958 3216 3220 3423 du

570 3581 994 3863 plus
1032 3526 2337 3831 foibIeparty,à
2369 3506 2881 3734 caufè
2917 3574 3293 3785 que

593 3876 778 4062 ie
815 3844 1546 4118 croyois
1590 3832 2018 4112 qu'il
2066 3821 2602 4026 eftoit
2640 3808 2821 4001 le
2882 3793 3269 4066 plus

609 4138 1627 4350 honnefte:
1681 4115 2382 4376 Depuis
2419 4166 2634 4296 ce
2670 4138 3282 4340 temps

613 4428 791 4632 la
830 4442 996 4635 ie
1064 4497 1187 4620 n
1236 4481 1453 4684 ay
1508 4482 1819 4687 pas
1859 4379 2471 4662 chagé
2517 4377 2643 4577 d
2683 4364 3295 4595 aduis,

634 4727 840 4921 &
894 4712 1144 4913 les
1192 4699 1860 4899 raildns
1904 4674 2215 4955 qui
2260 4677 2855 4873 m'ont
2895 4707 3318 4926 por¬

632 4996 816 5213 té
853 5072 952 5191 a
990 4992 1428 5193 faire
1473 5050 1680 5185 ce
1724 5038 2084 5253 que
2114 4950 2438 5215 i’ay
2482 4935 3339 5192 faic,eftat

653 5341 1317 5502 encore
1379 5262 1633 5481 les
1741 5248 2576 5472 mefmes.
2703 5241 2900 5440 le
2978 5220 3332 5421 fuis
