4267 6870
888 231 1160 358 de
1290 176 2272 337 Balzac.
2764 160 2989 325 47

232 455 1112 661 ennemis.
1232 418 1379 612 Il
1487 416 1735 601 eît
1846 377 2515 591 certain
2629 427 3014 635 que

245 729 1319 956 l’authoricé
1487 701 1807 889 des
1879 691 2402 940 Roys
2573 647 3022 849 n’elt

247 1036 788 1320 point
831 1005 951 1204 fi
1028 984 2502 1227 louueraineque
2585 935 3029 1137 celle

267 1389 648 1600 que
719 1358 1191 1513 vous
1282 1323 2050 1478 exercez
2135 1269 2426 1440 lut
2506 1234 2562 1424 l
2617 1283 3041 1424 ame

276 1615 504 1814 de
546 1654 1019 1805 ceux
1098 1565 1422 1846 qui
1473 1620 1946 1755 vous
1985 1530 3049 1738 efeoutent;

304 1908 859 2087 Vous
978 1929 1422 2067 auez
1561 1914 1810 2044 vn
1949 1826 2493 2092 esprit
2640 1853 3089 1995 tout

306 2174 1094 2463 puissant
1193 2305 1252 2391 ,
1397 2138 1717 2410 qui
1801 2119 2065 2318 elt
2136 2089 3093 2308 toufiours

334 2517 1054 2718 occupe
1125 2500 1470 2633 aux
1521 2406 2309 2694 grandes
2380 2376 3114 2595 choies,

339 2766 558 2962 &
641 2745 970 3018 qui
1050 2727 1222 2922 le
1298 2709 1945 2919 delalie
2033 2688 2485 2889 dans
2553 2666 2792 2869 les
2868 2642 3130 2855 af¬

354 3041 850 3246 faires
929 3049 2049 3226 communes
2140 3055 2185 3173 :
2285 2976 2844 3167 Vous
2963 3011 3155 3139 e-

374 3340 718 3537 ftes
862 3293 1565 3509 deltir.é
1636 3342 2120 3546 pour
2199 3235 2944 3510 remplir
2992 3224 3168 3427 la

389 3594 1169 3893 placede
1256 3661 1465 3789 ce
1529 3547 2412 3778 Cardinal
2487 3530 2812 3807 qui
2848 3519 3180 3724 fait

401 3871 1639 4127 auiourd’huy
1740 3923 2116 4048 vne
2180 3840 2500 4032 des
2652 3806 3215 4012 belles

420 4201 1085 4476 pairies
1165 4181 1417 4366 du
1525 4138 2070 4370 Ciel,
2479 4107 2799 4384 qui
2927 4110 3219 4294 n'a

420 4475 976 4760 point
1088 4529 1304 4657 eu
1432 4496 2104 4639 encore
2208 4415 2431 4607 de
2532 4371 3230 4602 luccef.

441 4785 844 4972 leur
964 4809 1484 5014 quev
1595 4719 2039 4997 qu’d
2159 4765 2467 4925 ayt
2594 4758 2831 4884 eu
2915 4686 3239 4874 des

453 5057 1280 5263 heritiers
1321 5040 1532 5228 &
1616 5032 1928 5212 des
1984 5002 2571 5197 Reres.
2656 4995 2903 5181 Et
2966 5040 3265 5173 ce¬

469 5352 653 5552 la
695 5344 1378 5577 eilant,
1455 5314 1780 5595 qui
1852 5314 2447 5502 douce
2498 5262 2943 5552 qu'il
3030 5317 3275 5462 ne
