4267 6735
1054 366 1326 478 de
1534 310 2486 478 Balzac.
3038 382 3126 526 j

470 554 1566 758 Toutcsfois
1642 558 2266 822 quand
2302 554 3118 754 ieconfi-

470 838 1158 1034 dereles
1230 838 2070 1034 aétiosde
2150 842 2758 1042 voftre
2830 854 3118 1038 vie

470 1138 794 1390 qui
838 1118 1246 1314 font
1318 1118 1914 1366 telles,
1990 1194 2342 1382 que
2386 1194 2858 1314 nous
2934 1206 3114 1318 a-

470 1474 938 1598 uons
994 1402 1218 1594 de
1286 1398 1442 1590 la
1490 1418 2010 1670 peine
2082 1390 2182 1594 à
2230 1402 2458 1598 les
2526 1414 3118 1606 croire

462 1758 954 1954 apres
1038 1686 1274 1886 les
1342 1698 1870 1874 auoir
1946 1754 2554 1918 veues,
2610 1698 2814 1882 8c
2898 1762 3122 1886 en

466 1966 714 2166 tel
758 1974 1854 2230 nombre,qu
1910 1966 2030 2158 il
2066 1970 3134 2170 lèmbleaux

466 2258 1430 2526 eftrangers
1514 2314 1866 2522 que
1946 2322 2430 2450 vous
2510 2262 3130 2450 viuiez

466 2526 758 2726 dés
890 2530 1050 2730 le
1218 2598 2862 2730 commencement
2918 2538 3142 2734 de

470 2822 2506 3066 noftreMonarchie,ie
2582 2830 3142 3086 pénis

462 3106 1282 3366 pouuoir
1398 3102 1770 3298 dire
1858 3170 2310 3298 auec
2414 3090 2978 3302 vérité
3086 3258 3146 3354 ,

470 3454 846 3650 que
902 3378 1170 3574 s’il
1234 3446 1342 3650 y
1426 3462 1522 3582 a
1594 3454 2266 3586 encore
2346 3382 3150 3658 quelque

478 3666 1026 3862 chofe
1094 3666 1318 3858 de
1390 3662 1974 3938 grand
2050 3662 2138 3858 à
2206 3662 2638 3862 faire
2702 3666 3150 3870 dans

470 3942 626 4142 le
678 3946 1474 4190 monde,
1510 3950 1614 4138 il
1662 4018 1890 4142 ne
1950 3942 2346 4142 faut
2414 4022 2694 4210 pas
2778 4026 3158 4218 que

470 4302 678 4422 ce
730 4234 1062 4430 foit
1106 4306 1350 4430 vn
1390 4298 1890 4430 autre
1934 4302 2294 4494 que
2334 4246 3162 4502 vousqui

462 4514 1690 4774 l’entreprene.
1930 4522 2462 4710 Vous
2710 4586 3158 4722 auez

470 4794 1186 5070 possédé
1318 4794 1562 4994 les
1674 4806 2398 4998 bonnes
2534 4874 3142 5074 grâces

478 5074 778 5274 des
870 5102 1386 5354 Roys
1466 5154 2218 5282 comme
2294 5078 2586 5282 des
2666 5086 3166 5302 biens

482 5374 814 5642 qui
894 5374 1066 5570 le
1138 5430 1954 5646 peuuent
2078 5366 2866 5642 perdre,
2934 5390 3150 5574 5c

2098 5666 2274 5846 A
2442 5654 2618 5918 iij
