4267 6877
1219 160 1484 373 44
1581 166 2631 393 Lettres
2732 283 3018 419 dv
3163 307 3845 466 sievr

1214 477 1607 667 me,
1674 420 1852 629 ie
1929 434 2280 649 fuis
2340 504 3287 707 contraint
3339 515 3570 723 de
3651 540 4005 746 dif¬

1202 689 1684 916 férer
1717 790 2196 941 mon
2236 820 3724 1084 contentement,
3770 844 3986 1043 ÜL

1197 973 2191 1278 d’enuoyer
2288 1047 3185 1286 chercher
3282 1092 3525 1309 de
3621 1187 3980 1326 vos

1177 1306 2166 1516 nouvelles
2239 1397 2478 1534 en
2559 1369 3541 1595 attendant
3597 1475 3972 1681 que

1156 1564 1515 1772 i’en
1583 1585 1974 1802 aille
2059 1649 3151 1904 apprendre.
3245 1676 3668 1894 Afin
3740 1771 3963 1903 ce

1131 1858 1974 2131 pendant
2015 1893 2257 2102 de
2302 1986 2617 2119 me
2709 1925 3951 2249 foulagerl’ef

1123 2152 1601 2414 prit,
1675 2174 2141 2392 ieles
2198 2225 3427 2519 veuxefperer
3488 2267 3931 2482 aulfi

1119 2427 1853 2660 bonnes
1917 2545 2296 2748 que
2369 2502 2544 2700 ie
2624 2505 2879 2719 les
2960 2532 3909 2826 fouhaite,

1102 2719 1339 2923 &C
1402 2738 2548 3050 m’imaginer
2607 2873 2998 3083 que
3031 2841 3510 3047 celle
3574 2924 3898 3061 co¬

1082 2994 1616 3285 lique
1685 3032 2467 3276 donton
2555 3089 2898 3309 m'a
2951 3105 3286 3331 fait
3354 3204 3880 3414 peur,

1069 3286 1256 3500 fe
1317 3296 1667 3523 fera
1701 3341 2314 3619 noyée
2395 3361 2842 3590 dans
2878 3393 3137 3611 les
3206 3408 3884 3638 fontai¬

1061 3650 1400 3796 nes
1433 3595 1667 3812 de
1732 3636 2644 3929 Longues.
2742 3690 3204 3903 Cela
3289 3785 3871 3937 certes

1048 3876 1311 4080 eft
1352 3879 1487 4086 fi
1511 3940 2897 4184 generalement
2929 3981 3571 4256 déliré,
3624 4036 3844 4228 Sc

1040 4150 1978 4410 demandé
2042 4295 2145 4420 a
2214 4236 2700 4460 Dieu
2769 4336 3543 4543 partant
3600 4304 3834 4516 de

1024 4449 2004 4744 bouches,
2089 4586 2472 4793 que
2573 4553 2756 4747 ie
2828 4636 3291 4854 croy
3371 4601 3834 4866 qu’il

1011 4801 1254 4946 ne
1295 4749 1988 4992 l’ailfera
2025 4871 2348 5077 pas
2421 4825 3486 5115 imparfaite
3554 4964 3793 5095 en

1003 5097 1222 5233 ce
1286 5053 1840 5320 point
1901 5076 2075 5289 la
2153 5094 2803 5331 félicité
2863 5142 3294 5422 qu’il
3378 5240 3777 5451 pre-

974 5323 2266 5637 pareknoltre,
2320 5456 3016 5714 temps,
3066 5459 3276 5658 &
3329 5472 3781 5741 qu’il
