4267 6827
1067 367 1337 492 de
1466 311 2437 477 Balzac.
2911 336 3129 504 4-

400 657 766 863 que
808 634 1266 780 vous
1308 544 2049 832 puifliez
2095 558 2337 742 nf
2347 596 3165 805 enuoyer

405 877 1003 1075 vollre
1077 859 1903 1097 colique»
2004 858 2206 1032 Le
2296 818 2930 1099 qu’elle
3003 822 3170 1013 le

418 1172 816 1348 vint
941 1130 1643 1341 joindre
1716 1115 1815 1317 à
1892 1121 2055 1317 la
2136 1108 2764 1356 fieure,
2828 1100 2923 1294 à
3004 1098 3175 1293 la

425 1431 1265 1699 fciatique
1737 1423 1840 1605 à
2017 1403 2180 1600 la
2322 1379 3172 1674 grauelle:

443 1707 913 1923 Auifi
998 1715 1425 1905 bien
1570 1697 1797 1893 de
1907 1747 2293 1882 tant
2458 1678 2681 1874 de
2722 1682 3184 1872 dou¬

435 2006 894 2207 leurs
1019 1999 1138 2188 il
1228 2065 1458 2183 ne
1567 1999 1742 2174 le
1847 1973 2626 2238 fçauroit
2755 1957 3202 2162 faite

457 2301 1127 2563 qu’vue
1177 2330 1744 2497 mort,
1788 2254 2183 2456 &il
2313 2252 2735 2448 neft
2813 2239 3215 2510 plus

466 2632 1056 2832 temps
1189 2547 1808 2746 d’eftre
1886 2523 2820 2804 mefnager
2896 2523 3216 2721 des

479 2838 1105 3054 chofes
1207 2845 1517 3106 qui
1685 2820 2097 3024 font
2229 2814 2693 3014 défia
2815 2873 3236 3082 per¬

483 3136 962 3334 dues.
1015 3135 1490 3321 Mais
1530 3116 1690 3312 ie
1760 3181 1978 3306 ne
2032 3172 2502 3302 veux
2555 3169 2857 3367 pas
2915 3165 3241 3292 en¬

489 3485 843 3619 trer
929 3483 1155 3607 en
1285 3477 1495 3605 ce
1639 3397 2426 3591 discours
2499 3382 2974 3580 donc
3067 3381 3250 3574 ie

498 3780 728 3906 ne
842 3683 1671 3968 pourrois
1789 3751 2079 3944 pas
2221 3735 2983 3873 trouuer
3088 3673 3251 3861 la

501 3988 761 4190 fin
852 4147 905 4236 ,
1029 3998 1216 4177 &
1317 3987 1480 4168 ie
1554 3985 1941 4215 n’ay
2038 4030 2400 4232 que
2509 3950 2928 4150 faire
3025 3937 3264 4144 de

511 4342 973 4474 vous
1110 4262 1469 4456 dire
1603 4321 1961 4519 que
2099 4244 2505 4439 c’eft
2646 4232 2813 4432 le
2855 4222 3273 4502 plus

520 4548 1782 4766 mal-heureux
2039 4534 2814 4725 homme
3015 4513 3282 4716 du

529 4836 1215 5040 monde
1341 4838 1667 5096 qui
1809 4888 2271 5008 vous
2420 4811 3295 5005 honnore

541 5124 768 5314 de
858 5189 1280 5396 peur
1382 5165 1748 5391 que
1834 5167 2296 5299 vous
2430 5165 2664 5285 ne
2770 5095 3303 5279 rciet-

543 5431 877 5614 ties
999 5474 1445 5610 mon
1547 5382 2433 5596 affection
2555 5434 3309 5573 comme

2586 5667 2782 5859 D
