4267 6805
983 283 1277 411 de
1395 227 2377 399 Balzac.
2919 265 3117 410 39

358 503 811 698 mais
857 488 983 690 fi
1034 495 2115 684 hautement
2174 529 3128 724 occupée,

369 851 742 1054 que
817 764 1438 1050 quand
1488 763 1598 956 il
1684 744 2778 958 fautchoifir
2853 817 3138 949 ce-

351 1066 674 1329 luy
800 1063 1105 1330 qui
1243 1053 1653 1253 doit
1768 1034 2141 1243 vlêr
2267 1047 2701 1236 bien
2859 1100 3125 1233 ou

370 1351 732 1550 mal
778 1345 1004 1545 de
1054 1410 1675 1548 toutes
1718 1333 1951 1529 les
2030 1324 2827 1528 richdTes
2882 1325 3139 1517 du

381 1634 871 1890 Ciel,
1185 1688 1882 1828 exercer
1929 1684 2282 1818 vne
2329 1599 3146 1884 puissan¬

364 1989 577 2126 ce
672 1940 1001 2187 qui
1080 1925 1325 2124 e(t
1391 1912 1553 2105 la
1636 1901 2017 2166 plus
2124 1896 2825 2166 proche
2923 1893 3161 2086 de

370 2201 1164 2406 l’infinie.
1370 2180 2388 2393 Autresfois
2526 2252 2748 2378 en
2910 2181 3160 2373 de

389 2492 1338 2694 moindres
1397 2463 2338 2677 occafions
2421 2476 2898 2668 Dieu
2989 2469 3166 2661 le

383 2773 1069 2973 feruoit
1156 2830 1633 3027 pour
1716 2762 2273 3025 parler
2336 2824 2697 2950 aux
2811 2750 3173 2942 ho¬

391 3131 836 3298 mes,
894 3058 1320 3256 delà
1390 3048 2056 3249 foudre
2090 3057 2300 3245 6c
2374 3038 2688 3238 des
2767 3105 3179 3234 ora¬

394 3417 699 3622 ges
778 3506 839 3599 ,
909 3352 1023 3545 6
1017 3391 1127 3544 C
1197 3327 2039 3541 declaroit
2125 3333 2287 3525 fa
2390 3311 3199 3527 volonté

392 3699 705 3894 par
896 3632 1665 3832 d'autres
1860 3685 2645 3877 moyens
2820 3681 3193 3887 que

391 3988 848 4122 ceux
983 3918 1300 4189 qui
1450 3911 1868 4107 font
2039 3903 3036 4099 ordinaires
3136 4043 3197 4132 ,

402 4203 847 4398 mais
941 4198 1647 4466 defpuis
1750 4178 2187 4461 qu’il
2266 4267 2367 4384 a
2445 4185 2763 4383 fait
2846 4175 3211 4383 ceC-

400 4485 658 4686 fer
728 4486 982 4683 les
1028 4479 1842 4713 Oracles,
1940 4498 2150 4678 àc
2236 4456 2726 4669 laissé
2805 4476 3206 4742 agir

383 4774 553 4978 le
635 4835 1532 4975 tonnerre
1639 4759 3145 5004 naturellement,

414 5132 627 5262 ce
730 5054 1147 5260 n’eft
1218 5057 1615 5314 plus
1702 5118 2063 5322 que
2142 5118 2455 5317 par
2529 5045 2687 5241 la
2758 5044 3227 5240 voix

408 5349 718 5550 des
752 5342 1830 5559 Cardinaux
1937 5329 2362 5615 qu’il
2436 5326 2762 5530 fait
2869 5394 3190 5525 en-

2232 5609 2839 5879 C iiij
