4267 6805
2273 397 2447 563 O
2533 399 2703 561 D
2797 394 2982 567 E.

1387 620 2028 815 LeSieur
2087 657 2336 884 qui
2367 702 2792 887 prens
2867 704 3172 897 trop
3219 645 3396 818 de
3435 643 3987 840 licence.

1217 876 1874 1135 Regarde
1937 874 2254 1069 bien
2317 969 2466 1066 ce
2544 967 2810 1152 que
2877 966 3046 1083 tu
3088 922 3398 1165 jais
3436 1007 3482 1127 ;

1223 1148 1672 1364 Voicy
1735 1141 1932 1314 les
1966 1134 2516 1384 fruits
2555 1156 2748 1333 les
2794 1155 3112 1406 plus
3170 1151 3816 1410 parfaits

1212 1400 1489 1629 Qu
1533 1452 1758 1573 ait
1825 1409 2341 1582 iamais
2372 1408 2957 1663 produit
3017 1411 3877 1663 l'éloquence.

1354 1669 1595 1839 Ce
1670 1652 2087 1906 digne
2170 1663 2847 1848 Authetir
2906 1739 3011 1843 a
3078 1672 3588 1849 mérité

1220 1928 1521 2085 Les
1596 1911 2189 2096 lauriers
2264 1922 2449 2138 fie
2528 1924 3246 2109 l'éternité
3280 2078 3332 2158 ,

1214 2161 1372 2349 Il
1442 2171 1643 2419 ejl
1702 2240 1847 2345 ce
1913 2184 2319 2427 qu'on
2362 2182 2587 2360 die
2621 2253 2883 2437 que
2922 2257 3251 2368 mus
3289 2206 3907 2435 femmes
3941 2339 3994 2420 ,

1212 2428 1581 2606 Nos
1664 2492 2053 2603 <ners
2119 2437 2525 2689 qtîon
2595 2440 3053 2689 flatte
3144 2521 3329 2626 en
3400 2507 3737 2628 tant
3816 2454 4001 2627 de

1379 2679 1784 2858 lieux

1207 2952 1580 3115 Sont
1611 2936 1740 3113 le
1759 3001 2028 3190 pur
2055 2943 2664 3208 langage
2691 2965 2932 3139 des
2971 2959 3596 3144 hommes
3639 3113 3692 3193 ,

1217 3208 1442 3374 Et
1505 3191 1638 3368 le
1657 3204 1978 3429 flen
2045 3212 2243 3457 ejl
2305 3219 2690 3453 celuy
2737 3221 2982 3399 des
3021 3248 3577 3408 Dieux.

1357 3729 2078 3897 Mercure
2120 3726 2730 3969 parlant
2748 3749 3022 3967 fur
3101 3736 3250 3914 la
3317 3802 3694 3915 terre

1203 3983 1632 4195 Vfoit
1675 3980 1851 4153 de
1919 4043 2128 4152 ces
2170 4040 2659 4231 propos
2727 4006 3495 4172 charmans
3538 4136 3595 4209 ,

1204 4228 1790 4458 Quand
1824 4230 1938 4406 il
1988 4258 2509 4484 portoit
2540 4244 2733 4417 les
2768 4273 3681 4427 mandemens

1198 4496 1463 4657 Du
1530 4500 1907 4662 Dieu
1970 4481 3566 4735 quidardeirtxmnerre.

1356 4745 2053 4988 csfpollon
2128 4770 2897 4983 raifonnoit
2964 4773 3416 4998 ajnji,

1205 4996 1779 5226 Quand
1805 5002 2183 5246 plein
2218 5005 2399 5178 de
2438 5011 2503 5175 l
2538 5084 3031 5194 amour
3038 5089 3307 5216 çux
3341 5034 3771 5266 foucy

1192 5272 1601 5428 Dont
1615 5276 1825 5489 fa
1892 5246 2225 5431 belle
2280 5329 2608 5440 ame
2672 5277 3069 5510 efloit
3107 5280 3616 5525 gefhée
3647 5421 3708 5498 s

1185 5509 2254 5760 D'ingratitude
2333 5526 2447 5695 il
2521 5546 3134 5775 auufoit
