4267 6870
1247 191 1475 374 46
1593 168 2685 383 Lettres
2796 264 3076 395 dv
3192 294 3856 441 sievr

1237 429 2290 682 Capitaines
2395 631 2441 697 ,
2529 461 2701 664 le
2812 498 3620 703 nombre
3695 515 4020 728 des

1221 713 1765 984 luges
1853 800 1969 920 n
2028 743 2284 935 elt
2377 810 3025 1024 gueres
3135 799 4016 1016 moindre

1225 1061 1605 1262 que
1732 1021 2245 1296 celuy
2400 1044 2713 1237 des
2899 1061 3992 1299 Criminels:

1216 1278 1640 1491 c’e(t
1712 1298 2724 1529 feulement
2835 1338 3068 1544 de
3155 1428 3620 1634 gens
3730 1397 3980 1584 1a-

1192 1640 1593 1846 gcs,
1684 1601 1886 1790 ôc
1967 1615 2812 1864 capables
2887 1629 3112 1838 de
3183 1718 3988 1931 gouver¬

1187 1932 1509 2062 ner
1583 1865 1816 2071 les
1895 1895 2467 2099 Eftats
2543 1979 2920 2188 que
3014 1923 3179 2129 la
3250 1950 3973 2167 llerilité

1191 2146 1447 2343 eft
1520 2175 2299 2432 grande:
2370 2203 2603 2397 Et
2682 2213 3071 2413 fans
3157 2301 3842 2450 mentir
3910 2413 3974 2516 ,

1175 2508 1667 2710 pour
1750 2529 1971 2657 en
2058 2490 2483 2676 voir
2554 2563 3226 2712 encore
3309 2594 3566 2730 vn
3645 2606 3964 2811 pa¬

1158 2727 1475 2925 reil
1554 2805 1659 2933 a
1742 2817 2211 2957 vous
2281 2767 2418 2965 il
2501 2790 2757 2984 eft
2845 2796 3486 3011 befoin
3573 2895 3953 3100 que

1162 3076 1711 3223 toute
1778 3027 1934 3233 la
1993 3116 2654 3268 nature
2737 3098 3946 3368 travaille,LL

1143 3368 1531 3569 que
1613 3324 2090 3535 Dieu
2165 3340 2326 3546 le
2390 3425 3317 3618 promette
3372 3387 3934 3691 long¬

1145 3648 1770 3879 temps
1873 3696 2245 3831 aux
2344 3644 3221 3869 hommes
3351 3763 3920 3907 avant

1142 3948 1522 4145 que
1609 3896 1837 4102 de
1908 3909 2069 4108 le
2140 3911 2589 4134 faire
2671 3959 3344 4173 naiftre.
3443 3991 3631 4179 le
3678 4061 3907 4198 ne

1109 4167 1393 4367 dis
1440 4193 1874 4424 rien,
1944 4211 3340 4516 Monfeigneur,
3402 4273 3896 4482 dont

1101 4459 1277 4650 ie
1356 4538 1585 4671 ne
1692 4476 2072 4696 face
2155 4500 2456 4705 des
2523 4532 3295 4747 fermens
3403 4630 3895 4826 pour

1093 4811 1792 5004 preuve
1883 4777 2116 4982 de
2227 4868 2531 5000 ma
2658 4887 3435 5043 creance
3499 5010 3563 5101 ,
3653 4873 3867 5061 ôc

1092 5099 1476 5301 que
1615 5062 1784 5256 ie
1891 5141 2123 5275 ne
2230 5093 3158 5323 confirme
3262 5204 3590 5401 par
3705 5143 3866 5350 le

1072 5383 1756 5611 propre
1834 5363 3102 5692 tefmoignage
3181 5413 3414 5627 de
3492 5502 3842 5639 vos
