4267 6763
1222 167 1414 318 2.8
1545 161 2604 351 Lettres
2713 246 3731 407 dvsievr

1222 409 2147 681 mes,qu’il
2181 495 2281 626 a
2318 426 2753 635 fallu
2801 453 3536 663 donner
3569 475 3892 676 des

1210 684 2017 895 batailles
2063 776 2557 979 pour
2621 792 2845 922 en
2901 739 3576 958 chaffer
3641 712 3888 1028 les

1202 977 2114 1253 Anglois,
2181 1012 2389 1193 Sc
2473 1072 2697 1202 en
2745 1016 3624 1303 efloigner
3660 1037 3900 1256 les

1201 1257 2318 1545 Efpagnols,
2369 1357 2621 1484 on
2663 1321 3882 1565 pourroits’e-

1193 1540 1937 1754 ftonner
1973 1550 2193 1764 de
2225 1561 2388 1765 la
2439 1590 2972 1842 peine
3011 1663 3372 1863 que
3400 1678 3876 1816 vous

1181 1891 1645 2029 auez
1689 1826 1791 2033 à
1837 1914 2312 2049 vous
2361 1925 2592 2055 en
2641 1871 3090 2074 tirer.
3161 1892 3640 2089 Mais
3732 1898 3870 2100 il

1177 2107 1427 2306 eft
1469 2142 2156 2327 certain
2211 2209 2584 2408 que
2641 2213 3068 2357 tout
3113 2158 3272 2367 le
3312 2244 3866 2373 mon-

1173 2378 2426 2662 deycreuueîà
2497 2444 3545 2704 maifon,&
3612 2457 3851 2669 fes

1161 2668 1856 2893 affaires
1887 2788 1952 2942 j
2037 2712 2253 2905 &;
2319 2780 2796 2979 pour
2860 2795 3324 2938 vous
3372 2808 3840 2951 mon

1157 2967 2102 3247 Seigneur,
2151 3014 2540 3255 puis
2622 3024 3160 3272 qu'en
3204 3089 3408 3224 ce
3466 3036 3843 3304 pais

1149 3239 1323 3440 là
1365 3245 2080 3467 lesRois
2129 3284 2884 3492 naissent
2940 3314 3152 3500 Ôt
3240 3306 3833 3513 deuie-

1153 3598 1601 3732 nent
1653 3557 3842 3840 vieux&quec’eftlefie-

1131 3883 1380 4087 ge
1457 3816 1688 4027 de
1757 3833 2140 4039 leur
2188 3865 3021 4126 Empire,
3094 3876 3821 4134 perfon-

1133 4129 2995 4406 nenevousfçauroit
3064 4157 3823 4375 blafmer

1125 4371 1408 4655 d’y
1449 4384 2392 4611 demeurer
2428 4488 2843 4692 trop
2880 4425 3807 4722 long-teps

1117 4663 1504 4870 fans
1528 4693 2995 4968 vo’accuferday
3020 4797 3411 4928 mer
3448 4809 3802 4936 vo-

1105 4947 3335 5232 ftreMaiftre,&devouloir
3372 5026 3803 5231 eftre

1102 5307 1488 5506 près
1532 5247 1760 5453 de
1804 5259 1963 5463 fa
2002 5277 2932 5535 perfonne.
2956 5303 3109 5495 A
3147 5313 3783 5515 Rome
