3796 5856
923 267 2207 401 TRAGEDIE.

289 515 489 645 tay
531 497 791 593 tant
833 461 969 585 de
983 465 1413 637 faneur
1457 499 1831 641 auprès
1901 463 2035 587 de
2051 461 2263 635 fin
2315 463 2661 589 Genie
2689 557 2723 609 ,

79 653 323 805 Que
373 659 499 823 ïy
533 645 761 817 fuis
817 641 1219 821 affeuré
1253 681 1599 767 contre
1645 641 1757 765 la
1809 643 2381 771 calomnie:

65 839 371 959 Ceux
417 825 685 1005 quil
725 831 1011 947 aime
1057 825 1153 947 le
1205 871 1577 949 mieux
1631 823 2031 951 d'entre
2051 827 2233 997 fis
2289 823 2921 1001 Courtifans

77 1017 179 1139 T
169 1047 353 1135 ont
391 1053 561 1129 cas
609 1005 743 1127 de
789 1051 981 1129 ma
1033 1041 1421 1147 vertu,
1451 1049 1849 1129 comme
1873 1005 2007 1127 de
2055 1053 2283 1129 mes
2311 1007 2729 1179 prefins
2751 1083 2787 1149 >

75 1183 465 1363 Etïay
515 1183 795 1313 mille
817 1183 1207 1357 fecrets
1255 1223 1471 1359 par
1517 1231 1655 1307 ou
1707 1183 1805 1309 le
1859 1185 2379 1309 Iourdam
2435 1183 2685 1311 libre

59 1369 319 1497 Na
361 1375 667 1539 point
719 1415 795 1485 a
855 1365 1345 1491 redouter
1387 1363 1501 1489 la
1551 1361 1863 1489 colere
1913 1365 2063 1487 du
2119 1359 2507 1539 Pybre.

253 1553 453 1669 De
517 1583 755 1671 tout
809 1583 1117 1671 autre
1143 1543 1445 1719 cofté,
1491 1583 1763 1719 pour
1801 1541 2191 1669 brauer
2231 1545 2325 1667 le
2377 1539 2927 1671 mal-heur

59 1721 181 1845 Je
193 1721 433 1895 fuis
477 1731 763 1901 affel^
803 1767 1143 1905 muny
1197 1725 1335 1847 de
1353 1727 1649 1897 force
1707 1757 1859 1887 &
1905 1723 2039 1847 de
2093 1723 2549 1849 valeur:

67 1899 319 2051 Que
365 1901 883 2043 l'Arabe,
937 1905 1031 2029 le
1071 1905 1575 2043 Marthe,
1635 1937 1785 2063 (<f
1835 1903 1891 2025 b
1915 1907 2441 2029 Arménie
2489 1941 2935 2047 entière,

69 2091 265 2205 De
313 2115 661 2207 trente
721 2083 1109 2255 légions
1159 2093 1741 2261 menajfent
1787 2081 1897 2205 la
1915 2087 2483 2259 frontière,

65 2263 389 2383 Auec
433 2307 605 2385 vn
655 2303 957 2437 camp
1009 2263 1409 2387 volant
1455 2269 1751 2435 üray
1803 2263 1947 2383 les
1999 2265 2521 2437 afronter,

73 2443 235 2561 Et
259 2439 593 2617 feray
637 2439 911 2563 leurs
961 2439 1395 2617 dejfetns
1439 2489 1513 2557 a
1569 2441 1801 2563 leur
1849 2437 2169 2563 honte
2221 2475 2651 2563 auorter
2651 2533 2675 2557 .

69 2615 383 2795 I'iray
427 2617 573 2739 les
631 2629 1125 2795 repouffer
1165 2667 1323 2743 au
1339 2617 1635 2789 fond
1681 2617 1813 2739 de
1869 2617 2143 2741 leurs
2191 2623 2849 2759 ^Prouinces,

77 2799 243 2919 Et
269 2831 507 2963 par.
531 2833 789 2921 tant
833 2801 967 2921 de
999 2805 1507 2973 progrelf
1517 2795 2017 2919 humilier
2075 2797 2345 2917 leurs
2391 2801 2911 2939 'Princes,

69 2967 417 3127 Quils
465 2975 1057 3101 viendront
1101 2973 1579 3153 confejfer
1625 3021 1757 3097 en
1801 3011 2293 3097 receuant
2343 3021 2533 3097 ma
2565 2971 2787 3149 loy,

59 3143 267 3299 Qu
291 3199 425 3279 on
473 3205 607 3281 ne
635 3149 911 3333 prof
905 3193 1011 3281 te
1041 3203 1367 3329 guere
1411 3203 1485 3275 a
1555 3205 1607 3279 s
1635 3189 2153 3329 attaquer
2191 3149 2265 3271 à
2313 3201 2549 3327 moy
2559 3247 2583 3271 .

1041 3501 1113 3617 S
1177 3503 1285 3621 A
1345 3503 1441 3621 L
1493 3499 1619 3617 O
1679 3499 1837 3621 M
1887 3499 2023 3625 E.

67 3855 283 3979 Les
325 3859 453 3981 T?
465 3861 739 3985 rince
739 3911 791 3983 s
839 3909 1045 3987 vos
1097 3863 1499 4033 voifms
1513 3859 1989 4031 ffauent
2031 3857 2377 4031 voftre
2419 3903 2899 4031 courage)

69 4033 219 4157 Ils
261 4083 393 4157 en
437 4071 625 4159 ont
633 4039 879 4209 fait
925 4039 1253 4215 l’effay
1309 4039 1497 4161 dés
1553 4041 1903 4207 voflre
1939 4037 2177 4209 plus
2233 4033 2415 4159 bas
2469 4083 2541 4159 a
2549 4083 2799 4209 âge:

69 4211 217 4331 Ils
249 4215 821 4385 prefreront
863 4217 1261 4341 l'oreille
1305 4265 1379 4335 a
1419 4219 1607 4339 des
1661 4207 2075 4385 confeils
2131 4209 2713 4355 meilleurs,

77 4395 245 4509 Et
277 4389 517 4511 leur
559 4387 1073 4517 ambition
1107 4395 1575 4569 prendra
1591 4393 1803 4563 fin
1847 4437 2133 4515 cours
2187 4391 2603 4517 ailleurs
2613 4483 2637 4509 .

1107 4741 2099 4873 HERODE.

73 5071 189 5201 /?
241 5079 629 5209 danois
659 5125 855 5261 pas
903 5099 1307 5269 quinine
1353 5141 1557 5219 ans
1587 5095 1787 5217 lors
1817 5141 2025 5269 que
2055 5097 2151 5215 ie
2197 5105 2421 5263 pris
2449 5089 2593 5213 les
2623 5129 2975 5209 armes

79 5251 343 5379 Lors
395 5311 595 5435 que
623 5267 971 5439 ïallay
989 5271 1455 5401 chercher
1473 5271 1587 5397 la
1607 5311 1889 5399 mort
1941 5275 2221 5397 dans
2267 5271 2413 5397 les
2437 5269 2939 5401 alarmes,

2289 5461 2367 5561 B
2473 5451 2575 5585 iij
