3796 5814
1035 253 2307 422 TRAGEDIE.
2948 359 3061 447 „

106 453 400 630 Bref
418 487 836 631 voyant
882 452 1150 631 quil
1195 452 1454 629 ofoit
1487 460 1772 626 ainfi
1809 465 2517 653 s'émanciper,

104 643 242 760 A
282 633 391 754 la
412 622 585 798 fin
634 635 837 809 ïay
885 630 1122 756 leué
1159 629 1253 756 le
1311 627 1549 759 bras
1578 676 1859 815 pour
1896 645 1995 770 le
2016 655 2457 830 fiaper:

100 818 439 941 Mais
458 811 931 986 penfant
954 809 1087 934 de
1146 809 1261 934 la
1318 821 1631 938 main
1682 835 2173 1001 repouffer
2208 829 2367 957 cét
2410 873 2845 1020 outrage
2842 942 2882 997 0

94 989 209 1112 le
256 983 356 1109 ri
358 1032 501 1161 ay
552 998 922 1112 trouué
952 1036 1161 1165 que
1206 987 1455 1114 tair
1492 1041 1641 1116 au
1664 993 1871 1122 lieu
1898 1007 2033 1125 de
2036 1005 2259 1177 fin
2304 1011 2530 1185 vif
2486 1060 2679 1192 âge
2706 1075 2745 1143 :

92 1165 426 1333 Ainfi
468 1163 603 1287 de
658 1167 1127 1292 violence
1156 1211 1191 1326 ,
1240 1196 1393 1330 çf
1442 1167 1987 1302 d'horreur
2036 1189 2548 1313 trauaillé
2552 1291 2590 1335 3

86 1347 395 1464 Auec
436 1391 609 1466 vn
660 1391 835 1525 cry
854 1343 1099 1513 fort
1142 1343 1415 1470 haut
1454 1356 1551 1473 ie
1596 1398 1769 1475 me
1780 1354 2027 1527 fuis
2086 1360 2516 1533 efueillé.

86 1519 393 1650 Voila
440 1523 700 1696 quel
738 1526 1153 1698 efimon
1180 1521 1519 1699 finge
1542 1579 1577 1648 :
1616 1557 1769 1692 çÿ
1792 1528 2029 1663 bien
2084 1586 2291 1712 que
2320 1588 2605 1673 vous
2622 1598 2755 1677 en
2754 1553 3047 1730 fem*

250 1692 468 1841 ble,
74 1870 491 2020 Salome
510 1970 547 2020 3
586 1923 895 2051 quen
952 1879 1305 2011 dis-tu
1330 1897 1403 2008 ?

1054 2254 1129 2375 S
1184 2259 1291 2381 A
1348 2257 1449 2380 L
1502 2251 1631 2376 O
1680 2251 1839 2389 M
1890 2257 2028 2397 E.

1178 2627 1489 2793 Moy
1516 2618 1583 2742 ?
1624 2618 1749 2744 le
1798 2620 1969 2747 dis
2023 2676 2233 2804 que
2278 2630 2481 2765 ien
2502 2638 2934 2777 tremble
2972 2708 3002 2730 •

942 2964 2086 3116 PHERORE,

42 3310 157 3438 le
210 3361 335 3444 ne
380 3319 639 3450 celer
636 3371 769 3503 ay
805 3363 1009 3502 pas
1053 3379 1263 3505 que
1310 3329 1515 3456 îen
1547 3328 1775 3501 fuis
1822 3336 2240 3516 effrayé.

996 3665 1978 3814 SALOME,

30 4018 285 4187 Oefi
333 4022 783 4197 quelque
828 4043 1067 4158 auis
1116 4033 1267 4158 du
1324 4031 1567 4163 Ciel
1605 4044 1797 4211 qui
1844 4091 2126 4172 vous
2194 4057 2343 4230 eft
2385 4063 2808 4239 emoyê.

1015 4376 2037 4532 HERODE.
11 4687 2141 4896 L'auis à déchifrer eſt ſi fort difficile,
9 4857 2742 5109 Qu'il n'euſt pû m'obliger d'vn ſoin plus inutile.
2212 5262 2487 5408 B ij
