3796 5814
1015 194 2301 386 TRAGEDIE.
3013 284 3098 387 s

146 414 499 577 Apres
520 387 797 517 mille
848 379 1329 511 embaras
1390 382 1885 565 d'efpeces
1930 398 2620 546 incertaines,

149 594 338 713 De
395 603 916 700 rencontre
935 562 1216 739 fans
1233 570 1567 737 Juite,
1599 595 1750 727 çf
1771 569 1904 692 de
1929 570 2428 703 chimeres
2453 586 2911 734 vaines,

142 764 255 882 le
302 799 467 877 me
478 750 715 923 fuis
766 739 1147 870 trouué
1152 744 1411 912 feul
1456 743 1739 869 dans
1784 795 1955 872 vn
1982 748 2195 877 bois
2242 758 2643 931 efcarté

147 948 328 1063 Ou
377 926 876 1052 bhorreur
907 917 1360 1052 habitoit
1411 972 1670 1049 auec
1705 924 2319 1102 tobfcurité,

142 1116 405 1233 Lors
452 1142 859 1278 quvne
914 1149 1187 1227 voix
1224 1105 1753 1279 plaintme
1802 1157 1875 1230 a
1912 1107 2217 1284 percé
2248 1114 2392 1239 les
2440 1116 2962 1268 tenebres,

135 1254 722 1465 Appelant
781 1292 990 1410 Ad
973 1282 1318 1402 ALI
1311 1283 1744 1415 ANE
1795 1331 2054 1411 auec
2075 1291 2257 1418 des
2289 1328 2523 1418 tons
2545 1297 3091 1468 funèbres,

314 1463 517 1638 lay
540 1506 849 1585 couru
870 1508 1124 1583 vers
1146 1460 1243 1584 le
1268 1460 1477 1588 lieu
1508 1462 1752 1589 doii
1806 1465 1898 1588 le
1928 1462 2217 1595 bruit
2268 1522 2322 1594 s
2356 1471 2974 1648 efpandoit,

129 1649 598 1772 Suiuant
643 1641 927 1764 dans
993 1683 1100 1761 ce
1165 1639 1702 1818 transport
1767 1641 2297 1774 [Amour
2359 1660 2550 1829 qui
2613 1705 2787 1781 me
2835 1664 3040 1832 gui
3039 1733 3091 1759 ~

424 1816 716 1959 doit,

125 1998 294 2117 Et
335 2002 528 2167 qui
539 1990 1040 2169 fembloit
1093 2042 1395 2122 encor
1435 2043 1883 2124 mauoir
1917 2000 2451 2177 prejléfes
2497 2008 2799 2181 aifles

110 2174 432 2294 T?our
480 2174 1014 2301 atteindre
1040 2176 1473 2352 plufloft
1512 2224 1618 2300 ce
1670 2179 2092 2303 miracle
2150 2183 2336 2309 des
2386 2186 2728 2314 Belles
2758 2245 2800 2311 :

277 2357 573 2478 Ades
609 2393 813 2527 pas
857 2392 1191 2478 mont
1231 2352 1618 2478 amené
1633 2354 1845 2527 fur
1887 2356 1979 2480 le
2025 2355 2280 2484 bord
2333 2362 2611 2490 dvn
2661 2378 3081 2554 efiang,

118 2532 446 2650 Dont
498 2526 704 2705 ïay
752 2533 1131 2656 trouué
1148 2532 1294 2656 les
1326 2581 1614 2660 eaux
1636 2570 1976 2659 toutes
2026 2587 2388 2714 rouges
2410 2541 2542 2665 de
2556 2546 2858 2730 fang
2868 2604 2902 2694 >

111 2698 224 2824 Il
255 2709 404 2871 efi
439 2705 794 2833 tombé
839 2708 1173 2889 dejfus
1229 2758 1399 2835 vn
1451 2712 1769 2884 efclat
1819 2712 1949 2836 de
1997 2753 2485 2847 tonnerre
2511 2774 2545 2858 z

112 2878 328 3059 lay
338 2883 672 3069 fenty
684 2889 944 3060 fous
990 2941 1214 3015 mes
1254 2893 1556 3065 pieds
1608 2938 1778 3015 vn
1834 2893 2568 3026 tremblement
2594 2900 2726 3027 de
2768 2945 3076 3067 terre,

119 3064 287 3179 Et
327 3059 649 3236 dejfus
695 3111 803 3188 ce
853 3114 1219 3240 nuage
1245 3118 1273 3209 ,
1347 3068 1932 3194 enuironné
1969 3071 2453 3254 d'ejfroy,

114 3232 274 3357 Le
316 3285 618 3365 leune
662 3241 1266 3419 Arifobule
1322 3297 1396 3371 a
1428 3287 1722 3426 paru
1768 3247 2180 3380 deuant
2230 3304 2474 3435 moy
2478 3349 2502 3375 .

1056 3587 1127 3706 S
1186 3591 2020 3729 ALOME.

110 3944 213 4063 O
256 3945 794 4066 deux!ie
820 3942 1164 4117 ferois
1218 3989 1548 4076 morte
1596 3960 1940 4121 ejtant
1986 3964 2488 4133 envofire
2529 3962 2872 4138 place>

97 4116 261 4237 Le
275 4119 575 4296 fang
611 4169 685 4243 a
731 4171 837 4246 ce
877 4133 1125 4252 récit
1177 4126 1459 4251 dans
1503 4178 1725 4255 mes
1773 4142 2151 4260 veines
2160 4138 2297 4310 fe
2314 4135 2659 4315 glace.

955 4479 1045 4599 P
1107 4477 1391 4602 HE
1447 4483 1565 4606 R
1623 4484 1751 4611 O
1819 4484 2129 4621 RE.

97 4824 211 4946 Je
220 4826 477 5001 fens
531 4832 641 4963 la
689 4838 1077 5017 mefme
1123 4842 1557 4976 horreur
1591 4848 1873 4982 dans
1927 4901 2155 4989 mes
2195 4902 2307 4986 os
2322 4848 2463 5035 fe
2511 4855 2841 4991 couler
2857 4910 2897 4984 :

2538 5404 2620 5514 B
