3796 5856
962 206 2278 359 TRAGEDIE.
2986 303 3129 414 ^

181 418 371 543 De
415 449 645 578 moy
689 434 919 525 tous
969 448 1195 524 mes
1245 397 1677 583 dejfeins
1690 408 1961 585 font
1976 415 2265 592 fans
2317 411 2637 549 honte
2852 436 3137 613 fans

343 592 662 709 crime
689 634 728 700 :

172 768 334 885 Le
352 759 557 934 feu
603 765 797 938 qui
844 808 1021 884 ?ne
1064 758 1604 937 ccnfume,
1638 770 1787 941 efl
1828 817 2000 895 vn
2018 773 2231 942 feu
2274 777 2738 952 légitimé
2760 869 2796 931 -

172 944 285 1065 Je
332 954 567 1117 riaj
602 982 803 1116 pas
861 942 1045 1063 des
1100 942 1417 1113 defirs
1470 995 1679 1121 que
1720 949 1919 1072 l'on
1956 960 2271 1127 puife
2320 955 2833 1132 blafmer:

177 1124 400 1244 Car
431 1128 782 1247 iaime
797 1119 1416 1298 feulement
1459 1170 1566 1247 ce
1619 1174 1830 1306 que
1883 1180 1980 1255 te
2031 1133 2262 1259 dois
2311 1142 2660 1266 aimer
2659 1240 2683 1266 .

1030 1470 2226 1613 PHEROKE.

161 1839 284 1959 Si
333 1829 618 1959 dans
665 1832 780 1957 la
813 1838 1218 2010 pafion
1269 1833 1606 1961 d'vne
1685 1888 2068 1969 amour
2105 1851 2638 2023 coniugale
2673 1950 2711 1995 ,

164 2020 364 2137 De
414 2012 526 2134 la
580 2019 938 2136 Reine
992 2043 1145 2172 çf
1190 2012 1322 2135 de
1376 2063 1716 2163 vous,
1784 2021 2248 2147 l'ardeur
2286 2031 2570 2198 efioit
2610 2028 2946 2205 efgale
2976 2079 3016 2157 :

160 2184 405 2341 Qui
434 2228 707 2365 pour
706 2199 855 2314 roi
858 2226 911 2314 t
952 2192 1607 2319 condamner
1658 2201 2011 2372 vofire
2060 2214 2761 2383 refièniiment
2776 2225 2845 2336 ?

169 2378 360 2493 Ou
405 2366 916 2494 <voudroit
965 2424 1018 2493 s
1047 2373 1460 2550 oppofer
1501 2423 1576 2491 a
1629 2415 1790 2503 cet
1835 2377 2642 2533 embrasement
2665 2400 2732 2509 ?

162 2556 514 2672 Mais
571 2594 842 2722 quoj
868 2557 1286 2722 Jvoftre
1328 2550 1676 2721 rafon
1704 2563 2448 2736 eflvrajment
2491 2564 3026 2697 endormie
3047 2611 3110 2716 y.

166 2732 459 2853 Vous
472 2723 827 2893 faites
876 2766 1279 2854 vanité
1318 2729 1771 2859 d’aimer
1830 2785 2059 2861 vne
2110 2751 2650 2886 ennemie,

168 2894 399 3047 Qui
450 2940 727 3075 pour
763 2907 1461 3086 recompenfer
1501 2959 1673 3036 vn
1721 2918 2399 3044 traitement
2402 2922 2530 3089 fi
2563 2921 2853 3050 doux

173 3084 322 3201 N
336 3081 356 3110 1
363 3118 490 3255 ap
497 3081 568 3205 h
575 3133 782 3260 que
793 3083 1012 3260 fin
1059 3085 1358 3266 efirit
1407 3119 1662 3263 qu’a
1709 3092 2154 3269 mefdire
2201 3096 2336 3222 de
2385 3145 2664 3227 vous
2675 3190 2699 3226 «

1160 3440 2169 3585 salome;

167 3810 450 3922 Sans
499 3805 904 3924 mentir
935 3836 1198 3924 cette
1247 3847 1612 3928 erreur
1645 3812 1786 3979 eft
1835 3812 2152 3983 digne
2203 3816 2340 3938 de
2381 3813 2840 3993 reproche
2859 3824 2904 3958 j

168 3970 475 4123 Quel
488 3977 859 4151 plaifir
884 4020 1077 4155 pre
1080 3987 1339 4154 nef
1344 4028 1625 4104 vous
1672 3986 1811 4109 de
1860 3988 2195 4134 chérir
2206 4043 2437 4118 vne
2486 3994 2773 4137 roche
2788 4089 2828 4138 3

171 4160 501 4275 Dont
559 4155 705 4276 les
720 4157 1141 4328 fiurces
1189 4158 1323 4281 de
1352 4158 1709 4332 pleurs
1759 4168 2161 4296 coulent
2215 4180 2999 4349 incejfamment
3018 4269 3053 4313 s

173 4332 350 4455 Et
391 4339 582 4507 qui
617 4341 1262 4514 pourvofire
1313 4383 1696 4463 amour
1735 4393 1808 4467 n
1835 4394 1908 4472 a
1939 4388 2256 4523 point
2299 4351 2434 4476 de
2449 4348 2702 4523 fient
2713 4389 3050 4481 iment
3077 4360 3148 4478 ?

1122 4684 2170 4824 HERODE,

176 5037 294 5155 Si
338 5038 428 5158 le
477 5041 784 5167 diuin
831 5042 1106 5203 objet
1155 5050 1424 5182 dont
1467 5067 1566 5185 ie
1581 5060 1828 5231 fuis
1879 5056 2336 5202 idolâtre
2351 5156 2394 5202 3

212 5215 499 5389 Pajfe
524 5261 795 5392 pour
836 5274 1009 5350 vn
1064 5233 1417 5362 rocher
1426 5332 1462 5385 3
1516 5240 1741 5411 cefi
1782 5283 1955 5365 vn
2012 5238 2344 5369 rocher,
2400 5232 2955 5412 dalbafire
2944 5331 2986 5387 >

2621 5424 2719 5527 C
