3796 5856
954 209 2252 393 TRAGEDIE.
2955 271 3021 394 j
3009 310 3100 426 s

263 410 368 529 O
397 390 912 524 bon-heur
929 405 1508 578 imparfait
1529 412 1581 525 !
1605 463 1664 534 o
1699 420 2132 588 rigueur
2150 428 2783 602 importune,

104 575 339 755 Taj
373 618 643 751 pour
660 624 885 702 mes
930 620 1631 759 compagnons
1678 591 1730 715 l
1758 600 2203 727 Amour
2432 609 2547 733 la
2582 621 3089 763 Fortune)

97 758 248 882 Ils
275 803 404 879 ne
427 802 596 877 me
620 791 1104 931 quittent
1110 800 1479 937 point,
1507 765 1638 893 ils
1652 768 2112 944 fument
2167 821 2402 908 tous
2447 839 2674 917 mes
2708 835 2986 971 pas:

92 939 437 1064 Mais
484 929 1038 1108 l'onmeft
1043 939 1619 1112 fauorable
1894 954 2277 1084 tautre
2322 1013 2457 1089 ne
2488 968 2698 1145 l'efl
2717 1013 2925 1145 pas
2936 1075 2954 1101 .

93 1107 390 1235 Lvn
402 1108 653 1282 fait
692 1114 949 1290 qud
1003 1154 1243 1250 tout
1285 1170 1460 1248 vn
1490 1130 1870 1306 peuple
1921 1143 2616 1332 autourd'huy
2661 1199 2758 1280 te
2789 1203 3061 1286 com¬

254 1288 661 1414 mande
690 1387 727 1433 ,

93 1467 257 1589 Et
297 1466 671 1592 l'autre
725 1517 899 1595 me
949 1472 1289 1648 refufe
1335 1525 1509 1605 vn
1535 1528 1806 1611 cœur
1826 1542 2034 1668 que
2059 1545 2158 1620 te
2215 1499 2748 1634 demande
2771 1566 2810 1635 :

84 1651 264 1777 Vn
319 1691 586 1776 cœur
628 1699 840 1825 que
887 1658 984 1774 ie
1026 1702 1162 1777 ne
1196 1672 1446 1832 puis
1494 1712 1883 1842 ranger
1893 1672 2155 1848 fous
2198 1731 2449 1807 mon
2459 1699 2907 1859 pouuoir

86 1827 275 1949 En
305 1829 857 2003 pojfedant
900 1830 997 1954 le
1016 1873 1297 2010 corps
1340 1886 1477 1962 ou
1524 1890 1621 1964 te
1670 1847 1765 1968 le
1777 1846 2047 2020 fens
2089 1872 2596 1989 mouuoir.

247 1976 814 2179 édueugles
873 2018 1369 2156 Dettes,
1405 2019 1845 2193 efgalez>
1876 2080 2248 2158 mieux
2300 2037 2448 2161 les
2490 2042 2857 2218 chofes,

72 2180 551 2352 Méfiée
582 2233 923 2310 moins
968 2187 1103 2314 de
1158 2190 1603 2322 lauriers
1658 2249 2119 2384 auecque
2151 2212 2395 2388 plus
2416 2219 2549 2343 de
2592 2225 2918 2397 rofes,

69 2359 436 2484 Faites
492 2408 934 2539 quauec
962 2369 1208 2541 plus
1233 2369 1629 2520 d’heur,
1667 2387 1766 2503 ie
1762 2382 2000 2556 fois
2027 2397 2368 2516 moins
2399 2400 2981 2546 renommé,

70 2539 239 2661 Et
280 2540 731 2706 nefiant
757 2578 1071 2717 point
1055 2547 1182 2717 fi
1200 2558 1600 2698 craint,
1659 2608 1867 2732 que
1920 2613 2017 2688 te
2039 2567 2265 2739 fois
2293 2572 2533 2748 plus
2584 2585 2878 2706 aimé
2878 2678 2900 2705 .

251 2722 525 2890 C'efi
565 2766 1028 2898 auecque
1077 2727 1426 2901 raifon
1456 2783 1662 2909 que
1685 2787 1934 2867 mon
1955 2741 2410 2873 humeur
2431 2757 2577 2923 efi
2572 2757 3019 2931 fombre,

62 2901 318 3022 Ma
340 2897 680 3067 gloire
772 2903 1028 3068 nef
1121 2954 1473 3079 quvn
1509 2910 1849 3089 fonge
1896 2967 1933 3082 ,
2002 2953 2154 3085 çf
2230 2978 2421 3053 ma
2447 2942 3031 3107 grandeur

239 3121 643 3247 quvne
689 3074 1039 3202 ombre
1063 3133 1101 3202 :

57 3248 181 3368 Si
217 3247 410 3373 lors
460 3302 668 3429 que
725 3290 956 3381 tout
993 3256 1088 3379 le
1139 3266 1526 3389 monde
1571 3315 1706 3389 en
1746 3274 2170 3401 redoute
2220 3278 2589 3464 l'effet,

48 3417 167 3545 le
204 3419 537 3590 brufle
586 3433 865 3556 d’vn
912 3432 1179 3614 defir
1221 3448 1414 3613 qui
1456 3449 1708 3615 nef
1717 3458 2023 3619 point
2025 3453 2562 3635 fatisfait.

997 3718 1071 3839 S
1129 3718 1245 3840 A
1299 3719 1387 3838 L
1439 3723 1569 3847 O
1631 3726 1783 3855 M
1829 3728 1967 3860 E.

47 3965 470 4143 Depuis
520 4018 834 4146 quen
889 3978 1236 4146 voflre
1281 3981 1471 4106 hB
1513 3996 2074 4114 Mariane
2133 3999 2279 4169 efi
2321 4038 2735 4150 entree,

52 4143 214 4267 Et
269 4182 483 4314 par
506 4182 757 4271 tant
778 4157 909 4278 de
921 4155 1229 4323 foins
1280 4156 1461 4280 elle
1518 4165 1668 4331 efi
1706 4164 2213 4298 idolâtrée
2232 4230 2271 4297 :

41 4321 393 4485 Voftre
415 4327 1172 4499 Maifonfans
1197 4341 1428 4509 ceffe
1455 4345 1601 4507 efi
1643 4382 2066 4466 ouuerte
2089 4400 2316 4477 aux
2341 4354 2822 4486 douleurs
2847 4412 2882 4499 z

47 4501 224 4616 On
256 4495 764 4671 riobferue
784 4557 918 4631 en
944 4553 1220 4631 vous
1242 4512 1532 4635 deux
1554 4564 1759 4690 que
1769 4520 2239 4696 plaintes
2246 4563 2633 4710 pfque
2639 4540 2993 4714 pleurs

1036 4765 1164 4889 H
1214 4770 1314 4889 E
1366 4770 1476 4894 R
1538 4777 1666 4897 O
1734 4778 1858 4902 D
1922 4785 2056 4913 E.

30 5015 315 5152 Mes
331 5031 791 5201 plaintes
789 5039 1047 5213 font
1066 5058 1525 5205 toujours
1541 5054 1785 5226 plus
1810 5061 2117 5231 tuftes
2143 5112 2353 5242 que
2351 5068 2537 5244 fies
2563 5078 2950 5210 larmes
2958 5156 2986 5186 •

22 5195 63 5239 C
49 5195 149 5315 P
155 5247 608 5394 ourquoy
641 5265 810 5339 me
820 5225 1404 5395 parut-elle
1433 5275 1898 5411 auecque
1925 5273 2180 5367 tant
2203 5244 2338 5370 de
2367 5247 2877 5405 charmes,
