3796 5847
1305 264 1574 383 LA
1735 257 1894 384 M
1955 249 2923 405 ARIANE,

551 475 726 596 Et
737 461 839 634 f
855 452 1042 583 dés
1076 498 1180 577 ce
1201 441 1718 626 temps-là
1750 494 2000 571 mon
2025 439 2264 568 bras
2299 480 2516 617 par
2537 437 2816 563 mille
2867 437 3304 614 exploits

551 643 1140 815 Domptoit
1193 631 1340 755 les
1371 630 1886 754 Nations
1918 670 1950 784 ,
1991 623 2770 799 çffoumettoit
2795 612 2942 737 les
2989 627 3232 791 Roy
3233 674 3316 740 s.

743 815 1006 966 Que
1053 810 1268 986 iay
1285 810 1538 983 fait
1565 805 1696 946 de
1725 800 2228 944 combats,
2277 830 2430 959 (f
2441 792 2992 972 gatgnéde
3014 792 3526 948 batailles.

548 997 807 1152 Que
858 996 1064 1172 iay
1078 990 1507 1167 furprü
1558 985 1689 1110 de
1726 988 2043 1110 Forts
2065 1075 2102 1123 3
2320 974 2631 1151 forcé
2672 973 2801 1095 de
2851 974 3391 1101 murailles
3413 1074 3468 1122 y

556 1189 905 1306 Dans
928 1219 1103 1298 vn
1150 1161 2057 1343 champfacieux,
2070 1156 2461 1335 quand
2474 1155 2569 1277 le
2562 1155 2853 1331 fuit
2880 1149 3015 1271 de
3048 1149 3355 1275 Cerés

556 1363 755 1484 De
774 1349 959 1526 fes
988 1387 1413 1527 tuyaux
1442 1336 2311 1517 doreXjenrichifl
2352 1334 2499 1457 les
2548 1323 2971 1505 guerés,

566 1545 765 1660 On
784 1579 919 1656 ne
946 1566 1193 1654 voit
1194 1569 1573 1700 gueres
1614 1519 1857 1694 plus
1897 1516 2031 1638 de
2082 1510 2515 1639 tauelles
2550 1505 2990 1685 preffées
3014 1596 3053 1644 3

561 1707 822 1860 Que
871 1706 1079 1886 iay
1118 1750 1344 1831 veu
1392 1734 1742 1825 contre
1760 1742 1997 1867 moy
2037 1695 2170 1818 de
2205 1697 2380 1868 pic
2378 1736 2582 1866 que
2586 1738 2634 1808 s
2685 1680 3190 1859 heriffées,

559 1885 816 2046 Qui
853 1885 1332 2013 voloient
1373 1929 1506 2004 en
1553 1873 1918 2046 efclats
1961 1912 2176 2044 par
2213 1904 2450 1994 tout
2489 1912 2630 1991 ou
2679 1871 2774 1987 ie
2805 1866 3250 1988 donnois

567 2074 918 2194 Dans
947 2062 1062 2188 la
1099 2058 1588 2185 brûlante
1641 2047 2040 2175 ardeur
2079 2048 2346 2172 dont
2389 2052 2484 2168 ie
2535 2044 2688 2166 les
2735 2043 3380 2217 moiffonnois
3389 2132 3412 2163 .

1534 2394 2669 2528 PHERORE.

562 2801 783 2926 Vos
834 2786 1139 2913 belles
1196 2782 1595 2908 aidions
1608 2777 1747 2954 fe
1798 2803 2297 2900 trement
2305 2764 2591 2943 fans
2630 2762 3121 2940 pareilles
3141 2759 3185 2909 ]

549 2968 843 3095 Jules
868 3016 907 3139 ,
960 3011 1229 3138 quoy
1280 3007 1486 3133 que
1535 2958 1734 3083 ton
1781 2957 1958 3077 die
1996 3046 2031 3090 3
2098 2991 2360 3071 auec
2388 2943 2632 3120 plus
2685 2943 2818 3065 de
2872 2939 3525 3092 merueMes]

557 3153 736 3274 Et
757 3183 972 3318 par
990 3187 1332 3264 moins
1381 3137 1514 3257 de
1559 3128 2016 3257 combats
2241 3125 2376 3247 de
2421 3157 2908 3246 trauaux
2935 3118 3328 3264 diuers,

539 3335 634 3448 S
655 3329 946 3495 efioit
955 3319 1206 3488 fait
1227 3350 1490 3487 appe
1493 3310 1686 3437 lier
1725 3307 2230 3470 AJaiftre
2287 3302 2420 3424 de
2473 3301 2522 3421 l
2543 3306 2966 3429 Vmuer
2959 3346 3044 3420 s.

537 3507 836 3632 Vous
885 3490 1770 3667 aueffurmonté
1819 3478 2100 3606 mille
2116 3476 2654 3652 fafcheux
2703 3470 3182 3642 obftacles
3177 3566 3218 3617 3

540 3683 717 3804 Et
771 3710 1061 3802 toute
1107 3674 1461 3838 vofire
1515 3675 1707 3794 vie
1757 3665 1900 3830 ef
1933 3655 2283 3833 pleine
2330 3656 2463 3779 de
2509 3649 2987 3777 miracles
2995 3744 3021 3770 .

1615 3989 1896 4118 HE
1953 3985 2254 4109 RO
2311 3980 2626 4111 DE.

537 4373 888 4490 Dans
939 4408 1130 4486 ma
1179 4353 1718 4482 condition
1744 4450 1778 4497 3
1835 4359 1932 4480 ie
1951 4349 2146 4525 fer
2143 4354 2296 4475 ois
2345 4380 2576 4521 trop
2625 4337 3094 4483 heureux
3118 4433 3156 4483 3

533 4555 660 4666 Si
705 4590 800 4663 ie
859 4534 1016 4659 rie
987 4543 1248 4706 fois
1291 4532 1620 4709 prefé
1659 4530 1938 4658 d’vn
1985 4559 2524 4654 tourment
2569 4558 3208 4647 amoureux)

532 4715 887 4842 D’vn
902 4718 1111 4885 feu
1163 4711 1691 4855 continuel
1705 4807 1744 4855 3
1796 4709 2133 4835 d'vne
2161 4705 2557 4831 ardeur
2572 4701 2847 4871 fans
2895 4695 3287 4864 mefure
3307 4779 3345 4825 3

534 4887 779 5040 Qm
822 4925 1099 5013 tient
1144 4896 1923 5063 inceffamment
1970 4930 2225 5010 mon
2272 4925 2519 5003 ame
2566 4878 2641 4993 à
2698 4875 2813 4999 la
2862 4908 3313 4997 torture:

542 5079 737 5192 Ou
752 5069 871 5232 fi
906 5076 1005 5193 ie
1038 5079 1475 5241 pouuoù
1526 5075 1975 5193 vaincre
2022 5111 2089 5188 *t
2088 5108 2251 5187 me
2264 5049 2747 5232 feuerité

533 5239 779 5402 Qm
832 5242 1259 5422 soppofe
1310 5286 1461 5373 au
1506 5281 1945 5375 courant
1981 5241 2119 5369 de
2166 5283 2361 5370 ma
2388 5230 2671 5410 prof
2672 5223 2964 5359 enté.
