3796 5918
546 1187 3494 1534 ARGYMENT

1823 1671 1961 1801 D
2151 1668 2281 1805 V

859 1979 2221 2179 PREMIER
2355 1975 3141 2169 ACTE.

517 2535 590 2610 i.
641 2486 1068 2608 Herode
1105 2473 1570 2595 s’efueille
1621 2515 1746 2585 en
1801 2463 2216 2606 fùrfàut,
2245 2460 2654 2579 trouble
2685 2461 3514 2597 d’vnevi/îoncp

663 2641 1392 2812 pouuantable.
1455 2689 1544 2750 i.
1597 2650 1808 2750 Son
1859 2631 2116 2746 frere
2169 2645 2268 2744 &
2320 2620 2418 2741 fa
2464 2620 2720 2743 foeur
2753 2624 3184 2782 efTayent
3209 2632 3334 2739 de
3359 2657 3512 2742 l'é¬

659 2850 1030 2930 mettre
1058 2807 1242 2922 Ton
1299 2796 1591 2962 efprit
1638 2803 1765 2910 de
1809 2798 2076 2914 celle
2110 2790 2560 2947 frayeur,
2614 2785 2784 2942 luy
2829 2786 3514 2946 reprefèntant

658 2976 751 3090 la
785 2971 1119 3095 vanité
1176 2974 1347 3083 des
1396 2992 1791 3120 longes,
1844 3003 1927 3100 z.
1984 2956 2413 3070 Herode
2458 2946 2553 3061 fc
2600 2949 3063 3064 recueille
3110 2993 3233 3060 en
3286 2946 3513 3105 foy-

658 3127 1555 3280 mefine,salTeure
1596 3116 1749 3240 fur
1782 3114 2187 3236 l’amitié
2234 3117 2403 3227 des
2462 3121 3025 3239 Romains,
3076 3127 3177 3227 &
3230 3108 3379 3226 fur
3412 3108 3509 3227 fa

654 3297 1023 3418 valeur.
1068 3347 1169 3436 4.
1220 3298 1437 3405 Puis
1462 3290 1721 3400 celle
1746 3291 2121 3396 crainte
2152 3266 2941 3428 eilantdiffipée,
2969 3269 3037 3381 il
3063 3268 3158 3381 fe
3190 3270 3503 3431 plaint

665 3465 792 3576 de
835 3458 1258 3574 l’amour
1284 3445 1516 3612 qu’il
1548 3494 1598 3559 a
1622 3486 1880 3608 pour
1917 3446 2415 3578 Mariane,
2447 3437 2710 3547 dont
2751 3424 3492 3547 ilfouhaiteroit

665 3623 1024 3735 d’eflre
1075 3611 1288 3774 plus
1333 3608 1620 3726 aimé.
1691 3655 1768 3749 5.
1823 3602 2270 3722 Pherorc
2339 3619 2438 3712 &
2489 3591 2896 3709 Salome
2943 3592 3502 3706 s’efforcent

675 3825 808 3897 en
859 3790 1094 3896 vain
1133 3780 1260 3889 de
1283 3775 1644 3886 rendre
1673 3771 1798 3881 de
1835 3773 2280 3882 mauuais
2323 3757 2670 3869 offices
2692 3754 2748 3867 à
2781 3796 3038 3868 cette
3067 3748 3499 3868 Princef-

674 3941 794 4058 fe.
869 3977 958 4062 6.
1006 3937 1429 4056 Herode
1478 3933 1933 4080 l’enuoye
1967 3937 2287 4092 quérir
2335 3934 2515 4078 par
2542 3934 2599 4032 5
2615 3918 3263 4056 oelme,auec
3288 3910 3499 4028 def-

676 4107 881 4222 fein
904 4105 1029 4218 de
1054 4095 1525 4257 l'obliger
1566 4096 1617 4209 à
1668 4094 2105 4251 prendre
2146 4087 2369 4246 plus
2404 4083 2469 4194 d
2496 4075 2973 4195 aifeâion
3004 4117 3263 4233 pour
3292 4076 3487 4235 luy.

3262 5365 3447 5485 LA
