3796 5856
449 301 631 418 *+
1123 238 1400 359 LA
1567 228 2720 378 MARIANE,

451 438 724 561 Lors
781 472 988 606 que
1043 419 1254 547 fon
1309 419 1460 589 efi
1501 419 1858 543 réduit
1901 415 1974 537 à
2029 424 2276 591 cefie
2329 421 2892 543 extrémité
2920 512 2956 558 ,

464 623 664 747 De
721 657 853 736 ne
885 607 1341 787 fournir
1387 645 1629 774 agir
1681 640 2145 775 auecque
2196 591 2581 721 liberté
2585 695 2607 717 .

1372 944 2547 1086 MARIANE.

479 1348 809 1509 Adoj
837 1341 900 1451 ?
916 1375 1122 1507 que
1151 1332 1248 1452 ie
1270 1376 1442 1452 me
1469 1331 2146 1498 contraigne?
2162 1324 2504 1491 efiant
2529 1311 2868 1438 d'une
2895 1318 3404 1491 naiffance
3393 1357 3454 1459 y
3458 1421 3468 1429 .

479 1511 726 1669 Qui
765 1546 1028 1688 peut
1071 1507 1810 1684 impunément
1837 1501 2298 1682 prendre
2349 1531 2638 1619 toute
2693 1496 3058 1622 licence
3082 1588 3124 1638 ,

486 1699 668 1825 Et
719 1695 908 1868 qui
922 1687 1210 1863 fans
1265 1684 1642 1864 abufer
1676 1683 1808 1807 de
1855 1684 2100 1851 cefie
2151 1668 2730 1818 authonté,

486 1875 705 2007 ]\fe
761 1868 1071 2045 reigle
1119 1917 1347 1991 mes
1390 1862 1705 2047 defirs
1745 1911 1955 2041 que
1994 1900 2211 2033 par
2254 1856 2319 1980 [
2322 1853 2913 2028 bonnefietê
2938 1859 3009 1970 ?

496 2049 759 2206 Que
796 2099 1049 2176 mon
1092 2094 1367 2171 cœur
1350 2045 1489 2221 fie
1540 2043 2141 2216 defmente,
2200 2071 2351 2198 (jf
2394 2074 2761 2159 trouue
2810 2028 2961 2151 du
3010 2029 3383 2151 mérité

490 2243 637 2357 A
646 2230 985 2405 plaire
1030 2227 1829 2398 aufentiment,
1863 2219 2143 2343 d'un
2183 2208 2729 2358 Barbare,
2763 2209 3038 2332 d'un
3055 2198 3456 2380 Scythe,

495 2412 1134 2555 Meurtrier
1167 2404 1300 2530 de
1348 2455 1570 2533 mes
1597 2443 1872 2582 pare
1876 2449 2004 2526 ns
2051 2407 2122 2520 ?

1660 2753 2316 2886 DINA,

2188 3117 2785 3249 Madame
2810 3102 3467 3289 parleKjbas,

1425 3473 2598 3622 MARIANE.

511 3898 634 4012 Si
687 3920 940 4001 mon
989 3906 1272 4047 corps
1341 3871 1490 4036 efi
1527 3864 1930 4042 captif,
1971 3907 2224 3987 mon
2263 3903 2522 3980 ame
2567 3901 2704 3975 ne
2779 3847 3000 4021 1efi
3027 3886 3266 4019 pas.

508 4058 634 4180 le
688 4058 838 4231 lai
827 4062 966 4232 fie
1012 4049 1130 4172 la
1181 4056 1770 4175 contrainte
1827 4094 2058 4168 aux
2070 4035 2525 4212 feruiles
2569 4027 3129 4209 perfionnes
3151 4116 3188 4162 ,

506 4240 631 4363 le
644 4238 885 4409 fors
944 4230 1077 4352 de
1102 4267 1330 4406 trop
1354 4228 1437 4351 d
1465 4225 1831 4415 ayeuls
1863 4230 2053 4400 qui
2072 4254 2315 4394 port
2312 4225 2593 4338 oient
2626 4212 2811 4335 des
2868 4212 3495 4335 Couronnes,

500 4423 833 4540 'Pour
880 4457 1189 4536 auoir
1226 4413 1337 4534 la
1374 4403 1817 4584 penfée,
1878 4449 2005 4565 çj
2000 4432 2030 4473 3
2080 4399 2175 4522 le
2188 4402 2499 4575 front
2554 4393 2931 4575 différa
2938 4435 3131 4528 ns,

524 4601 703 4724 Et
743 4592 1189 4714 deuenir
1247 4587 1705 4763 Efclaue
1752 4634 1887 4709 en
1917 4582 2349 4755 faueur
2389 4574 2575 4698 des
2609 4586 3076 4750 Tyrans.

521 4767 1204 4951 Quffilerode
1252 4801 2034 4943 mimportune,
2072 4803 2208 4884 ou
2237 4755 2782 4892 damour,
2855 4737 2988 4869 ou
3009 4737 3138 4863 de
3167 4729 3232 4852 h
3239 4767 3516 4863 aine,

533 4963 724 5078 On
771 4992 950 5076 me
1007 4991 1348 5072 rverra
1395 4984 1896 5119 toujours
1945 4982 2268 5067 'uiure
2339 4962 2494 5094 çf
2547 4928 2950 5060 mourir
2971 4918 3106 5042 en
3131 4917 3521 5034 Reine*

3121 5403 3514 5536 DINA,
