3796 5876
581 267 698 348 10

1255 205 1538 332 LA
1731 195 2326 327 MARI
2379 197 2886 351 ANE,

1618 575 2649 709 HERODE.

627 939 1494 1122 Efcoutelfdonc
1509 935 1602 1061 le
1626 940 1920 1110 refie,
1957 964 2111 1097 &
2132 980 2304 1058 me
2333 926 3098 1105 laifieT^parler
3114 1007 3150 1065 -

613 1131 736 1251 Il
771 1127 1184 1256 riamit
1213 1157 1528 1296 point
1567 1166 1722 1298 icy
1775 1121 1892 1241 la
1971 1124 2336 1293 Eyare
2383 1159 2456 1228 a
2509 1108 2624 1230 la
2669 1111 2916 1278 tefie

615 1312 1062 1430 Comme
1107 1350 1342 1426 aux
1387 1343 1663 1422 tours
1670 1293 2247 1470 filemnels
2276 1290 2409 1413 de
2439 1291 2771 1458 nofire
2775 1283 3207 1460 grande
3196 1287 3333 1460 fie
3296 1292 3466 1459 fie
3505 1337 3536 1430 ;

614 1496 809 1613 Ou
856 1518 1219 1609 tirant
1258 1513 1488 1658 trop
1546 1474 1973 1646 d’efclat
2018 1472 2295 1594 dvn
2352 1466 2625 1592 riche
2672 1469 3265 1634 veflement
3289 1561 3327 1608 ,

600 1666 723 1791 IL
758 1659 881 1788 oh
880 1665 1081 1834 lige
1080 1666 1237 1789 oit
1276 1657 1425 1781 les
1478 1655 1757 1824 Iuifis
1812 1700 1885 1771 a
1934 1651 2161 1777 dire
2212 1645 2901 1787 hautement,

593 1840 1064 2026 Qujvne
1079 1842 1203 2011 fi
1220 1831 1798 2010 gloneufie,
1865 1861 2017 1992 &
2053 1832 2136 2009 fi
2200 1822 2492 1953 noble
2527 1824 3096 2000 perfionne,

585 2035 1144 2155 Aderitoit
1187 2020 1324 2140 de
1353 2049 1720 2191 porter
1771 2009 1886 2133 la
1935 2019 2352 2186 Afiytre
2401 2032 2554 2169 çf
2613 2003 2728 2126 la
2793 2009 3344 2125 Couronne
3356 2097 3376 2123 .

592 2203 719 2325 le
781 2249 916 2326 ne
966 2200 1172 2375 tay
1221 2238 1669 2319 reconnu
1721 2190 1977 2368 qüa
2028 2188 2145 2309 la
2195 2192 2471 2309 voix
2512 2182 3099 2355 feulement
3119 2225 3154 2317 )

590 2379 713 2502 Il
714 2376 1221 2556 fiembloit
1276 2371 1605 2499 retiré
1644 2369 1779 2494 de
1842 2364 2183 2492 l'onde
2198 2360 3019 2541 fiaifichement,

594 2571 819 2684 Son
864 2599 1151 2736 corps
1180 2559 1471 2730 efioit
1488 2545 1911 2717 enfléde
1954 2545 2237 2670 l'eau
2288 2542 2881 2721 quilaUoit
2915 2534 3203 2677 beue,

601 2753 796 2864 Ses
820 2737 1284 2863 cheueux
1309 2769 1546 2858 tous
1572 2724 2077 2899 moüillel^
2125 2724 2305 2901 luy
2351 2713 3582 2897 tcmboientfiurlaveué,

605 2917 832 3039 Les
821 2917 1090 3090 flots
1117 2919 1552 3039 auoient
1593 2911 1966 3083 efieint
2015 2905 2130 3027 la
2179 2901 2518 3026 clarté
2563 2899 2696 3022 de
2709 2898 2900 3073 fies
2915 2943 3288 3071 yeux,

638 3090 857 3218 Oui
881 3147 933 3217 s
959 3099 1387 3268 efioient
1409 3135 1545 3214 en
1581 3118 2093 3213 mourant
2117 3086 2614 3255 tournélfi
2630 3079 2999 3200 deuers
3026 3072 3173 3196 les
3212 3075 3553 3196 deux
3553 3113 3585 3203 >

612 3274 731 3399 Il
740 3268 1243 3446 Jembloit
1278 3310 1487 3446 que
1526 3263 1899 3444 [effort
1950 3259 2289 3385 d'vne
2330 3255 2695 3383 cruelle
2742 3299 2993 3428 rage

614 3459 985 3579 Sluoit
1030 3449 1331 3625 laifié
1367 3442 1871 3571 l'horreur
1898 3444 2263 3618 peinte
2277 3432 2493 3613 fur
2499 3436 2711 3609 fin
2750 3432 3187 3608 vifiage,

625 3638 802 3759 Et
852 3676 1062 3805 que
1111 3630 1246 3752 de
1259 3629 1567 3804 fiang
1606 3656 2081 3801 meurtry
2125 3654 2374 3744 tout
2401 3619 2600 3790 fon
2647 3620 2926 3739 teint
2931 3610 3068 3783 fie
3123 3602 3576 3772 couurifi,

621 3816 804 3937 Et
805 3811 962 3980 fia
1015 3805 1386 3935 bouche
1433 3809 1724 3976 efioit
1767 3837 2104 3925 morte
2157 3840 2464 3922 encor
2497 3790 2858 3971 quelle
2913 3787 3378 3954 souunfi
3379 3877 3400 3901 .

766 4001 961 4114 Ses
997 4027 1371 4163 propos
1416 3979 1607 4106 dés
1632 3977 2039 4106 tabord
2085 4074 2122 4122 ,
2173 4010 2367 4102 ont
2405 3970 2621 4147 efié
2660 3971 2847 4093 des
2888 3974 3347 4104 iniures,

622 4172 879 4293 Des
926 4163 1445 4346 reproches
1460 4159 2001 4338 fanglans
2054 4210 2095 4281 :
2144 4170 2429 4284 mais
2482 4190 2713 4282 tous
2746 4145 3097 4327 pleins
3152 4140 3523 4311 dimpo
3522 4201 3573 4228 -

897 4350 1135 4509 fur
1130 4398 1271 4471 es.

617 4516 734 4643 Il
771 4567 846 4640 a
855 4524 1104 4691 fait
1143 4557 1492 4646 contre
1539 4565 1781 4692 moy
1825 4511 2110 4643 mille
2153 4519 2888 4693 imprécations
2938 4603 2974 4651 ,

615 4696 734 4817 Il
773 4706 1060 4869 m'efi
1095 4748 1402 4826 venu
1443 4695 1880 4872 charger
1925 4697 2060 4821 de
2111 4695 2844 4820 malédictions
2893 4783 2932 4827 ,

610 4885 881 5004 Ada
913 4876 1227 5051 parlé
1258 4879 1443 5000 des
1493 4885 1965 5051 rigueurs
1984 4874 2201 5045 fur
2216 4874 2429 5043 fon
2463 4910 2711 5047 pere
2739 4901 3257 4992 exercees,

612 5065 817 5186 Ad
830 5061 1383 5232 imputant
1430 5092 1661 5180 tous
1706 5055 1859 5180 les
1900 5099 2249 5178 maux
2292 5052 2427 5179 de
2476 5099 2665 5175 nos
2668 5067 3097 5221 guerres
3106 5021 3503 5209 pajfiées
3524 5067 3567 5140 :
