3796 5876
619 342 744 432 12

1315 260 1595 394 LÀ
1755 248 2361 384 MARI
2415 251 2877 381 ANE

1618 610 2606 748 SALOME.

607 1011 1101 1188 LEfiat
1122 1000 1159 1151 ,
1191 996 1477 1130 d'vn
1522 992 2226 1166 changement
2253 1012 2528 1156 peut
2553 982 2810 1153 efire
2833 982 3293 1109 menacé.

1621 1274 1930 1404 HE
1979 1263 2680 1395 RODE.

638 1568 792 1691 Ce
847 1550 1326 1738 quefcrit
1370 1545 1466 1671 le
1542 1541 2004 1711 Defiin,
2035 1579 2168 1659 ne
2209 1563 2480 1700 peut
2529 1528 2780 1700 efire
2829 1522 3200 1704 ejfacé,

633 1746 750 1868 Il
761 1744 1044 1915 faut
1087 1721 1590 1904 bon-gré,
1633 1716 2164 1890 mal-gré,
2221 1757 2430 1888 que
2480 1704 2802 1830 lame
2853 1705 3230 1877 refolué

635 1938 975 2055 Sume
1020 1961 1129 2038 ce
1174 1917 1465 2088 quia
1518 1897 1988 2074 marqué
1997 1893 2152 2071 fa
2187 1894 2720 2067 puijfance
2753 1883 3160 2060 abfolué
3183 1939 3220 2010 :

646 2111 851 2231 De
877 2094 1063 2272 fies
1094 2132 1451 2271 piégés
1473 2084 1875 2258 fecrets
1930 2124 2067 2200 on
2116 2118 2249 2194 ne
2286 2104 2547 2239 peut
2592 2117 2647 2185 s
2676 2063 3267 2240 ajranchir,

644 2283 987 2409 Nous
998 2323 1104 2450 y
1150 2313 1573 2396 courons
1608 2255 1851 2434 plus
1892 2253 2179 2377 droit
2222 2292 2357 2368 en
2386 2242 2861 2424 penfant
2913 2243 3059 2367 les
3090 2232 3559 2419 gauchir.

644 2456 1204 2581 Lhomme
1253 2494 1328 2565 a
1381 2447 1574 2623 qui
1628 2437 1740 2564 la
1800 2440 2273 2560 Fortune
2322 2468 2397 2545 a
2416 2424 2671 2596 fait
2736 2420 2923 2544 des
2968 2454 3612 2593 auantages,

645 2642 859 2806 Efi
911 2674 1306 2757 comme
1330 2623 1426 2748 le
1477 2624 1966 2793 vaiffeau
1980 2600 2358 2785 fauué
2412 2603 2546 2725 de
2589 2638 2826 2726 cent
2863 2646 3224 2772 orages
3247 2674 3286 2737 >

641 2811 890 2967 Qui
905 2812 1214 2984 fujet
1259 2798 1748 2973 toutefois
1803 2839 2038 2918 aux
2087 2790 2536 2963 caprices
2598 2780 2746 2901 du
2771 2780 3012 2951 fort
3042 2873 3074 2917 ,

631 2999 957 3121 ‘Peut
975 2985 1113 3161 fe
1144 2979 1521 3160 perdre
1575 2974 1649 3097 à
1701 2974 1815 3099 la
1872 2970 2195 3107 rade,
2222 3013 2352 3086 ou
2369 2997 2664 3138 périr
2709 2963 2992 3084 dans
3041 2957 3136 3079 le
3175 2987 3444 3132 port.

796 3171 1159 3299 Adais
1212 3165 1403 3338 qui
1452 3204 1625 3281 me
1666 3188 1933 3336 peut
1976 3146 2427 3321 choquer
2443 3150 2511 3261 ?
2560 3170 2713 3300 çf
2764 3182 3237 3316 quay-ie
3278 3129 3515 3308 plus
3559 3118 3627 3243 à

1090 3336 1589 3463 craindre

650 3533 868 3655 Au
892 3520 1230 3696 faifie
1276 3518 1430 3640 du
1450 3508 1974 3639 bon-heur
2017 3549 2156 3628 ou
2208 3498 2414 3622 Ion
2459 3545 2631 3621 me
2681 3498 2928 3619 voit
2974 3487 3495 3619 atteindre
3514 3490 3591 3601 ?

651 3713 954 3831 Rien
986 3697 1086 3821 ri
1089 3703 1237 3873 efi
1253 3697 2026 3874 ajfe&puiffant
2031 3724 2304 3861 pour
2315 3725 2490 3801 me
2505 3675 2886 3851 perdre
2911 3662 3620 3838 autourd’huy,

651 3898 778 4011 Si
825 3880 922 4005 le
979 3878 1220 4003 Ciel
1259 3925 1394 4002 en
1447 3867 1940 3999 tombant
1987 3914 2120 3991 ne
2183 3849 2730 3985 niaccable
2741 3852 3008 4027 fous
3065 3851 3243 4028 luy
3279 3898 3308 3968 :

665 4062 787 4185 le
838 4107 973 4183 ne
1010 4069 1261 4236 puis
1301 4048 1885 4230 fuccomber
1922 4094 2133 4222 que
2168 4078 2385 4217 par
2422 4079 2651 4160 vne
2700 4067 3237 4156 auanture

672 4249 1009 4367 Dont
1054 4237 1147 4360 le
1196 4273 1442 4410 coup
1458 4233 1687 4404 foit
1703 4225 2035 4397 fatal
2066 4269 2141 4342 a
2186 4250 2473 4343 toute
2521 4210 2635 4336 la
2685 4208 3191 4338 Nature.

682 4429 979 4547 Tous
1028 4411 1175 4538 les
1228 4410 1929 4586 Afmoneans
1948 4400 2215 4576 font
2268 4389 2687 4518 dedans
2730 4389 2825 4514 le
2874 4380 3417 4525 tombeau.

692 4605 888 4722 On
913 4628 1158 4718 voit
1200 4567 1528 4769 dejfus
1556 4590 1652 4713 le
1688 4585 2126 4713 Ebroue
2185 4624 2360 4700 vn
2410 4582 3076 4746 Adonarque
3107 4593 3636 4690 nouueau,

693 4769 938 4926 Qui
971 4806 1246 4894 tient
1252 4748 1516 4943 fous
1547 4767 1694 4893 les
1727 4768 2248 4889 Lauriers
2268 4752 2426 4926 fa
2482 4756 3034 4876 Couronne
3089 4738 3382 4913 çÿfa
3407 4768 3508 4857 te
3472 4728 3640 4898 fie

683 4955 1020 5075 Tour
1059 4955 1456 5072 iamais
1507 4941 1653 5071 àl
1670 4942 1925 5111 abry
1981 4941 2164 5064 des
2215 4967 2520 5104 coups
2547 4929 2682 5053 de
2709 4929 2822 5054 la
2843 4925 3350 5100 tempefie.

879 5119 1005 5249 le
1015 5125 1291 5298 ffay
1343 5119 1581 5251 bien
1636 5123 1895 5298 quel
1899 5117 2353 5295 fupport
2421 5114 2915 5284 Augufie
2966 5148 3151 5229 ma
3198 5089 3639 5272 promis,

700 5311 947 5435 Ade
988 5303 1459 5431 voulant
1510 5309 1961 5430 receuoir
1994 5345 2145 5421 au
2192 5333 2476 5464 rang
2519 5287 2655 5413 de
2664 5289 2857 5463 fes
2914 5288 3187 5408 amis
3206 5347 3245 5413 >
