3796 5831
2972 320 3061 425 7

914 221 2199 371 TRAGEDIE.

86 412 257 539 Et
304 407 367 533 l’
374 408 827 536 Amant
851 448 1325 589 preuenu
1384 418 1517 543 de
1568 433 1971 554 crainte
2018 477 2153 553 eu
2206 427 2339 557 de
2394 430 2707 607 defirs
2737 536 2772 583 ,

75 587 614 763 Efprouue
661 590 850 714 des
899 596 1376 765 rigueurs
1401 694 1438 740 ,
1489 649 1626 725 ou
1651 612 2012 780 goufle
2069 609 2254 734 des
2286 611 2735 789 plaifirs.

1010 947 1146 1072 H
1206 949 1300 1073 E
1358 951 1474 1073 R
1538 958 1666 1082 O
1736 963 1862 1086 D
1918 959 2057 1091 E.

63 1312 258 1433 Ces
295 1306 912 1481 exportions
963 1362 1096 1442 ne
1145 1368 1318 1444 me
1379 1360 1990 1458 contentent
2011 1378 2450 1506 gueres,

55 1489 254 1608 Ces
278 1524 802 1664 principes
847 1540 1392 1624 communs
1445 1542 1636 1627 ont
1681 1508 1866 1634 des
1921 1514 2214 1694 effets
2243 1518 2790 1691 vulgaires
2812 1572 2846 1662 z

48 1669 216 1789 Et
256 1698 383 1787 tu
418 1678 697 1834 /fais
750 1718 903 1846 qu
930 1678 1487 1848 autresfois
1542 1682 2067 1866 l’Egypte
2136 1739 2787 1872 remarquoit

42 1843 325 1963 Aux
333 1839 723 2015 fonges
774 1857 1363 2024 importuns
1415 1907 1623 2035 que
1682 1866 2045 2044 Iofeph
2092 1874 2733 2053 exphquoit)

39 2009 351 2173 Quil
394 2068 525 2146 en
568 2027 768 2192 efl,
822 2028 1083 2154 dont
1121 2032 1542 2211 l’image
1597 2045 1747 2215 efl
1777 2043 2244 2173 heureux
2293 2099 2430 2176 ou
2441 2052 2922 2234 funefle)

31 2197 360 2319 Nous
413 2246 1036 2374 annonfans
1087 2210 1198 2333 la
1222 2261 1542 2385 grâce
1561 2312 1599 2361 ,
1643 2266 1778 2343 ou
1827 2222 1920 2347 le
1975 2270 2474 2357 courroux
2513 2237 2906 2407 celefte:

26 2363 340 2549 Quoy
388 2377 658 2551 quil
687 2428 820 2502 en
834 2382 1066 2552 foit
1086 2482 1121 2530 ,
1150 2369 1669 2538 ‘Pherore,
1696 2399 2081 2570 efeoute
2102 2450 2491 2585 vnpeu
2538 2412 2633 2535 le
2652 2467 2977 2562 mien,

24 2551 633 2728 N'importe
679 2561 948 2735 quil
961 2600 1540 2739 promette,
1578 2623 1711 2700 ou
1734 2577 1883 2705 du
1928 2584 2170 2705 mal
2184 2636 2317 2712 ou
2346 2587 2497 2713 du
2522 2584 2792 2721 bien.

3011 2145 3287 2225 Salome
3018 2258 3224 2316 entre.
