3796 5868
955 115 2304 277 TRAGEDIE.

1313 374 1973 523 DINA.

150 658 732 798 ALadame
776 764 815 811 ,
865 666 958 791 le
1000 669 1424 799 ‘Valais
1478 680 1628 848 eff
1670 717 1910 806 tout
1966 691 2261 864 plein
2336 699 2825 877 d'effiom

151 840 385 994 Qui
438 844 889 973 veillent
934 857 1171 972 iour
1211 884 1365 1016 çf
1412 863 1661 984 nuit
1718 861 1851 985 de
1839 874 2051 1041 [fus
2101 920 2308 999 vos
2365 890 2770 1010 allions
2795 965 2828 1025 -

149 1030 579 1198 Depuis-
629 1074 804 1153 vn
847 1066 1252 1157 certain
1313 1073 1660 1212 temps
1695 1044 2126 1172 Salome
2184 1064 2462 1183 tient
2514 1060 2588 1179 à
2626 1112 2967 1244 gages

133 1206 453 1324 ‘Pour
498 1196 657 1328 cét
702 1201 1007 1381 office
1015 1202 1284 1382 feul
1297 1309 1334 1355 }
1394 1214 1583 1341 des
1623 1214 1891 1385 filles
1947 1258 2101 1388 çf
2154 1232 2339 1359 des
2381 1242 2767 1415 ‘Pages
2801 1345 2838 1389 ,

141 1392 420 1505 Sans
471 1391 702 1560 ceffe
757 1386 831 1505 à
879 1422 1144 1512 cette
1176 1430 1484 1568 porte
1537 1397 1672 1519 ils
1733 1407 2272 1535 viennent
2317 1413 2766 1587 efcouter

138 1552 479 1706 Quels
491 1560 763 1736 font
784 1602 1019 1697 tous
1050 1615 1263 1694 vos
1287 1612 1708 1755 propos,
1743 1583 2053 1757 quils
2120 1588 2603 1771 luyvont
2642 1642 3185 1778 rapporter

1024 1812 1822 1945 MARIA
1902 1826 2222 1968 NE.

123 2102 307 2229 N
311 2111 762 2286 importe
791 2111 828 2254 ,
889 2112 1314 2290 laiffons
1375 2116 1528 2240 les
1591 2122 2052 2296 efcouter
2081 2179 2158 2251 a
2227 2134 2462 2263 leur
2495 2139 2718 2313 aife
2732 2240 2775 2301 9

122 2277 277 2404 Ils
330 2314 828 2413 n'auront
851 2330 1057 2465 pas
1118 2294 1215 2415 le
1278 2290 1517 2422 bien
1572 2303 1923 2428 d’outr
1958 2316 2187 2435 rien
2233 2317 2502 2493 quil
2534 2321 2707 2499 luy
2739 2320 3116 2502 plaifi,

1130 2536 2092 2676 DINA

122 2824 283 2944 Le
344 2831 591 3001 Roy
650 2876 929 2958 vous
976 2836 1277 2961 a-til
1291 2837 1547 3010 fait
1581 2849 2043 3027 quelque
2091 2861 2487 2982 nouuel
2519 2912 2868 3044 ennuy

109 3004 808 3184 TPourcaufer
847 3058 1002 3135 ces
1055 3014 1564 3189 defdains
1614 3073 1826 3199 que
1878 3078 2158 3158 vous
2206 3082 2513 3170 auez^
2534 3079 2808 3216 pour
2846 3046 3128 3223 luy?

980 3414 1142 3542 M
1200 3419 1314 3541 A
1372 3422 1488 3544 R
1550 3421 1610 3540 I
1660 3433 1776 3553 A
1820 3431 1970 3558 N
2016 3437 2148 3569 E.

106 3738 434 3925 Quoy
485 3754 549 3871 ?
577 3757 1225 3929 t'imagines-
1235 3798 1362 3887 tu
1416 3816 1624 3938 que
1672 3771 1788 3895 la
1834 3784 2330 3951 tragique
2378 3782 2779 3957 hijloire

106 3930 305 4046 De
358 3974 583 4049 mes
619 3929 865 4105 pim
910 3933 1193 4063 chers
1231 3980 1681 4125 parents
1747 3956 2029 4120 forte
2076 3958 2215 4076 de
2256 4008 2447 4084 ma
2499 3970 2993 4092 mémoire
3013 3981 3087 4094 ?

105 4097 658 4277 Doufwurs
689 4107 834 4229 les
861 4121 1208 4240 vieux
1261 4124 1752 4245 Hircane
1792 4155 1946 4285 &
1967 4176 2218 4254 mon
2228 4136 2520 4308 fiere
2573 4160 3076 4274 meurtris

96 4280 345 4403 ALe
392 4286 931 4409 viennent
972 4300 1375 4464 affliger
1424 4295 1559 4419 de
1599 4304 2187 4481 pitoyables
2232 4356 2435 4439 eus
2458 4364 2491 4448 ;

95 4456 331 4577 Soit
373 4452 576 4579 lors
626 4505 834 4635 que
881 4470 980 4585 ie
1035 4468 1374 4642 repofe
1419 4571 1453 4614 >
1507 4521 1638 4597 ou
1656 4477 1886 4649 foit
1935 4485 2136 4607 lors
2187 4539 2394 4663 opue
2441 4502 2540 4619 ie
2585 4503 2904 4645 veille
2932 4599 2967 4646 0

95 4626 398 4751 Leur
394 4632 813 4808 plainte
834 4688 907 4759 a
930 4675 1161 4774 tous
1188 4690 1711 4778 moments
1738 4666 2415 4841 vietfrapper
2432 4725 2685 4799 mon
2704 4677 3075 4818 oreille)

96 4800 251 4924 Ils
302 4859 351 4928 s
380 4809 761 4991 offrent
809 4815 885 4938 à
933 4857 1218 4951 toute
1265 4825 1583 4956 heure
1629 4828 1703 4954 d
1753 4886 1980 4962 mes
1974 4890 2084 5014 y
2087 4890 2300 4965 eux
2347 4849 2859 5024 efplorez.,,

93 4976 218 5106 le
261 4980 406 5113 les
456 5035 680 5173 yoy
728 5032 970 5133 tous
984 4998 1534 5185 ftnglans
1584 5042 1738 5178 (f
1782 5049 2016 5148 tous
2068 5015 2669 5202 défigure

2569 5215 2683 5326 D
