3796 5918
524 404 659 533 de
700 405 1117 576 pointes
1168 382 1801 518 recherchées
1836 433 1861 519 ;
1910 437 2121 560 tay
2135 384 2750 562 feulement
2794 395 3133 521 'voulu
3160 402 3518 581 défai¬

527 634 637 713 re
683 627 953 710 auec
990 626 1165 703 'vn
1214 615 1423 752 peu
1480 569 1615 697 de
1662 567 2367 745 bien-feance,
2396 568 2543 692 les
2586 569 3527 744 diuersfentimens

529 763 809 892 d’vn
863 774 1251 939 Tyran
1335 800 1931 930 courageux
2007 781 2161 912 (jf
2215 748 2798 927 fpirttuel,
2865 752 3013 876 les
3099 756 3531 930 artifices

529 946 865 1072 d'aune
905 944 1333 1115 femme
1385 934 1877 1108 enuieufe
1951 961 2104 1093 &
2153 928 2835 1057 'vmdicatiue
2865 977 2891 1091 ,
2950 963 3100 1092 çf
3140 936 3251 1059 la
3299 988 3533 1070 con¬

495 1130 876 1298 fiance
901 1120 1240 1247 d^ne
1297 1124 1648 1241 Reine
1701 1117 1964 1240 dont
2009 1111 2122 1239 la
2171 1150 2504 1238 'vertu
2577 1116 3054 1236 meritoit
3097 1164 3266 1237 •vn
3303 1121 3538 1294 plus

491 1299 1074 1480 fauorable
1105 1298 1442 1473 defitn
1466 1354 1500 1420 :
1547 1303 1714 1425 Et
1741 1294 1949 1471 iaj
1979 1293 2408 1468 dépeint
2450 1325 2686 1415 tout
2734 1290 2954 1412 cela
2983 1291 3116 1413 de
3165 1292 3274 1415 la
3298 1349 3532 1422 ma¬

524 1533 814 1613 niéré
836 1532 1046 1662 que
1070 1529 1280 1656 iaj
1304 1517 2010 1657 creupouuoir
2050 1479 2426 1598 mieux
2446 1472 2810 1642 reufiir
2850 1469 3134 1596 dans
3154 1470 3266 1595 la
3298 1518 3488 1652 per
3485 1553 3533 1576 -

501 1665 975 1846 fpeBiue
1029 1665 1183 1791 du
1263 1657 1745 1788 Theatre
1789 1654 1821 1829 5
1854 1654 2141 1829 fans
2210 1644 2845 1777 m'attacher
2884 1649 3125 1777 mal
3181 1650 3255 1771 à
3297 1694 3540 1830 pro¬

518 1890 705 2025 pos
756 1843 833 1966 à
876 1845 1063 1971 des
1104 1838 1519 2018 finefies
1604 1872 1842 2014 trop
1901 1831 2405 2009 efiudices
2455 1832 2485 1967 -
2556 1833 2727 1956 Et
2795 1837 2985 2009 qui
3026 1833 3295 2004 font
3328 1873 3483 2008 pa
3495 1917 3539 1940 -

529 2031 878 2200 roifire
927 2074 1158 2153 'une
1207 2059 1436 2195 trop
1467 2014 1902 2191 grande
1955 2012 2570 2195 affettation
2619 2058 2656 2152 ,
2741 2059 2874 2135 en
2945 2057 3122 2138 •vn
3203 2049 3542 2192 temps

528 2255 668 2335 ou
711 2207 912 2331 ton
929 2208 1179 2381 fait
1206 2200 1448 2376 plus
1501 2195 1877 2368 défiât
1917 2192 2105 2319 des
2159 2189 2642 2321 beautez,
2676 2196 2871 2370 qui
2875 2191 3149 2369 font
3210 2227 3540 2322 natu¬

530 2386 884 2534 relles,
916 2435 1128 2587 que
1172 2383 1308 2510 de
1378 2375 1668 2505 celtes
1718 2382 1908 2556 qui
1918 2375 2192 2553 font
2210 2366 2666 2550 fardées
2683 2465 2704 2493 >
