3796 5897
472 174 628 289 26
1219 145 1496 268 LA
1667 138 2170 264 MAR
2235 137 2458 258 IA
2523 132 2884 296 NE,

459 344 624 471 Ils
673 386 850 465 me
897 341 1436 464 viennent
1471 365 1830 455 conter
1871 328 2152 452 leurs
2207 328 2554 498 trifies
2611 363 3206 458 auantures
3233 331 3272 479 ]

460 526 617 649 Ils
663 570 835 645 me
885 525 1425 645 viennent
1468 511 1987 684 monjlrèr
2018 509 2297 632 leurs
2346 505 2855 630 mortelles
2930 507 3407 688 bleJfureJ
3431 599 3475 666 ,

472 714 645 833 Et
684 750 857 826 me
912 736 1199 825 vont
1248 692 1871 870 reprochant
1904 729 2178 868 pour
2224 734 2398 809 me
2454 679 2900 811 combler
2944 689 3431 820 d‘ennuis
3434 795 3467 840 ,

471 880 1176 1055 Qriauecque
1223 877 1460 1001 leur
1497 869 2018 998 bourreau
2047 914 2156 993 te
2203 867 2444 989 dors
2493 899 2834 988 toutes
2881 866 3028 990 les
3073 911 3366 999 nuits
3378 972 3402 1002 .

648 1061 763 1183 Il
774 1062 1055 1231 faut
1115 1106 1327 1234 que
1366 1054 1465 1176 le
1501 1045 1903 1229 perfide
1955 1044 2339 1173 acheue
2397 1090 2591 1170 ma
2640 1042 3115 1221 difgrace
3143 1094 3177 1184 z

472 1242 587 1371 Il
620 1290 755 1368 en
814 1274 1095 1367 veut
1146 1285 1221 1358 a
1270 1285 1525 1363 mon
1530 1232 1901 1409 fiang,
1958 1231 2049 1355 il
2086 1275 2223 1354 en
2223 1367 2243 1399 t
2270 1261 2553 1353 veut
2588 1274 2667 1346 a
2714 1270 2907 1349 ma
2968 1274 3203 1355 race
3231 1323 3267 1375 ,

475 1424 592 1549 Il
639 1421 798 1546 rie
779 1426 892 1595 fl
918 1457 1122 1596 pas
1137 1417 1664 1592 fiatisfait
1692 1455 1970 1592 pour
2018 1415 2328 1535 auoir
2374 1404 2896 1585 majfacré

483 1608 676 1741 Vn
725 1599 1246 1728 vieillard
1283 1591 1862 1722 venerable
1909 1637 1944 1734 ,
1997 1636 2176 1716 vn
2207 1588 2682 1763 TPontife
2701 1581 3038 1762 facré

488 1780 733 1937 Qui
780 1782 875 1907 le
925 1790 1135 1906 mit
1188 1777 1475 1904 dans
1494 1778 1687 1951 fies
1736 1775 2071 1900 droits
2131 1801 2281 1934 (f
2332 1768 2621 1893 dans
2632 1769 2855 1942 fin
2908 1763 3351 1895 alliance
3371 1820 3417 1918 ;

492 1968 995 2140 Logeant
1044 2010 1177 2085 en
1190 1957 1407 2134 fin
1460 1990 1807 2134 appuy
1864 1988 2155 2078 toute
2162 1953 2323 2126 fia
2372 1940 2891 2145 confiance
2920 2002 2959 2066 :

501 2148 728 2324 JSly
777 2182 1050 2321 pour
1097 2146 1410 2265 auoir
1441 2117 1814 2305 ejleint
1857 2132 2196 2256 d’vne
2247 2132 2724 2301 ejlrange
2745 2130 3096 2301 fafon

503 2334 695 2463 Vn
751 2333 1239 2448 innocent
1284 2314 1831 2491 beaufrere
1879 2363 1914 2456 -
1967 2362 2141 2437 vn
2201 2303 3158 2482 aimablegarfon,

498 2506 671 2630 Le
718 2511 1029 2629 ieune
1082 2493 1749 2675 Anfiobule,
1780 2492 2071 2619 helas
2090 2498 2139 2610 !
2190 2491 2397 2616 lors
2438 2536 2649 2668 que
2696 2485 2827 2663 ïy
2866 2478 3187 2662 penfie

497 2686 668 2812 Le
718 2728 1002 2809 cours
1063 2682 1196 2805 de
1248 2726 1440 2807 ma
1497 2677 1940 2802 douleur
1984 2704 2442 2848 emporte
2500 2716 2692 2791 ma
2720 2669 3246 2838 confiance
3280 2707 3312 2799 z

497 2869 580 2989 I
591 2913 736 3042 ay
781 2865 876 2989 le
923 2907 1198 2987 cœur
1199 2865 1326 3032 fi
1335 2856 1644 3034 ferré
1681 2906 1890 3036 que
1941 2903 2040 2980 le
2089 2899 2222 2978 ne
2263 2854 2512 3027 puis
2551 2845 2920 3021 parler
2935 2939 2972 2990 ,

506 3054 687 3175 Et
731 3091 981 3167 mon
1035 3090 1279 3167 ame
1331 3045 1731 3216 affligée
1785 3040 1933 3207 ejl
1951 3037 2285 3210 prefte
2334 3024 2407 3147 à
2459 3079 2513 3150 s
2545 3024 2997 3149 enuoler.

698 3228 845 3346 A
872 3229 1187 3400 peine
1240 3221 1329 3345 il
1362 3227 1819 3344 arriuoit
1870 3265 2003 3338 en
2046 3216 2243 3385 (on
2288 3205 2941 3385 quatriefme
2988 3199 3303 3373 lufire
3330 3286 3367 3339 ,

519 3406 694 3533 Et
739 3401 942 3526 l'on
991 3407 1360 3578 voyoit
1395 3448 1528 3522 en
1573 3398 1756 3572 luy
1803 3400 1906 3521 ie
1965 3440 2098 3517 ne
2107 3389 2380 3566 fiay
2431 3433 2704 3564 quoy
2745 3381 3296 3555 d'illuflre,

527 3596 686 3710 Sa
711 3626 1096 3755 grâce,
1122 3577 1276 3750 fa
1324 3574 1715 3702 beauté
1761 3574 1969 3751 ,fa
2009 3567 2373 3751 parole
2395 3662 2432 3708 9
2479 3594 2630 3725 çf
2642 3565 2855 3736 fin
2905 3594 3222 3738 port,

534 3765 1207 3939 Ramjfoient
1250 3759 1395 3883 les
1444 3752 1791 3933 efints
1838 3751 2027 3877 dés
2076 3750 2171 3877 le
2208 3753 2677 3926 premier
2710 3738 3075 3868 abord.

539 3942 654 4064 II
690 3945 980 4113 efloit
1045 3936 1178 4062 de
1236 3987 1494 4065 mon
1538 3937 1764 4113 poil
1804 3942 1838 4079 ,
1897 3931 1988 4062 il
2030 3935 2332 4057 auoit
2378 3973 2628 4050 mon
2690 3920 2917 4097 vif
2874 3967 3128 4094 âge,

539 4120 652 4245 Il
687 4125 978 4294 efloit
1021 4162 1212 4243 ma
1251 4155 1740 4295 peinture
1794 4166 1828 4261 ,
1885 4161 2022 4240 ou
2073 4110 2428 4286 t'eflois
2445 4103 2660 4280 fin
2717 4145 3106 4272 mage.

522 4304 829 4427 Tuis
862 4298 1553 4425 lesCieuxen
1570 4304 1785 4473 fin
1831 4341 2079 4420 ame
2131 4292 2567 4416 auoient
2613 4289 2821 4409 mis
2852 4280 3037 4404 des
3098 4260 3525 4439 threfors

542 4474 785 4633 Qui
840 4479 1537 4656 reflondoient
1590 4522 1943 4604 encore
2000 4465 2075 4593 à
2122 4516 2389 4594 ceux
2438 4465 2711 4589 d'vn
2724 4461 2847 4631 fi
2886 4454 3155 4584 beau
3196 4482 3472 4620 corps
3490 4531 3531 4581 ,

553 4668 726 4785 Et
773 4659 1046 4784 leurs
1075 4704 1448 4831 grâces
1469 4655 1680 4831 fur
1721 4659 1899 4835 luy
1921 4645 2562 4830 fembloient
2605 4645 2854 4816 eflre
2897 4623 3350 4762 tombées

539 4840 871 4963 ‘IPour
909 4837 1307 4965 relouer
1341 4836 1390 4962 l
1413 4835 1892 4966 honneur
1941 4833 2125 4958 des
2178 4827 2557 4956 braues
2609 4807 3255 4952 AEacabées.

558 5022 711 5142 Ce
712 5017 889 5191 luy
942 5026 1137 5196 qui
1192 5062 1451 5144 vers
1500 5017 1593 5139 le
1648 5019 1813 5144 El
1808 5016 1891 5142 il
1932 5049 2405 5189 emporta
2454 5007 2605 5130 les
2642 5044 2915 5180 pour
2908 4996 3231 5120 traits

561 5200 1126 5374 Confeffoit
1174 5232 1701 5378 toutrauy
1753 5197 1888 5321 de
1907 5193 2090 5370 fies
2146 5187 2710 5317 charmans
2764 5177 3204 5303 attraits
3226 5253 3266 5309 ,
