3796 5876
478 235 607 321 22

561 1156 3516 1503 ARGVMENT

1895 1639 2024 1764 D
2111 1637 2244 1766 Y

806 1945 2107 2131 SECOND
2382 1936 3311 2118 ACTE.

553 2425 624 2491 i.
723 2379 1172 2488 Mariane
1227 2359 1322 2472 fie
1381 2359 1702 2522 plaint
1757 2362 1928 2473 des
1981 2395 2456 2474 cruautez
2501 2354 3028 2468 d’Herode
3085 2440 3116 2489 ,
3167 2361 3270 2458 &
3327 2335 3535 2452 def-

705 2572 1073 2645 couure
1130 2526 1183 2639 à
1226 2525 1317 2636 (a
1365 2520 1953 2634 confidente
2030 2516 2389 2631 l’ordre
2439 2508 2665 2677 qu’il
2717 2559 2829 2627 au
2843 2522 2995 2622 oit
3072 2497 3425 2618 donné
3486 2500 3541 2611 à

706 2690 1111 2804 Soefrne
1164 2726 1421 2844 pour
1468 2687 1669 2796 s’en
1716 2677 2169 2803 deffaire,
2230 2719 2355 2790 en
2414 2720 2573 2786 cas
2642 2671 2877 2831 qu’il
2946 2711 3077 2780 ne
3146 2701 3528 2776 retour¬

702 2854 924 2965 nait
950 2894 1116 3006 pas
1169 2850 1294 2956 de
1321 2841 1768 2959 Rhodes,
1864 2889 1948 2955 z.
2029 2835 2440 2956 Salome
2487 2830 2994 2968 l'eficoute,
3031 2845 3134 2939 Lc
3185 2819 3370 2932 fiait
3395 2856 3532 2930 vn

705 3008 1220 3168 Dialogue
1271 3050 1508 3119 auec
1555 3004 1766 3119 elle.
1847 3011 2072 3115 Puis
2125 2997 2302 3111 elle
2345 2994 2720 3109 achcue
2771 2989 3508 3135 d’encourager»

726 3191 827 3286 &
880 3170 1431 3283 d’inftruirc
1480 3160 2145 3305 l’Efchançon
2176 3169 2353 3319 qui
2378 3161 2595 3267 doit
2642 3150 3123 3265 l'acculer,
3188 3183 3257 3278 z.
3314 3148 3525 3251 He~

718 3335 971 3443 rode
1026 3326 1345 3439 chalfe
1414 3331 1874 3435 Mariane
1946 3322 2082 3429 de
2142 3319 2233 3429 fia
2306 3310 2786 3427 chambre
2834 3401 2867 3449 ,
2939 3309 3290 3416 donne
3352 3337 3512 3406 au¬

715 3498 1070 3604 dience
1115 3488 1170 3599 à
1213 3480 1916 3628 l'Efichançon,
1973 3489 2152 3639 qui
2201 3488 2482 3587 vient
2525 3472 2690 3613 luy
2739 3462 3052 3626 parler
3095 3466 3218 3573 de
3261 3451 3508 3564 celte

715 3653 1280 3813 impolture
1327 3741 1358 3789 ,
1421 3663 1522 3764 &
1580 3644 1679 3754 fie
1739 3681 2153 3801 préparé
2196 3636 2253 3749 à
2302 3633 2539 3749 faire
2590 3631 2773 3744 fion
2827 3666 3211 3789 procez.
