3796 5876
1186 264 1453 389 LA
1685 252 2881 418 MARIANE,

1653 617 1788 741 H
1835 612 1936 735 E
1995 613 2112 738 R
2167 623 2298 742 O
2361 623 2488 750 D
2539 620 2678 752 E.

576 1003 767 1130 Tu
814 1038 1081 1122 mas
1128 987 1367 1115 bien
1424 985 1899 1111 entendu
1952 982 2349 1160 quand
2396 1031 2605 1159 iay
2640 977 2959 1160 parlé
2990 1016 3221 1109 tout
3238 982 3557 1128 haut)

577 1179 705 1304 le
732 1223 903 1305 me
929 1172 1175 1347 fuis
1235 1165 1604 1294 éueillé
1646 1201 1885 1293 tout
1919 1162 1998 1282 à
2047 1162 2445 1289 l'heure
2488 1213 2623 1291 en
2627 1163 3151 1334 furfaut,

577 1365 950 1533 Apres
999 1352 1118 1474 la
1163 1353 1514 1530 vifian
1583 1349 1698 1471 la
1733 1345 1980 1522 plus
2031 1341 2812 1518 mélancolique

583 1546 830 1692 Qui
855 1540 1186 1714 puijfe
1237 1540 1772 1654 deuancer
1811 1570 1990 1647 vn
2047 1522 2534 1647 accident
2573 1526 3110 1698 tragique.

1561 1807 1656 1929 P
1705 1803 1840 1926 H
1897 1802 1994 1924 E
2051 1802 2168 1923 R
2223 1798 2354 1918 O
2417 1799 2536 1924 R
2583 1797 2722 1927 E.

605 2079 828 2201 Les
845 2071 1234 2246 fonges
1275 2063 1422 2188 les
1452 2063 1706 2242 plus
1754 2070 2036 2187 noirs
2058 2103 2270 2233 que
2287 2054 2496 2182 l'on
2538 2060 2860 2233 puiffe
2911 2061 3433 2193 inuentcr,

609 2248 1280 2388 Seroicnt-ils
1297 2239 1830 2418 fufjifans
1883 2242 2018 2364 de
2063 2282 2344 2362 ‘vous
2391 2237 3072 2414 efpouuenter
3095 2288 3130 2354 :

623 2447 922 2572 Vous
973 2435 1164 2609 qui
1180 2403 2030 2601 ffaueîffrauer
2072 2415 2221 2539 les
2240 2412 2593 2583 forces
2638 2407 3408 2583 indomptables
3431 2507 3470 2551 3

628 2621 807 2746 Et
853 2658 1043 2790 qui
1084 2604 1747 2778 craignel^fi
1764 2639 1981 2782 peu
2032 2599 2181 2721 les
2212 2591 2539 2770 périls
2592 2587 3175 2714 véritables
3196 2598 3265 2709 ?

638 2799 795 2920 Ce
804 2795 1077 2964 font
1116 2791 1305 2913 des
1346 2785 1743 2956 vifions
1806 2828 1997 2957 qui
2042 2774 2141 2899 ri
2144 2807 2335 2898 ont
2380 2777 2783 2900 iamais
2826 2765 3179 2945 d’effet
3180 2861 3207 2889 .

1647 3148 2462 3279 HEROD
2539 3144 2672 3272 E.

650 3538 851 3655 Ad
841 3573 975 3649 on
998 3517 1313 3696 efprit
1340 3512 1486 3683 eff
1516 3503 1927 3634 troublé
1962 3509 2113 3634 du
2126 3501 2467 3683 fonge
2494 3546 2701 3679 que
2754 3490 2957 3672 iay
2978 3494 3229 3667 fait
3239 3590 3277 3637 ,

666 3706 769 3827 Il
802 3701 943 3826 ni
944 3750 1079 3823 en
1130 3724 1543 3821 rement
1554 3686 1841 3860 fans
1888 3699 2119 3868 cejfe
2166 3736 2397 3812 vne
2446 3678 2683 3806 idée
2742 3710 3377 3850 importune,

657 3878 904 4035 Qui
958 3928 1088 4005 ne
1139 3874 1366 3999 doit
1386 3922 1500 3995 m
1534 3905 1946 3993 auertir
1984 3916 2202 4044 que
2243 3867 2378 3988 de
2430 3858 2888 4038 quelque
2928 3852 3516 4027 infortune:

661 4064 942 4234 C’eft
977 4107 1150 4187 vn
1173 4088 2018 4181 auant-coureur
2059 4046 2196 4170 de
2243 4043 2702 4222 quelque
2751 4030 3300 4204 aduerfté.

1529 4328 2336 4458 PHERO
2409 4320 2724 4446 RE.

666 4612 861 4729 On
916 4649 1051 4723 ne
1094 4601 1327 4722 doit
1352 4641 1555 4773 pas
1598 4648 1733 4723 en
1758 4595 2067 4768 faire
2118 4637 2351 4717 vne
2402 4576 2873 4756 necefité
2882 4628 2919 4714 >

661 4787 866 4905 Ces
924 4816 1588 4955 apparitions
1603 4778 1878 4951 font
1924 4819 2322 4901 comme
2375 4766 2522 4890 les
2570 4805 2970 4939 images

661 4956 1072 5115 Qu’vn
1113 4953 1372 5112 mef
1369 5003 1640 5126 ange
1685 4952 2050 5125 confus
2075 4950 2440 5123 forme
2491 4943 2772 5066 dans
2847 4938 2988 5060 les
3041 4961 3430 5093 nuages
3449 4957 3482 5047 )

664 5136 942 5306 Cefl
977 5182 1151 5257 vn
1180 5132 1607 5301 fombre
1651 5129 2083 5256 tableau
2132 5127 2713 5251 d’hommes
2767 5146 2918 5279 çf
2960 5104 3583 5241 d!,animaux

672 5312 919 5469 Qui
972 5362 1105 5437 ne
1122 5290 1373 5483 fait
1420 5360 1851 5437 arrmer
1884 5360 2021 5492 ny
2080 5310 2265 5434 des
2314 5300 2603 5428 biens
2664 5345 2799 5478 ny
2850 5291 3031 5416 des
3072 5321 3435 5408 maux.
