3796 5785
331 937 3025 1174 ADVERTISSEMENT.

1002 1386 1120 1509 E
1146 1380 1438 1555 fujet
1488 1371 1621 1499 de
1672 1415 1777 1492 ce
1742 1369 1919 1541 fie
1972 1358 2515 1535 Tragédie
2574 1357 2722 1529 efi
2760 1353 2890 1519 fi
2918 1390 3157 1472 con¬

1001 1609 1152 1687 nu
1174 1658 1208 1703 >
1267 1553 1534 1736 qu'il
1579 1598 1654 1673 n
1685 1550 1984 1676 auoit
2041 1582 2244 1721 pas
2324 1534 2664 1710 befom
2732 1530 3163 1696 d’argu¬

998 1773 1386 1865 ments.
1425 1726 2060 1901 Quiconque
2113 1767 2186 1842 a
2237 1715 2404 1842 leu
2463 1710 2913 1888 lofephe,
2942 1697 3160 1827 ho¬

1006 1966 1271 2043 nore
1319 1918 1355 2057 ,
1421 1907 1861 2085 Egefipe
1915 1998 1949 2045 3
2030 1929 2185 2059 çf
2254 1891 3019 2020 nouvellement
3079 1878 3175 2002 le

998 2092 1571 2268 ‘Politique
1700 2074 2505 2210 mal-heureux
2567 2120 2600 2210 ,
2704 2049 3185 2244 exprimé

205 2287 486 2421 d’vn
520 2282 758 2452 fiile
779 2266 1430 2450 magnifique
1452 2363 1486 2409 }
1525 2303 1742 2442 par
1782 2262 1876 2385 le
1910 2249 2806 2381 ReuerendTPere
2834 2237 3176 2409 Caufi

189 2473 365 2641 fin
392 2475 425 2637 >
441 2466 743 2637 Jfait
792 2466 1097 2630 afieZj
1135 2444 1516 2626 quelles
1563 2475 1754 2564 ont
1799 2431 2006 2608 efié
2051 2432 2196 2556 les
2253 2427 2774 2554 violences
2823 2457 2894 2544 d
2927 2427 3174 2543 He-

218 2644 461 2772 rode
513 2736 549 2780 y
630 2682 817 2811 qm
837 2636 1229 2804 furent
1249 2618 1675 2796 fatales
1734 2662 1963 2737 aux
2017 2612 2521 2733 ïnnocens
2546 2631 2583 2761 ,
2641 2628 2795 2761 &
2822 2600 3182 2770 parti¬

219 2820 893 2946 culièrement
936 2803 1009 2926 à
1056 2840 1315 2927 cette
1342 2797 1741 2964 Illuftre
1804 2795 2367 2916 Adariane
2385 2878 2423 2924 }
2474 2780 2735 2901 dont
2758 2776 2847 2899 il
2888 2809 3189 2895 auoit

227 2991 630 3169 vfurpé
664 2990 760 3114 le
806 2986 992 3110 lift
1037 3011 1188 3142 (f
1260 2977 1374 3101 la
1452 2962 1820 3095 liberté
1849 3059 1888 3106 y
1963 3007 2222 3086 auec
2268 2959 2382 3082 la
2444 2962 3000 3079 Couronne
3048 2948 3182 3069 de

233 3170 586 3294 Iudée.
651 3167 772 3287 le
813 3208 986 3286 me
997 3160 1244 3330 fuis
1301 3142 1660 3331 efforcé
1709 3147 1842 3269 de
1886 3137 2442 3314 dépeindre
2497 3179 2640 3255 au
2689 3129 2905 3299 vif
2914 3124 2960 3251 l
2978 3123 3178 3245 hu¬

234 3389 539 3472 meur
575 3344 705 3463 de
744 3386 847 3460 ce
881 3339 1289 3459 ‘Prince
1301 3332 1787 3501 fanguin
1790 3365 2009 3445 aire
2060 3312 2095 3457 ,
2153 3310 2229 3433 à
2280 3317 2469 3486 qui
2547 3309 2663 3430 la
2721 3307 3181 3430 Nature

244 3554 537 3642 auoit
574 3518 819 3688 fait
888 3513 1212 3685 ajfelf
1242 3507 1373 3628 de
1426 3546 1799 3674 grâces
1870 3532 2141 3667 pour
2205 3490 2299 3613 le
2372 3487 2741 3610 rendre
2786 3530 2957 3605 vn
2999 3475 3183 3600 des

237 3695 472 3868 plus
505 3683 928 3863 grands
990 3679 1452 3809 hommes
1504 3675 1636 3799 de
1674 3675 1886 3850 fon
1904 3665 2212 3839 fiecle
2265 3758 2298 3806 3
2347 3716 2399 3785 s
2430 3662 2518 3786 il
2581 3661 2906 3827 neufi
2960 3702 3185 3776 em¬

237 3870 538 4042 ployé
597 3913 752 3989 ces
817 3858 1496 3985 merueilleux
1571 3889 2164 4016 auantages
2233 3877 2572 3960 contre
2606 3836 2762 4007 fa
2827 3867 3188 4006 propre

254 4048 845 4211 réputation
886 4082 917 4175 ,
971 4081 1103 4159 en
1153 4060 1804 4200 corrompant
1871 4024 2054 4141 des
2109 4011 2392 4137 biens
2399 4014 2523 4178 fi
2541 4051 2798 4182 purs
2833 4045 3058 4180 par
3099 4006 3192 4128 le

263 4213 993 4339 débordement
1031 4208 1359 4329 d’vne
1408 4204 1855 4325 cruauté
1865 4196 2129 4366 fans
2200 4187 2665 4363 exemple
2718 4279 2749 4324 3
2816 4210 2965 4342 (jf
3013 4180 3195 4304 des

268 4429 625 4515 autres
694 4390 979 4506 vices
1038 4410 1347 4557 quôn
1424 4425 1497 4498 a
1562 4415 2219 4545 remarquez^
2284 4411 2413 4486 en
2454 4362 2603 4531 fa
2672 4406 2891 4482 vie.
2960 4365 3196 4529 Voy

269 4571 508 4735 cefie
539 4566 1022 4736 peinture
1075 4603 1204 4677 en
1224 4553 1436 4725 fon
1483 4598 1714 4673 tour
1751 4594 1786 4689 ,
2093 4557 2184 4666 ri
2157 4590 2256 4714 y
2303 4535 2704 4660 cherche
2769 4576 2972 4705 pas
3018 4532 3202 4654 des

249 4737 880 4912 fimjfemens
923 4740 1112 4901 qui
1141 4734 1742 4904 pourraient
1787 4720 2230 4898 affaiblir
2279 4762 2408 4835 en
2451 4712 2900 4885 quelque
2912 4707 3206 4881 forte

281 4913 391 5029 la
439 4910 931 5081 hardieffe
999 4907 1147 5029 du
1189 4904 1565 5080 deffein
1612 4957 1647 5019 :
1725 4903 1839 5022 le
1888 4944 2021 5019 ne
2080 4940 2249 5017 me
2269 4888 2511 5060 fuis
2561 4927 2759 5058 pas
2801 4875 3219 5059 proposé

283 5083 415 5202 de
452 5083 875 5255 remplir
916 5077 1073 5205 cét
1108 5127 1563 5252 ouurage
1615 5072 2307 5199 d’imitations
2373 5063 2947 5186 Italiennes
2973 5150 3007 5198 >
3066 5083 3217 5212 çtf

2578 5279 2629 5342 c
2746 5241 2846 5376 iij
