3796 5851
533 193 683 305 28
1169 177 1471 318 LA
1641 160 2119 293 MAR
2179 157 2233 279 I
2289 163 2395 283 A
2455 160 2795 319 NE,

533 375 726 487 On
776 408 1054 488 vous
1106 413 1178 487 a
1189 367 1432 537 fait
1489 358 1676 484 des
1728 400 2132 492 maux,
2176 355 2458 473 mais
2504 392 2774 524 pour
2824 407 2956 481 ne
3002 368 3228 488 rien
3252 377 3502 501 celer

534 553 726 669 On
754 582 1032 721 pren
1078 541 1597 718 beaucoup
1652 541 1786 663 de
1810 536 2064 711 foin
2092 568 2366 706 pour
2406 580 2692 657 vous
2732 587 2864 661 en
2904 546 3339 714 confoler
3325 663 3349 689 s
3338 645 3363 671 .

1429 774 2035 918 MARI
2095 769 2401 898 AN
2477 772 2603 908 E,

534 1091 1108 1217 Comment
1138 1099 1192 1213 !

1615 1323 2459 1451 DINA.

1228 1634 1400 1756 Le
1450 1636 1703 1810 Roy
1752 1666 2036 1751 vous
2090 1623 2436 1761 aime,

1433 1876 1589 1998 M
1651 1875 1789 2015 A
1855 1864 2069 1991 RI
2125 1871 2261 2010 A
2327 1862 2463 1987 N
2511 1864 2649 1992 E.

2022 2166 2134 2290 Il
2172 2193 2314 2294 ni
2314 2171 2608 2293 aime
2828 2157 3424 2295 tinnocente
3440 2183 3492 2291 /

1567 2410 2475 2539 DINA.

512 2713 632 2843 Il
636 2714 1094 2891 fbufiire
1144 2714 1640 2883 toufiours
1698 2712 2088 2889 quand
2124 2759 2404 2838 vous
2452 2712 2700 2884 efies
2754 2703 3234 2883 abfente,

516 2895 631 3019 Il
647 2940 925 3021 vous
951 2944 1367 3020 nomme
1410 2890 1485 3012 d
1541 2928 1829 3016 toute
1872 2890 2255 3037 heure,
2288 2891 2379 3015 il
2393 2926 2679 3015 conte
2731 2925 2965 3014 tous
3009 2936 3211 3013 vos
3245 2921 3489 3064 pas)

523 3079 1013 3247 Lieft-ce
1049 3115 1257 3252 pas
1313 3120 1589 3201 vous
1643 3075 1991 3194 aimer
2011 3098 2051 3194 ?

1410 3318 1568 3442 M
1638 3313 2234 3457 ARIA
2304 3311 2620 3442 NE.

2001 3609 2207 3738 Hé
2245 3651 2518 3785 qtioy
2571 3622 2613 3730 ?
2657 3653 2789 3730 ne
2803 3605 3253 3783 fcay-rn
3277 3641 3481 3780 pas

514 3789 774 3949 Que
820 3828 1082 3918 cette
1120 3837 1372 3919 ame
1420 3786 1872 3960 infidellc
1924 3796 2070 3964 efi
2088 3791 2438 3968 pleine
2486 3779 3090 3979 d'arifees,

508 3971 775 4131 Que
820 4022 1009 4096 ma
1042 4011 1339 4148 perte
1386 3971 1859 4146 despend
1908 3970 2043 4092 de
2072 3972 2243 4142 fes
2276 4005 2785 4143 premiers
2832 3970 3327 4135 caprices,

515 4159 691 4277 Et
739 4188 1059 4327 qu'au
1105 4150 1585 4275 moindre
1639 4147 2097 4279 hasard
2139 4145 2409 4324 quil
2443 4141 2907 4266 s'attend
2957 4138 3089 4264 de
3147 4145 3471 4266 courir

513 4329 628 4449 Il
654 4330 1114 4452 ordonne
1164 4332 1682 4505 aufi-toft
1720 4339 2032 4503 qu'on
2092 4373 2266 4450 me
2297 4323 2550 4513 face
2602 4323 3076 4444 mourir*

522 4503 795 4671 C'efi
838 4504 929 4626 le
964 4511 1199 4674 foin
1234 4509 1767 4687 principal
1812 4505 1945 4627 de
1982 4541 2249 4630 cette
2300 4548 2683 4625 amour
2728 4491 3251 4640 extrême,

519 4691 695 4809 Et
737 4688 961 4852 c'efi
993 4729 1065 4800 a
1119 4733 1395 4863 quoy
1459 4732 1945 4856 naguère
1993 4684 2081 4808 il
2113 4679 2587 4855 obhgeoit
2637 4675 3045 4845 Soefme

515 4863 794 4981 Lors
852 4890 1056 5034 que
1105 4895 1334 4985 tout
1380 4862 1776 5038 effrayé
1793 4901 2066 5037 pour
2105 4859 2474 4983 Rodes
2521 4856 2610 4980 il
2637 4891 2886 5030 part
2892 4886 3090 4990 oit,

518 5040 1164 5163 Redoutant
1208 5039 1377 5209 dy
1414 5078 1840 5165 trouuer
1872 5040 1984 5165 la
2026 5075 2304 5164 mort
2354 5034 2620 5211 quil
2656 5032 3116 5158 meritoit
3116 5120 3140 5146 .
