3796 5847
643 288 790 393 lâ
1304 241 1564 362 LA
1796 227 2398 364 MARI
2456 231 2984 389 ANE,

647 448 791 571 T*
791 474 970 566 mt
1015 434 1148 559 de
1195 479 1488 559 rares
1533 458 1924 555 vertus
1954 453 1986 584 ,
2019 452 2170 583 &
2213 430 2346 547 de
2395 420 2752 544 dimns
2805 461 3124 598 apas,

637 628 972 749 ‘Tour
989 653 1348 741 entrer
1365 614 1646 735 dans
1673 653 1866 731 ma
1883 600 2698 775 couche,&pour
2715 648 2844 723 ne
2875 600 3352 722 m'aimer
3357 615 3602 772 pas?

647 796 1096 927 Faut-il
1137 843 1344 974 que
1391 792 1684 915 deux
1709 790 2174 911 moitiés
2175 780 2542 956 filent
2551 777 2926 943 fimal
2945 783 3384 950 afforties
3409 789 3468 895 ?

647 976 1312 1155 Qfuyntout
1321 970 1548 1146 foit
1597 961 2062 1140 compofé
2097 962 2228 1084 de
2259 964 2822 1086 contraires
2837 962 3324 1134 parties?

649 1156 914 1309 Que
976 1205 1072 1280 te
1085 1155 1312 1328 fois
1341 1154 1453 1325 fi
1459 1140 1961 1324 finfible,
2015 1140 2196 1266 elle
2247 1140 2656 1314 l'.eftant
2669 1135 2775 1318 fi
2797 1174 3006 1308 peu
3037 1143 3100 1250 ?

651 1332 916 1495 Que
933 1334 1150 1510 fin
1206 1378 1474 1457 cœur
1491 1328 1718 1504 fiit
1763 1323 1896 1446 de
1924 1321 2291 1497 glace,
2326 1350 2475 1483 çf
2529 1319 2624 1443 le
2668 1311 3180 1487 mienfiit
3207 1307 3336 1430 de
3327 1303 3522 1478 feu
3547 1319 3614 1430 ?

1621 1667 2771 1804 PHEROKE.

660 2072 1035 2244 Apres
1088 2063 1395 2184 auoir
1424 2065 1791 2233 acquis
1849 2049 2035 2171 des
2079 2042 2601 2168 honneurs
2651 2037 2725 2158 à
2783 2036 2895 2160 la
2912 2081 3367 2207 guerre,

664 2244 907 2401 Qui
950 2289 1229 2366 vous
1242 2235 1509 2409 font
1550 2240 1915 2357 enuier
1962 2273 2193 2348 aux
2233 2222 2523 2347 deux
2571 2214 2869 2343 bouts
2897 2202 3031 2338 de
3057 2213 3169 2337 la
3212 2249 3515 2351 terre,

666 2416 1357 2551 Succombant
1404 2414 1685 2538 dans
1732 2412 1845 2535 la
1878 2411 2153 2585 paix
2200 2449 2271 2521 a
2325 2391 2943 2570 d'inuifibles
2990 2427 3299 2566 coups
3323 2482 3361 2530 ,

670 2612 967 2737 Vous
1022 2594 1681 2772 voulèfque
1728 2616 2191 2771 partout
2240 2629 2385 2705 on
2426 2590 2591 2708 ait
2622 2571 2895 2753 pitié
2933 2570 3067 2697 de
3118 2612 3401 2695 vous
3409 2657 3433 2688 ,

1735 2906 2751 3039 HERODE,

666 3296 1167 3416 Lerreur
1184 3288 1451 3410 dont
1470 3332 1605 3407 on
1628 3279 2115 3452 maccufe
2138 3325 2209 3402 a
2238 3266 2645 3400 troublé
2664 3269 2797 3394 de
2796 3258 3217 3441 grands
3237 3255 3613 3394 homes,

664 3486 901 3598 Soit
926 3467 1497 3636 auxfiecles
1508 3437 2143 3640 pajfez^foit
2170 3502 2319 3578 au
2340 3489 2677 3626 temps
2706 3496 2843 3572 ou
2878 3491 3135 3572 nous
3140 3441 3613 3615 fommes»

666 3650 807 3769 L
816 3658 1263 3774 Amour
1302 3648 1450 3814 efi
1494 3646 2037 3766 tellement
2066 3633 2397 3809 fatal
2434 3628 2509 3751 d
2556 3629 2669 3751 la
2696 3623 3087 3752 valeur
3113 3717 3149 3763 ,

662 3826 871 3991 Qu
900 3832 989 3952 il
1022 3830 1274 3998 nef
1294 3828 1603 4000 point
1648 3819 1785 3940 de
1814 3824 2163 3945 Héros
2222 3844 2697 3986 exempts
2722 3805 2855 3926 de
2898 3851 3005 3927 ce
3030 3790 3615 3926 mal-heur)

670 4009 1008 4183 Celuy
1061 4013 1255 4183 qui
1318 4003 1449 4126 de
1466 3999 1681 4170 fin
1706 3995 1941 4171 poil
1974 4026 2313 4120 tenoit
2352 4023 2639 4112 toute
2654 3979 2809 4154 fa
2818 3983 3171 4154 force,

662 4191 877 4311 Ne
876 4187 1191 4359 fceut
1200 4182 1342 4355 fi
1394 4180 1995 4348 defiourner
2016 4173 2153 4296 de
2206 4203 2469 4294 cette
2526 4163 2841 4287 douce
2892 4199 3327 4282 amorce.

666 4374 844 4493 Et
875 4412 982 4486 ce
1009 4371 1292 4539 petit
1344 4366 1751 4529 Berger
1773 4400 1963 4531 qui
2020 4349 2401 4475 deuint
2449 4392 2623 4469 vn
2649 4336 3029 4514 grand
3074 4340 3388 4508 Roy,

670 4550 898 4669 Fut
943 4592 1076 4665 en
1086 4539 1274 4710 fis
1318 4539 1788 4661 derniers
1839 4579 2122 4657 tours
2159 4527 2401 4702 plus
2457 4516 2869 4698 mfenfé
2915 4561 3121 4689 que
3175 4552 3410 4679 moy
3415 4591 3441 4626 .

668 4717 1260 4845 Anthorne
1274 4717 1538 4888 fous
1587 4758 1692 4838 ce
1732 4723 1980 4885 ioug
2025 4704 2554 4883 abaiffant
2558 4698 2773 4875 fin
2827 4733 3310 4857 courage,

676 4906 826 5021 A
876 4900 1010 5021 de
1057 4899 1600 5021 moindres
1647 4891 1972 5017 clarté
1972 4893 2092 5064 f
2105 4938 2158 5009 s
2191 4884 2578 5006 éblouit
2620 4876 3296 5033 dauantage,

664 5082 1004 5201 *Tour
1008 5076 1386 5247 future
1442 5071 1996 5246 Cleopatre
2047 5064 2138 5189 il
2175 5068 2540 5258 quitta
2552 5054 2764 5228 fin
2810 5037 3374 5175 bon-heur,

684 5260 866 5387 Et
899 5306 952 5383 s
985 5249 1704 5426 embarquant
1751 5246 2078 5423 ainfi\
2118 5240 2260 5419 fit
2297 5241 2802 5412 naufrage
2842 5216 3441 5354 dhonneur.

3226 5396 3623 5520 De moy
