<?xml version="1.0" encoding="UTF-8" standalone="yes"?>
<PcGts xmlns="http://schema.primaresearch.org/PAGE/gts/pagecontent/2013-07-15" xmlns:xsi="http://www.w3.org/2001/XMLSchema-instance" xsi:schemaLocation="http://schema.primaresearch.org/PAGE/gts/pagecontent/2013-07-15 http://schema.primaresearch.org/PAGE/gts/pagecontent/2013-07-15/pagecontent.xsd">
    <Metadata>
        <Creator></Creator>
        <Created>2019-01-26T18:52:25.758+01:00</Created>
        <LastChange>2019-07-24T10:00:07.683+02:00</LastChange>
        <Comments>
                Measurement unit: pixel
                PrimaryLanguage: English
                Language: FrenchStandard
                Producer: ABBYY FineReader Engine 11</Comments>
        <TranskribusMetadata docId="187309" pageId="7453533" pageNr="10" tsid="13092927" status="DONE" userId="10612" imgUrl="https://files.transkribus.eu/Get?id=JPJEXJIWNVXOXCPBHZRJKKZN&amp;fileType=view" xmlUrl="https://files.transkribus.eu/Get?id=AVAMFVALAEDHNCRJXRGOKDIF" imageId="2611888"/>
    </Metadata>
    <Page imageFilename="Lhermite1639_Mariane_bpt6k1511072f_corrected_0010.png" imageWidth="3796" imageHeight="5918">
        <PrintSpace>
            <Coords points="153,165 3623,165 3623,5830 153,5830"/>
        </PrintSpace>
        <ReadingOrder>
            <OrderedGroup id="ro_1604222370450" caption="Regions reading order">
                <RegionRefIndexed index="0" regionRef="r_1_1"/>
                <RegionRefIndexed index="1" regionRef="r_1_2"/>
                <RegionRefIndexed index="2" regionRef="r_1_3"/>
                <RegionRefIndexed index="3" regionRef="r_1_4"/>
                <RegionRefIndexed index="4" regionRef="r_1_5"/>
                <RegionRefIndexed index="5" regionRef="region_1548536293769_2256"/>
                <RegionRefIndexed index="6" regionRef="r_1_6"/>
            </OrderedGroup>
        </ReadingOrder>
        <TextRegion type="paragraph" id="r_1_1" custom="readingOrder {index:0;}">
            <Coords points="559,180 2909,180 2909,367 559,367"/>
            <TextLine id="tl_1" primaryLanguage="English" custom="readingOrder {index:0;}">
                <Coords points="560,181 2908,181 2908,366 560,366"/>
                <Baseline points="560,357 630,357 1526,332 2327,317 2908,352"/>
                <Word id="w_w2aab1b1b2b1b1ab1" language="English" custom="readingOrder {index:0;}">
                    <Coords points="560,272 630,272 630,357 560,357"/>
                    <TextEquiv>
                        <Unicode>2</Unicode>
                    </TextEquiv>
                    <TextStyle fontFamily="Times New Roman" fontSize="9.5" bold="true" italic="true"/>
                </Word>
                <Word id="w_w2aab1b1b2b1b1b1b3" language="English" custom="readingOrder {index:1;}">
                    <Coords points="1235,203 1526,203 1526,333 1235,333"/>
                    <TextEquiv>
                        <Unicode>LA</Unicode>
                    </TextEquiv>
                    <TextStyle fontFamily="Times New Roman" fontSize="14.0"/>
                </Word>
                <Word id="w_w2aab1b1b2b1b1b1b9" language="English" custom="readingOrder {index:2;}">
                    <Coords points="1719,190 2327,190 2327,326 1719,326"/>
                    <TextEquiv>
                        <Unicode>MARI</Unicode>
                    </TextEquiv>
                    <TextStyle fontFamily="Times New Roman" fontSize="14.0"/>
                </Word>
                <Word id="w_w2aab1b1b2b1b1b1c19" language="English" custom="readingOrder {index:3;}">
                    <Coords points="2385,190 2908,190 2908,352 2385,352"/>
                    <TextEquiv>
                        <Unicode>ANE,</Unicode>
                    </TextEquiv>
                    <TextStyle fontFamily="Times New Roman" fontSize="14.0"/>
                </Word>
                <TextEquiv>
                    <Unicode>2 LA MARIANE,</Unicode>
                </TextEquiv>
            </TextLine>
            <TextEquiv>
                <Unicode>2 LA MARIANE,</Unicode>
            </TextEquiv>
        </TextRegion>
        <TextRegion type="paragraph" id="r_1_2" custom="readingOrder {index:1;}">
            <Coords points="561,370 3293,370 3293,602 561,602"/>
            <TextLine id="tl_2" primaryLanguage="English" custom="readingOrder {index:0;}">
                <Coords points="562,371 3292,371 3292,601 562,601"/>
                <Baseline points="562,547 691,543 950,533 1314,533 1830,519 2012,516 2328,517 2512,511 2802,515 3292,543"/>
                <Word id="w_w2aab1b1b2b3b1ab1" language="English" custom="readingOrder {index:0;}">
                    <Coords points="562,416 691,416 691,547 562,547"/>
                    <TextEquiv>
                        <Unicode>Je</Unicode>
                    </TextEquiv>
                    <TextStyle fontFamily="Times New Roman" fontSize="12.0" italic="true"/>
                </Word>
                <Word id="w_w2aab1b1b2b3b1ab7" language="English" custom="readingOrder {index:1;}">
                    <Coords points="694,402 950,402 950,590 694,590"/>
                    <TextEquiv>
                        <Unicode>fuis</Unicode>
                    </TextEquiv>
                    <TextStyle fontFamily="Times New Roman" fontSize="12.0" italic="true"/>
                </Word>
                <Word id="w_w2aab1b1b2b3b1ac17" language="English" custom="readingOrder {index:2;}">
                    <Coords points="1001,411 1314,411 1314,586 1001,586"/>
                    <TextEquiv>
                        <Unicode>ajfez,</Unicode>
                    </TextEquiv>
                    <TextStyle fontFamily="Times New Roman" fontSize="12.0" italic="true"/>
                </Word>
                <Word id="w_w2aab1b1b2b3b1ac31" language="English" custom="readingOrder {index:3;}">
                    <Coords points="1316,396 1830,396 1830,577 1316,577"/>
                    <TextEquiv>
                        <Unicode>ffayant</Unicode>
                    </TextEquiv>
                    <TextStyle fontFamily="Times New Roman" fontSize="12.0" italic="true"/>
                </Word>
                <Word id="w_w2aab1b1b2b3b1ac47" language="English" custom="readingOrder {index:4;}">
                    <Coords points="1875,438 2012,438 2012,516 1875,516"/>
                    <TextEquiv>
                        <Unicode>en</Unicode>
                    </TextEquiv>
                    <TextStyle fontFamily="Times New Roman" fontSize="12.0" italic="true"/>
                </Word>
                <Word id="w_w2aab1b1b2b3b1ac53" language="English" custom="readingOrder {index:5;}">
                    <Coords points="2062,379 2328,379 2328,517 2062,517"/>
                    <TextEquiv>
                        <Unicode>l'art</Unicode>
                    </TextEquiv>
                    <TextStyle fontFamily="Times New Roman" fontSize="12.0" italic="true"/>
                </Word>
                <Word id="w_w2aab1b1b2b3b1ac65" language="English" custom="readingOrder {index:6;}">
                    <Coords points="2374,384 2512,384 2512,511 2374,511"/>
                    <TextEquiv>
                        <Unicode>de</Unicode>
                    </TextEquiv>
                    <TextStyle fontFamily="Times New Roman" fontSize="12.0" italic="true"/>
                </Word>
                <Word id="w_w2aab1b1b2b3b1ac71" language="English" custom="readingOrder {index:7;}">
                    <Coords points="2556,380 2802,380 2802,515 2556,515"/>
                    <TextEquiv>
                        <Unicode>bien</Unicode>
                    </TextEquiv>
                    <TextStyle fontFamily="Times New Roman" fontSize="12.0" italic="true"/>
                </Word>
                <Word id="w_w2aab1b1b2b3b1ac81" language="English" custom="readingOrder {index:8;}">
                    <Coords points="2851,388 3292,388 3292,569 2851,569"/>
                    <TextEquiv>
                        <Unicode>regner]</Unicode>
                    </TextEquiv>
                    <TextStyle fontFamily="Times New Roman" fontSize="12.0" italic="true"/>
                </Word>
                <TextEquiv>
                    <Unicode>Ie ſuis aſſez ſçauant en l'art de bien regner,</Unicode>
                </TextEquiv>
                <TextStyle fontFamily="Times New Roman" fontSize="12.0" italic="true"/>
            </TextLine>
            <TextEquiv>
                <Unicode>Ie ſuis aſſez ſçauant en l'art de bien regner,</Unicode>
            </TextEquiv>
        </TextRegion>
        <TextRegion type="paragraph" id="r_1_3" custom="readingOrder {index:2;}">
            <Coords points="553,557 3606,557 3606,1323 553,1323"/>
            <TextLine id="tl_3" primaryLanguage="English" custom="readingOrder {index:0;}">
                <Coords points="563,558 3602,558 3602,782 563,782"/>
                <Baseline points="563,733 863,719 1117,713 1363,712 1699,702 2245,698 2452,697 2578,695 3017,701 3457,709 3601,731"/>
                <Word id="w_w2aab1b1b2b5b1ab1" language="English" custom="readingOrder {index:0;}">
                    <Coords points="563,614 863,614 863,733 563,733"/>
                    <TextEquiv>
                        <Unicode>Sans</Unicode>
                    </TextEquiv>
                    <TextStyle fontFamily="Times New Roman" fontSize="12.0" italic="true"/>
                </Word>
                <Word id="w_w2aab1b1b2b5b1ac11" language="English" custom="readingOrder {index:1;}">
                    <Coords points="904,635 1117,635 1117,771 904,771"/>
                    <TextEquiv>
                        <Unicode>que</Unicode>
                    </TextEquiv>
                    <TextStyle fontFamily="Times New Roman" fontSize="12.0" italic="true"/>
                </Word>
                <Word id="w_w2aab1b1b2b5b1ac19" language="English" custom="readingOrder {index:2;}">
                    <Coords points="1171,622 1363,622 1363,713 1171,713"/>
                    <TextEquiv>
                        <Unicode>ton</Unicode>
                    </TextEquiv>
                    <TextStyle fontFamily="Times New Roman" fontSize="12.0" italic="true"/>
                </Word>
                <Word id="w_w2aab1b1b2b5b1ac27" language="English" custom="readingOrder {index:3;}">
                    <Coords points="1403,624 1699,624 1699,706 1403,706"/>
                    <TextEquiv>
                        <Unicode>vain</Unicode>
                    </TextEquiv>
                    <TextStyle fontFamily="Times New Roman" fontSize="12.0" italic="true"/>
                </Word>
                <Word id="w_w2aab1b1b2b5b1ac37" language="English" custom="readingOrder {index:4;}">
                    <Coords points="1729,622 2245,622 2245,703 1729,703"/>
                    <TextEquiv>
                        <Unicode>courroux</Unicode>
                    </TextEquiv>
                    <TextStyle fontFamily="Times New Roman" fontSize="12.0" italic="true"/>
                </Word>
                <Word id="w_w2aab1b1b2b5b1ac55" language="English" custom="readingOrder {index:5;}">
                    <Coords points="2273,618 2452,618 2452,699 2273,699"/>
                    <TextEquiv>
                        <Unicode>me</Unicode>
                    </TextEquiv>
                    <TextStyle fontFamily="Times New Roman" fontSize="12.0" italic="true"/>
                </Word>
                <Word id="w_w2aab1b1b2b5b1ac61" language="English" custom="readingOrder {index:6;}">
                    <Coords points="2478,566 2578,566 2578,695 2478,695"/>
                    <TextEquiv>
                        <Unicode>le</Unicode>
                    </TextEquiv>
                    <TextStyle fontFamily="Times New Roman" fontSize="12.0" italic="true"/>
                </Word>
                <Word id="w_w2aab1b1b2b5b1ac67" language="English" custom="readingOrder {index:7;}">
                    <Coords points="2605,577 3017,577 3017,704 2605,704"/>
                    <TextEquiv>
                        <Unicode>vienne</Unicode>
                    </TextEquiv>
                    <TextStyle fontFamily="Times New Roman" fontSize="12.0" italic="true"/>
                </Word>
                <Word id="w_w2aab1b1b2b5b1ac81" language="English" custom="readingOrder {index:8;}">
                    <Coords points="3037,577 3571,577 3571,758 3037,758"/>
                    <TextEquiv>
                        <Unicode>enfiigner</Unicode>
                    </TextEquiv>
                    <TextStyle fontFamily="Times New Roman" fontSize="12.0" italic="true"/>
                </Word>
                <Word id="w_w2aab1b1b2b5b1b1b1" language="English" custom="readingOrder {index:9;}">
                    <Coords points="3570,643 3601,643 3601,731 3570,731"/>
                    <TextEquiv>
                        <Unicode>j</Unicode>
                    </TextEquiv>
                    <TextStyle fontFamily="Times New Roman" fontSize="8.0"/>
                </Word>
                <TextEquiv>
                    <Unicode>Sans que ton vain courroux me le vienne enſeigner;</Unicode>
                </TextEquiv>
            </TextLine>
            <TextLine id="tl_4" primaryLanguage="English" custom="readingOrder {index:1;}">
                <Coords points="567,751 3306,751 3306,963 567,963"/>
                <Baseline points="567,916 747,910 999,953 1283,949 1954,884 2473,939 2784,881 3306,887"/>
                <Word id="w_w2aab1b1b2b5b3ab1" language="English" custom="readingOrder {index:0;}">
                    <Coords points="567,789 747,789 747,916 567,916"/>
                    <TextEquiv>
                        <Unicode>Et</Unicode>
                    </TextEquiv>
                    <TextStyle fontFamily="Times New Roman" fontSize="12.0" italic="true"/>
                </Word>
                <Word id="w_w2aab1b1b2b5b3ab7" language="English" custom="readingOrder {index:1;}">
                    <Coords points="787,773 999,773 999,953 787,953"/>
                    <TextEquiv>
                        <Unicode>ïay</Unicode>
                    </TextEquiv>
                    <TextStyle fontFamily="Times New Roman" fontSize="12.0" italic="true"/>
                </Word>
                <Word id="w_w2aab1b1b2b5b3ac15" language="English" custom="readingOrder {index:2;}">
                    <Coords points="1046,809 1283,809 1283,949 1046,949"/>
                    <TextEquiv>
                        <Unicode>trop</Unicode>
                    </TextEquiv>
                    <TextStyle fontFamily="Times New Roman" fontSize="12.0" italic="true"/>
                </Word>
                <Word id="w_w2aab1b1b2b5b3ac25" language="English" custom="readingOrder {index:3;}">
                    <Coords points="1309,764 1954,764 1954,943 1309,943"/>
                    <TextEquiv>
                        <Unicode>feurement</Unicode>
                    </TextEquiv>
                    <TextStyle fontFamily="Times New Roman" fontSize="12.0" italic="true"/>
                </Word>
                <Word id="w_w2aab1b1b2b5b3ac45" language="English" custom="readingOrder {index:4;}">
                    <Coords points="2008,758 2473,758 2473,940 2008,940"/>
                    <TextEquiv>
                        <Unicode>affermy</Unicode>
                    </TextEquiv>
                    <TextStyle fontFamily="Times New Roman" fontSize="12.0" italic="true"/>
                </Word>
                <Word id="w_w2aab1b1b2b5b3ac61" language="English" custom="readingOrder {index:5;}">
                    <Coords points="2526,804 2784,804 2784,881 2526,881"/>
                    <TextEquiv>
                        <Unicode>mon</Unicode>
                    </TextEquiv>
                    <TextStyle fontFamily="Times New Roman" fontSize="12.0" italic="true"/>
                </Word>
                <Word id="w_w2aab1b1b2b5b3ac69" language="English" custom="readingOrder {index:6;}">
                    <Coords points="2847,762 3306,762 3306,937 2847,937"/>
                    <TextEquiv>
                        <Unicode>Empire</Unicode>
                    </TextEquiv>
                    <TextStyle fontFamily="Times New Roman" fontSize="12.0" italic="true"/>
                </Word>
                <TextEquiv>
                    <Unicode>Et i'ay trop ſeurement affermy mon Empire</Unicode>
                </TextEquiv>
                <TextStyle fontFamily="Times New Roman" fontSize="12.0" italic="true"/>
            </TextLine>
            <TextLine id="tl_5" primaryLanguage="English" custom="readingOrder {index:2;}">
                <Coords points="554,934 3605,934 3605,1126 554,1126"/>
                <Baseline points="554,1099 899,1084 1411,1077 1593,1072 2171,1067 2409,1064 2559,1064 2761,1069 3119,1067 3545,1075 3605,1076"/>
                <Word id="w_w2aab1b1b2b5b5ab1" language="English" custom="readingOrder {index:0;}">
                    <Coords points="554,973 899,973 899,1099 554,1099"/>
                    <TextEquiv>
                        <Unicode>Tour</Unicode>
                    </TextEquiv>
                    <TextStyle fontFamily="Times New Roman" fontSize="12.0" italic="true"/>
                </Word>
                <Word id="w_w2aab1b1b2b5b5ac11" language="English" custom="readingOrder {index:1;}">
                    <Coords points="909,953 1411,953 1411,1082 909,1082"/>
                    <TextEquiv>
                        <Unicode>craindre</Unicode>
                    </TextEquiv>
                    <TextStyle fontFamily="Times New Roman" fontSize="12.0" italic="true"/>
                </Word>
                <Word id="w_w2aab1b1b2b5b5ac29" language="English" custom="readingOrder {index:2;}">
                    <Coords points="1440,948 1593,948 1593,1075 1440,1075"/>
                    <TextEquiv>
                        <Unicode>les</Unicode>
                    </TextEquiv>
                    <TextStyle fontFamily="Times New Roman" fontSize="12.0" italic="true"/>
                </Word>
                <Word id="w_w2aab1b1b2b5b5ac37" language="English" custom="readingOrder {index:3;}">
                    <Coords points="1621,942 2171,942 2171,1073 1621,1073"/>
                    <TextEquiv>
                        <Unicode>malheurs</Unicode>
                    </TextEquiv>
                    <TextStyle fontFamily="Times New Roman" fontSize="12.0" italic="true"/>
                </Word>
                <Word id="w_w2aab1b1b2b5b5ac55" language="English" custom="readingOrder {index:4;}">
                    <Coords points="2194,987 2409,987 2409,1121 2194,1121"/>
                    <TextEquiv>
                        <Unicode>que</Unicode>
                    </TextEquiv>
                    <TextStyle fontFamily="Times New Roman" fontSize="12.0" italic="true"/>
                </Word>
                <Word id="w_w2aab1b1b2b5b5ac63" language="English" custom="readingOrder {index:5;}">
                    <Coords points="2429,973 2559,973 2559,1064 2429,1064"/>
                    <TextEquiv>
                        <Unicode>tu</Unicode>
                    </TextEquiv>
                    <TextStyle fontFamily="Times New Roman" fontSize="12.0" italic="true"/>
                </Word>
                <Word id="w_w2aab1b1b2b5b5ac69" language="English" custom="readingOrder {index:6;}">
                    <Coords points="2585,988 2761,988 2761,1069 2585,1069"/>
                    <TextEquiv>
                        <Unicode>me</Unicode>
                    </TextEquiv>
                    <TextStyle fontFamily="Times New Roman" fontSize="12.0" italic="true"/>
                </Word>
                <Word id="w_w2aab1b1b2b5b5ac75" language="English" custom="readingOrder {index:7;}">
                    <Coords points="2791,989 3119,989 3119,1068 2791,1068"/>
                    <TextEquiv>
                        <Unicode>viens</Unicode>
                    </TextEquiv>
                    <TextStyle fontFamily="Times New Roman" fontSize="12.0" italic="true"/>
                </Word>
                <Word id="w_w2aab1b1b2b5b5ac87" language="English" custom="readingOrder {index:8;}">
                    <Coords points="3116,946 3545,946 3545,1123 3116,1123"/>
                    <TextEquiv>
                        <Unicode>prédire</Unicode>
                    </TextEquiv>
                    <TextStyle fontFamily="Times New Roman" fontSize="12.0" italic="true"/>
                </Word>
                <Word id="w_w2aab1b1b2b5b5ad103" language="English" custom="readingOrder {index:9;}">
                    <Coords points="3568,1007 3605,1007 3605,1076 3568,1076"/>
                    <TextEquiv>
                        <Unicode>:</Unicode>
                    </TextEquiv>
                    <TextStyle fontFamily="Times New Roman" fontSize="12.0" italic="true"/>
                </Word>
                <TextEquiv>
                    <Unicode>Pour craindre les malheurs que tu me viens predire:</Unicode>
                </TextEquiv>
                <TextStyle fontFamily="Times New Roman" fontSize="12.0" italic="true"/>
            </TextLine>
            <TextLine id="tl_6" primaryLanguage="English" custom="readingOrder {index:3;}">
                <Coords points="569,1111 3168,1111 3168,1322 569,1322"/>
                <Baseline points="569,1276 697,1275 1316,1314 1579,1257 1941,1251 2067,1246 2371,1246 2575,1245 3168,1268"/>
                <Word id="w_w2aab1b1b2b5b7ab1" language="English" custom="readingOrder {index:0;}">
                    <Coords points="569,1152 697,1152 697,1276 569,1276"/>
                    <TextEquiv>
                        <Unicode>le</Unicode>
                    </TextEquiv>
                    <TextStyle fontFamily="Times New Roman" fontSize="12.0" italic="true"/>
                </Word>
                <Word id="w_w2aab1b1b2b5b7ab7" language="English" custom="readingOrder {index:1;}">
                    <Coords points="757,1144 1316,1144 1316,1314 757,1314"/>
                    <TextEquiv>
                        <Unicode>donneray</Unicode>
                    </TextEquiv>
                    <TextStyle fontFamily="Times New Roman" fontSize="12.0" italic="true"/>
                </Word>
                <Word id="w_w2aab1b1b2b5b7ac25" language="English" custom="readingOrder {index:2;}">
                    <Coords points="1373,1129 1579,1129 1579,1258 1373,1258"/>
                    <TextEquiv>
                        <Unicode>bon</Unicode>
                    </TextEquiv>
                    <TextStyle fontFamily="Times New Roman" fontSize="12.0" italic="true"/>
                </Word>
                <Word id="w_w2aab1b1b2b5b7ac33" language="English" custom="readingOrder {index:3;}">
                    <Coords points="1636,1128 1941,1128 1941,1256 1636,1256"/>
                    <TextEquiv>
                        <Unicode>ordre</Unicode>
                    </TextEquiv>
                    <TextStyle fontFamily="Times New Roman" fontSize="12.0" italic="true"/>
                </Word>
                <Word id="w_w2aab1b1b2b5b7ac45" language="English" custom="readingOrder {index:4;}">
                    <Coords points="1990,1169 2067,1169 2067,1246 1990,1246"/>
                    <TextEquiv>
                        <Unicode>a</Unicode>
                    </TextEquiv>
                    <TextStyle fontFamily="Times New Roman" fontSize="12.0" italic="true"/>
                </Word>
                <Word id="w_w2aab1b1b2b5b7ac49" language="English" custom="readingOrder {index:5;}">
                    <Coords points="2132,1162 2371,1162 2371,1249 2132,1249"/>
                    <TextEquiv>
                        <Unicode>tous</Unicode>
                    </TextEquiv>
                    <TextStyle fontFamily="Times New Roman" fontSize="12.0" italic="true"/>
                </Word>
                <Word id="w_w2aab1b1b2b5b7ac59" language="English" custom="readingOrder {index:6;}">
                    <Coords points="2421,1119 2575,1119 2575,1247 2421,1247"/>
                    <TextEquiv>
                        <Unicode>les</Unicode>
                    </TextEquiv>
                    <TextStyle fontFamily="Times New Roman" fontSize="12.0" italic="true"/>
                </Word>
                <Word id="w_w2aab1b1b2b5b7ac67" language="English" custom="readingOrder {index:7;}">
                    <Coords points="2626,1123 3168,1123 3168,1268 2626,1268"/>
                    <TextEquiv>
                        <Unicode>accidens,</Unicode>
                    </TextEquiv>
                    <TextStyle fontFamily="Times New Roman" fontSize="12.0" italic="true"/>
                </Word>
                <TextEquiv>
                    <Unicode>Ie donneray bon ordre a tous les accidens,</Unicode>
                </TextEquiv>
                <TextStyle fontFamily="Times New Roman" fontSize="12.0" italic="true"/>
            </TextLine>
            <TextEquiv>
                <Unicode>Sans que ton vain courroux me le vienne enſeigner;
Et i'ay trop ſeurement affermy mon Empire
Pour craindre les malheurs que tu me viens predire:
Ie donneray bon ordre a tous les accidens,</Unicode>
            </TextEquiv>
        </TextRegion>
        <TextRegion type="paragraph" id="r_1_4" custom="readingOrder {index:3;}">
            <Coords points="579,1292 3606,1292 3606,1822 579,1822"/>
            <TextLine id="tl_7" primaryLanguage="English" custom="readingOrder {index:0;}">
                <Coords points="580,1293 3605,1293 3605,1508 580,1508"/>
                <Baseline points="580,1492 828,1455 1135,1498 1346,1442 2222,1448 2710,1429 2904,1430 3604,1433"/>
                <Word id="w_w2aab1b1b2b7b1ab1" language="English" custom="readingOrder {index:0;}">
                    <Coords points="580,1337 828,1337 828,1492 580,1492"/>
                    <TextEquiv>
                        <Unicode>Qui</Unicode>
                    </TextEquiv>
                    <TextStyle fontFamily="Times New Roman" fontSize="12.0" italic="true"/>
                </Word>
                <Word id="w_w2aab1b1b2b7b1ab9" language="English" custom="readingOrder {index:1;}">
                    <Coords points="891,1327 1135,1327 1135,1498 891,1498"/>
                    <TextEquiv>
                        <Unicode>nef</Unicode>
                    </TextEquiv>
                    <TextStyle fontFamily="Times New Roman" fontSize="12.0" italic="true"/>
                </Word>
                <Word id="w_w2aab1b1b2b7b1ac17" language="English" custom="readingOrder {index:2;}">
                    <Coords points="1138,1369 1346,1369 1346,1446 1138,1446"/>
                    <TextEquiv>
                        <Unicode>ans</Unicode>
                    </TextEquiv>
                    <TextStyle fontFamily="Times New Roman" fontSize="12.0" italic="true"/>
                </Word>
                <Word id="w_w2aab1b1b2b7b1ac25" language="English" custom="readingOrder {index:3;}">
                    <Coords points="1396,1320 2222,1320 2222,1496 1396,1496"/>
                    <TextEquiv>
                        <Unicode>pointpreueus,</Unicode>
                    </TextEquiv>
                    <TextStyle fontFamily="Times New Roman" fontSize="12.0" italic="true"/>
                </Word>
                <Word id="w_w2aab1b1b2b7b1ac53" language="English" custom="readingOrder {index:4;}">
                    <Coords points="2246,1302 2710,1302 2710,1484 2246,1484"/>
                    <TextEquiv>
                        <Unicode>perdent</Unicode>
                    </TextEquiv>
                    <TextStyle fontFamily="Times New Roman" fontSize="12.0" italic="true"/>
                </Word>
                <Word id="w_w2aab1b1b2b7b1ac69" language="English" custom="readingOrder {index:5;}">
                    <Coords points="2753,1303 2904,1303 2904,1431 2753,1431"/>
                    <TextEquiv>
                        <Unicode>les</Unicode>
                    </TextEquiv>
                    <TextStyle fontFamily="Times New Roman" fontSize="12.0" italic="true"/>
                </Word>
                <Word id="w_w2aab1b1b2b7b1ac77" language="English" custom="readingOrder {index:6;}">
                    <Coords points="2948,1308 3604,1308 3604,1483 2948,1483"/>
                    <TextEquiv>
                        <Unicode>imprudens.</Unicode>
                    </TextEquiv>
                    <TextStyle fontFamily="Times New Roman" fontSize="12.0" italic="true"/>
                </Word>
                <TextEquiv>
                    <Unicode>Qui n'eſtans point preueus, perdent les imprudens.</Unicode>
                </TextEquiv>
                <TextStyle fontFamily="Times New Roman" fontSize="12.0" italic="true"/>
            </TextLine>
            <TextLine id="tl_8" primaryLanguage="English" custom="readingOrder {index:1;}">
                <Coords points="780,1475 3603,1475 3603,1691 780,1691"/>
                <Baseline points="780,1642 1142,1629 1450,1681 1551,1618 1663,1621 1989,1616 2181,1613 2347,1611 2458,1630 2654,1651 3015,1613 3277,1609 3602,1594"/>
                <Word id="w_w2aab1b1b2b7b3ab1" language="English" custom="readingOrder {index:0;}">
                    <Coords points="780,1520 1142,1520 1142,1642 780,1642"/>
                    <TextEquiv>
                        <Unicode>AJais</Unicode>
                    </TextEquiv>
                    <TextStyle fontFamily="Times New Roman" fontSize="12.0" italic="true"/>
                </Word>
                <Word id="w_w2aab1b1b2b7b3ac13" language="English" custom="readingOrder {index:1;}">
                    <Coords points="1169,1546 1450,1546 1450,1681 1169,1681"/>
                    <TextEquiv>
                        <Unicode>quoy</Unicode>
                    </TextEquiv>
                    <TextStyle fontFamily="Times New Roman" fontSize="12.0" italic="true"/>
                </Word>
                <Word id="w_w2aab1b1b2b7b3ac23" language="English" custom="readingOrder {index:2;}">
                    <Coords points="1486,1507 1551,1507 1551,1618 1486,1618"/>
                    <TextEquiv>
                        <Unicode>?</Unicode>
                    </TextEquiv>
                    <TextStyle fontFamily="Times New Roman" fontSize="12.0" italic="true"/>
                </Word>
                <Word id="w_w2aab1b1b2b7b3ac27" language="English" custom="readingOrder {index:3;}">
                    <Coords points="1560,1497 1663,1497 1663,1622 1560,1622"/>
                    <TextEquiv>
                        <Unicode>le</Unicode>
                    </TextEquiv>
                    <TextStyle fontFamily="Times New Roman" fontSize="12.0" italic="true"/>
                </Word>
                <Word id="w_w2aab1b1b2b7b3ac33" language="English" custom="readingOrder {index:4;}">
                    <Coords points="1670,1495 1989,1495 1989,1673 1670,1673"/>
                    <TextEquiv>
                        <Unicode>front</Unicode>
                    </TextEquiv>
                    <TextStyle fontFamily="Times New Roman" fontSize="12.0" italic="true"/>
                </Word>
                <Word id="w_w2aab1b1b2b7b3ac45" language="English" custom="readingOrder {index:5;}">
                    <Coords points="2003,1536 2181,1536 2181,1615 2003,1615"/>
                    <TextEquiv>
                        <Unicode>me</Unicode>
                    </TextEquiv>
                    <TextStyle fontFamily="Times New Roman" fontSize="12.0" italic="true"/>
                </Word>
                <Word id="w_w2aab1b1b2b7b3ac51" language="English" custom="readingOrder {index:6;}">
                    <Coords points="2188,1485 2409,1485 2409,1667 2188,1667"/>
                    <TextEquiv>
                        <Unicode>fué</Unicode>
                    </TextEquiv>
                    <TextStyle fontFamily="Times New Roman" fontSize="12.0" italic="true"/>
                </Word>
                <Word id="w_w2aab1b1b2b7b3b1b1" language="English" custom="readingOrder {index:7;}">
                    <Coords points="2424,1582 2458,1582 2458,1630 2424,1630"/>
                    <TextEquiv>
                        <Unicode>3</Unicode>
                    </TextEquiv>
                    <TextStyle fontFamily="Times New Roman" fontSize="12.0" italic="true" subscript="true"/>
                </Word>
                <Word id="w_w2aab1b1b2b7b3b2b3" language="English" custom="readingOrder {index:8;}">
                    <Coords points="2497,1515 2654,1515 2654,1651 2497,1651"/>
                    <TextEquiv>
                        <Unicode>çf</Unicode>
                    </TextEquiv>
                    <TextStyle fontFamily="Times New Roman" fontSize="12.0" italic="true"/>
                </Word>
                <Word id="w_w2aab1b1b2b7b3b2b9" language="English" custom="readingOrder {index:9;}">
                    <Coords points="2673,1487 3015,1487 3015,1664 2673,1664"/>
                    <TextEquiv>
                        <Unicode>tefuis</Unicode>
                    </TextEquiv>
                    <TextStyle fontFamily="Times New Roman" fontSize="12.0" italic="true"/>
                </Word>
                <Word id="w_w2aab1b1b2b7b3b2c23" language="English" custom="readingOrder {index:10;}">
                    <Coords points="3038,1486 3277,1486 3277,1612 3038,1612"/>
                    <TextEquiv>
                        <Unicode>hors</Unicode>
                    </TextEquiv>
                    <TextStyle fontFamily="Times New Roman" fontSize="12.0" italic="true"/>
                </Word>
                <Word id="w_w2aab1b1b2b7b3b2c33" language="English" custom="readingOrder {index:11;}">
                    <Coords points="3300,1486 3602,1486 3602,1615 3300,1615"/>
                    <TextEquiv>
                        <Unicode>diha¬</Unicode>
                    </TextEquiv>
                    <TextStyle fontFamily="Times New Roman" fontSize="12.0" italic="true"/>
                </Word>
                <TextEquiv>
                    <Unicode>Mais quoy? le front me ſuë, &amp; ie ſuis hors d'ha¬</Unicode>
                </TextEquiv>
            </TextLine>
            <TextLine id="tl_9" primaryLanguage="English" custom="readingOrder {index:2;}">
                <Coords points="976,1687 1318,1687 1318,1821 976,1821"/>
                <Baseline points="976,1814 1254,1807 1318,1821"/>
                <Word id="w_w2aab1b1b2b7b5ab1" language="English" custom="readingOrder {index:0;}">
                    <Coords points="976,1687 1254,1687 1254,1814 976,1814"/>
                    <TextEquiv>
                        <Unicode>leine</Unicode>
                    </TextEquiv>
                    <TextStyle fontFamily="Times New Roman" fontSize="12.0" italic="true"/>
                </Word>
                <Word id="w_w2aab1b1b2b7b5ac13" language="English" custom="readingOrder {index:1;}">
                    <Coords points="1283,1730 1318,1730 1318,1821 1283,1821"/>
                    <TextEquiv>
                        <Unicode>)</Unicode>
                    </TextEquiv>
                    <TextStyle fontFamily="Times New Roman" fontSize="12.0" italic="true"/>
                </Word>
                <TextEquiv>
                    <Unicode>leine;</Unicode>
                </TextEquiv>
                <TextStyle fontFamily="Times New Roman" fontSize="12.0" italic="true"/>
            </TextLine>
            <TextEquiv>
                <Unicode>Qui n'eſtans point preueus, perdent les imprudens.
Mais quoy? le front me ſuë, &amp; ie ſuis hors d'ha¬
leine;</Unicode>
            </TextEquiv>
        </TextRegion>
        <TextRegion type="paragraph" id="r_1_5" custom="readingOrder {index:4;}">
            <Coords points="602,1842 3409,1836 3409,2428 602,2434"/>
            <TextLine id="tl_10" primaryLanguage="English" custom="readingOrder {index:0;}">
                <Coords points="602,1851 3279,1847 3279,2044 602,2048"/>
                <Baseline points="604,2009 934,1998 1232,1993 1408,1989 1564,1987 1904,1983 2014,1980 2454,1977 2756,1975 2936,1974 3284,1977"/>
                <Word id="w_w2aab1b1b2b9b1b2b1" language="English" custom="readingOrder {index:0;}">
                    <Coords points="598,1882 934,1882 934,2010 598,2010"/>
                    <TextEquiv>
                        <Unicode>Adon</Unicode>
                    </TextEquiv>
                    <TextStyle fontFamily="Times New Roman" fontSize="12.0" italic="true"/>
                </Word>
                <Word id="w_w2aab1b1b2b9b1b2c11" language="English" custom="readingOrder {index:1;}">
                    <Coords points="981,1916 1232,1916 1232,1995 981,1995"/>
                    <TextEquiv>
                        <Unicode>ame</Unicode>
                    </TextEquiv>
                    <TextStyle fontFamily="Times New Roman" fontSize="12.0" italic="true"/>
                </Word>
                <Word id="w_w2aab1b1b2b9b1b2c19" language="English" custom="readingOrder {index:2;}">
                    <Coords points="1275,1914 1408,1914 1408,1990 1275,1990"/>
                    <TextEquiv>
                        <Unicode>en</Unicode>
                    </TextEquiv>
                    <TextStyle fontFamily="Times New Roman" fontSize="12.0" italic="true"/>
                </Word>
                <Word id="w_w2aab1b1b2b9b1b2c25" language="English" custom="readingOrder {index:3;}">
                    <Coords points="1457,1909 1564,1909 1564,1987 1457,1987"/>
                    <TextEquiv>
                        <Unicode>ce</Unicode>
                    </TextEquiv>
                    <TextStyle fontFamily="Times New Roman" fontSize="12.0" italic="true"/>
                </Word>
                <Word id="w_w2aab1b1b2b9b1b2c31" language="English" custom="readingOrder {index:4;}">
                    <Coords points="1615,1895 1904,1895 1904,2040 1615,2040"/>
                    <TextEquiv>
                        <Unicode>repos</Unicode>
                    </TextEquiv>
                    <TextStyle fontFamily="Times New Roman" fontSize="12.0" italic="true"/>
                </Word>
                <Word id="w_w2aab1b1b2b9b1b2c43" language="English" custom="readingOrder {index:5;}">
                    <Coords points="1939,1902 2014,1902 2014,1980 1939,1980"/>
                    <TextEquiv>
                        <Unicode>a</Unicode>
                    </TextEquiv>
                    <TextStyle fontFamily="Times New Roman" fontSize="12.0" italic="true"/>
                </Word>
                <Word id="w_w2aab1b1b2b9b1b2c47" language="English" custom="readingOrder {index:6;}">
                    <Coords points="2058,1850 2454,1850 2454,1982 2058,1982"/>
                    <TextEquiv>
                        <Unicode>trouué</Unicode>
                    </TextEquiv>
                    <TextStyle fontFamily="Times New Roman" fontSize="12.0" italic="true"/>
                </Word>
                <Word id="w_w2aab1b1b2b9b1b2c61" language="English" custom="readingOrder {index:7;}">
                    <Coords points="2494,1887 2756,1887 2756,1976 2494,1976"/>
                    <TextEquiv>
                        <Unicode>tant</Unicode>
                    </TextEquiv>
                    <TextStyle fontFamily="Times New Roman" fontSize="12.0" italic="true"/>
                </Word>
                <Word id="w_w2aab1b1b2b9b1b2c71" language="English" custom="readingOrder {index:8;}">
                    <Coords points="2802,1848 2936,1848 2936,1974 2802,1974"/>
                    <TextEquiv>
                        <Unicode>de</Unicode>
                    </TextEquiv>
                    <TextStyle fontFamily="Times New Roman" fontSize="12.0" italic="true"/>
                </Word>
                <Word id="w_w2aab1b1b2b9b1b2c77" language="English" custom="readingOrder {index:9;}">
                    <Coords points="2965,1890 3284,1890 3284,2029 2965,2029"/>
                    <TextEquiv>
                        <Unicode>peine</Unicode>
                    </TextEquiv>
                    <TextStyle fontFamily="Times New Roman" fontSize="12.0" italic="true"/>
                </Word>
                <TextEquiv>
                    <Unicode>Mon ame en ce repos a trouué tant de peine</Unicode>
                </TextEquiv>
            </TextLine>
            <TextLine id="tl_11" primaryLanguage="English" custom="readingOrder {index:1;}">
                <Coords points="602,2019 2931,2027 2931,2251 602,2243"/>
                <Baseline points="613,2187 755,2188 902,2234 1509,2171 1888,2164 2475,2212 2824,2156 2931,2175"/>
                <Word id="w_w2aab1b1b2b9b3b1b1" language="English" custom="readingOrder {index:0;}">
                    <Coords points="609,2066 755,2066 755,2188 609,2188"/>
                    <TextEquiv>
                        <Unicode>4</Unicode>
                    </TextEquiv>
                    <TextStyle fontFamily="Times New Roman" fontSize="14.0" italic="true"/>
                </Word>
                <Word id="w_w2aab1b1b2b9b3b1b5" language="English" custom="readingOrder {index:1;}">
                    <Coords points="762,2051 902,2051 902,2234 762,2234"/>
                    <TextEquiv>
                        <Unicode>fi</Unicode>
                    </TextEquiv>
                    <TextStyle fontFamily="Times New Roman" fontSize="14.0" italic="true"/>
                </Word>
                <Word id="w_w2aab1b1b2b9b3b2b1" language="English" custom="readingOrder {index:2;}">
                    <Coords points="940,2042 1509,2042 1509,2228 940,2228"/>
                    <TextEquiv>
                        <Unicode>defabufer</Unicode>
                    </TextEquiv>
                    <TextStyle fontFamily="Times New Roman" fontSize="12.0" italic="true"/>
                </Word>
                <Word id="w_w2aab1b1b2b9b3b2c21" language="English" custom="readingOrder {index:3;}">
                    <Coords points="1546,2040 1888,2040 1888,2168 1546,2168"/>
                    <TextEquiv>
                        <Unicode>d'vne</Unicode>
                    </TextEquiv>
                    <TextStyle fontFamily="Times New Roman" fontSize="12.0" italic="true"/>
                </Word>
                <Word id="w_w2aab1b1b2b9b3b2c33" language="English" custom="readingOrder {index:4;}">
                    <Coords points="1910,2035 2475,2035 2475,2213 1910,2213"/>
                    <TextEquiv>
                        <Unicode>fafcheufi</Unicode>
                    </TextEquiv>
                    <TextStyle fontFamily="Times New Roman" fontSize="12.0" italic="true"/>
                </Word>
                <Word id="w_w2aab1b1b2b9b3b2c53" language="English" custom="readingOrder {index:5;}">
                    <Coords points="2521,2077 2886,2077 2886,2175 2521,2175"/>
                    <TextEquiv>
                        <Unicode>erreur</Unicode>
                    </TextEquiv>
                    <TextStyle fontFamily="Times New Roman" fontSize="12.0" italic="true"/>
                </Word>
                <Word id="w_w2aab1b1b2b9b3b3b1" language="English" custom="readingOrder {index:6;}">
                    <Coords points="2894,2127 2931,2127 2931,2175 2894,2175"/>
                    <TextEquiv>
                        <Unicode>3</Unicode>
                    </TextEquiv>
                    <TextStyle fontFamily="Times New Roman" fontSize="14.0" italic="true" subscript="true"/>
                </Word>
                <TextEquiv>
                    <Unicode>A ſe deſabuſer d'vne faſcheuſe erreur,</Unicode>
                </TextEquiv>
            </TextLine>
            <TextLine id="tl_12" primaryLanguage="English" custom="readingOrder {index:2;}">
                <Coords points="606,2209 3408,2206 3408,2427 606,2430"/>
                <Baseline points="628,2397 745,2369 988,2365 1125,2364 1497,2357 2047,2350 2227,2344 2587,2339 2813,2379 3198,2337 3407,2334"/>
                <Word id="w_w2aab1b1b2b9b5b1b1" language="English" custom="readingOrder {index:0;}">
                    <Coords points="921,2244 988,2244 988,2365 921,2365"/>
                    <TextEquiv>
                        <Unicode>ÿ</Unicode>
                    </TextEquiv>
                    <TextStyle fontFamily="Times New Roman" fontSize="12.0" italic="true"/>
                </Word>
                <Word id="w_w2aab1b1b2b9b5b2b1" language="English" custom="readingOrder {index:1;}">
                    <Coords points="988,2283 1125,2283 1125,2364 988,2364"/>
                    <TextEquiv>
                        <Unicode>en</Unicode>
                    </TextEquiv>
                    <TextStyle fontFamily="Times New Roman" fontSize="12.0" italic="true" subscript="true"/>
                </Word>
                <Word id="w_w2aab1b1b2b9b5b2b7" language="English" custom="readingOrder {index:2;}">
                    <Coords points="1437,2260 1679,2260 1679,2357 1437,2357"/>
                    <TextEquiv>
                        <Unicode>tmi</Unicode>
                    </TextEquiv>
                    <TextStyle fontFamily="Times New Roman" fontSize="12.0" italic="true" subscript="true"/>
                </Word>
                <Word id="w_w2aab1b1b2b9b5b3b3" language="English" custom="readingOrder {index:3;}">
                    <Coords points="1739,2221 2047,2221 2047,2350 1739,2350"/>
                    <TextEquiv>
                        <Unicode>émeu</Unicode>
                    </TextEquiv>
                    <TextStyle fontFamily="Times New Roman" fontSize="12.0" italic="true"/>
                </Word>
                <Word id="w_w2aab1b1b2b9b5b3c13" language="English" custom="readingOrder {index:4;}">
                    <Coords points="2091,2218 2227,2218 2227,2344 2091,2344"/>
                    <TextEquiv>
                        <Unicode>de</Unicode>
                    </TextEquiv>
                    <TextStyle fontFamily="Times New Roman" fontSize="12.0" italic="true"/>
                </Word>
                <Word id="w_w2aab1b1b2b9b5b3c19" language="English" custom="readingOrder {index:5;}">
                    <Coords points="2271,2218 2587,2218 2587,2344 2271,2344"/>
                    <TextEquiv>
                        <Unicode>colere</Unicode>
                    </TextEquiv>
                    <TextStyle fontFamily="Times New Roman" fontSize="12.0" italic="true"/>
                </Word>
                <Word id="w_w2aab1b1b2b9b5b3c33" language="English" custom="readingOrder {index:6;}">
                    <Coords points="2645,2252 2813,2252 2813,2379 2645,2379"/>
                    <TextEquiv>
                        <Unicode>(f</Unicode>
                    </TextEquiv>
                    <TextStyle fontFamily="Times New Roman" fontSize="12.0" italic="true"/>
                </Word>
                <Word id="w_w2aab1b1b2b9b5b3c39" language="English" custom="readingOrder {index:7;}">
                    <Coords points="2851,2205 3384,2205 3384,2338 2851,2338"/>
                    <TextEquiv>
                        <Unicode>d'horreur</Unicode>
                    </TextEquiv>
                    <TextStyle fontFamily="Times New Roman" fontSize="12.0" italic="true"/>
                </Word>
                <Word id="w_w2aab1b1b2b9b5b4b1" language="English" custom="readingOrder {index:8;}">
                    <Coords points="3373,2308 3407,2308 3407,2334 3373,2334"/>
                    <TextEquiv>
                        <Unicode>..</Unicode>
                    </TextEquiv>
                    <TextStyle fontFamily="Times New Roman" fontSize="8.0"/>
                </Word>
                <TextEquiv>
                    <Unicode>Que i'en ſuis tout émeu de colere &amp; d'horreur.</Unicode>
                </TextEquiv>
            </TextLine>
            <TextEquiv>
                <Unicode>Mon ame en ce repos a trouué tant de peine
A ſe deſabuſer d'vne faſcheuſe erreur,
Que i'en ſuis tout émeu de colere &amp; d'horreur.</Unicode>
            </TextEquiv>
        </TextRegion>
        <TextRegion id="region_1548536293769_2256" custom="readingOrder {index:5;}">
            <Coords points="168,1952 586,1952 586,2414 168,2414"/>
            <TextLine id="line_1548536301229_2259" custom="readingOrder {index:0;}">
                <Coords points="173,1982 573,1963 576,2034 176,2053"/>
                <Baseline points="176,2048 576,2029"/>
                <TextEquiv>
                    <Unicode>Ferore pa¬</Unicode>
                </TextEquiv>
            </TextLine>
            <TextLine id="line_1548536306617_2264" custom="readingOrder {index:1;}">
                <Coords points="174,2068 517,2052 519,2122 176,2138"/>
                <Baseline points="176,2133 519,2117"/>
                <TextEquiv>
                    <Unicode>roiſt auec</Unicode>
                </TextEquiv>
            </TextLine>
            <TextLine id="line_1548536311857_2269" custom="readingOrder {index:2;}">
                <Coords points="168,2159 577,2140 579,2214 170,2233"/>
                <Baseline points="170,2228 579,2209"/>
                <TextEquiv>
                    <Unicode>le Capitai¬</Unicode>
                </TextEquiv>
            </TextLine>
            <TextLine id="line_1548536316008_2274" custom="readingOrder {index:3;}">
                <Coords points="172,2247 580,2232 584,2309 176,2324"/>
                <Baseline points="176,2319 584,2304"/>
                <TextEquiv>
                    <Unicode>ne des Gar¬</Unicode>
                </TextEquiv>
            </TextLine>
            <TextLine id="line_1548536319708_2279" custom="readingOrder {index:4;}">
                <Coords points="184,2344 329,2344 329,2414 184,2414"/>
                <Baseline points="184,2409 329,2409"/>
                <TextEquiv>
                    <Unicode>des</Unicode>
                </TextEquiv>
            </TextLine>
            <TextEquiv>
                <Unicode>Ferore pa¬
roiſt auec
le Capitai¬
ne des Gar¬
des</Unicode>
            </TextEquiv>
        </TextRegion>
        <TextRegion type="paragraph" id="r_1_6" custom="readingOrder {index:6;}">
            <Coords points="616,2432 963,2432 963,2570 616,2570"/>
            <TextLine id="tl_13" primaryLanguage="English" custom="readingOrder {index:0;}">
                <Coords points="617,2433 962,2433 962,2569 617,2569"/>
                <Baseline points="617,2559 961,2543"/>
                <Word id="w_w2aab1b1b2c11b1ab1" language="English" custom="readingOrder {index:0;}">
                    <Coords points="616,2432 960,2432 960,2567 616,2567"/>
                    <TextEquiv>
                        <Unicode>Hola.</Unicode>
                    </TextEquiv>
                    <TextStyle fontFamily="Times New Roman" fontSize="12.0" bold="true" italic="true"/>
                </Word>
                <TextEquiv>
                    <Unicode>Hola.</Unicode>
                </TextEquiv>
                <TextStyle fontFamily="Times New Roman" fontSize="12.0" bold="true" italic="true"/>
            </TextLine>
            <TextEquiv>
                <Unicode>Hola.</Unicode>
            </TextEquiv>
        </TextRegion>
        <GraphicRegion id="r_2" custom="readingOrder {index:7;}">
            <Coords points="299,3173 3243,3173 3243,5830 299,5830"/>
        </GraphicRegion>
    </Page>
</PcGts>
