3796 5868
946 170 2203 322 TRAGEDIE.
3026 273 3175 382 ^

175 365 428 526 Que
487 397 766 485 dans
819 361 932 485 la
973 369 1107 490 T
1117 363 1284 489 ale
1255 368 1548 539 fine
1627 419 1764 493 on
1815 375 2218 542 ejleuoü
2279 434 2452 513 vn
2507 387 2928 524 homme

182 549 416 706 Qui
471 541 826 669 valoit
875 537 1112 670 bien
1165 545 1310 669 Les
1375 555 1770 673 Dieux
1822 610 2144 734 quon
2195 568 2612 696 adoroit
2649 573 2724 694 d
2789 587 3134 713 Rome
3141 687 3161 709 ,

187 731 352 850 Le
394 719 764 900 peuple
824 772 1036 900 que
1048 725 1200 899 fa
1249 741 1536 852 veué
1585 776 1730 853 an
1791 745 2242 919 Temple
2291 759 2807 933 rauiffoit,

187 903 814 1031 Admirant
826 899 1013 1076 fes
1069 944 1333 1079 apas
1381 946 1618 1034 tout
1669 907 1948 1042 haut
1997 919 2089 1044 le
2135 919 2595 1104 bemjfott
2622 981 2651 1069 z

190 1089 361 1219 Et
402 1126 505 1203 ce
558 1082 943 1264 Tyran
990 1086 1278 1208 cruel
1320 1136 1451 1211 en
1502 1133 1917 1222 conceut
1970 1137 2229 1228 tant
2280 1111 2693 1240 demie

182 1256 496 1414 Qu'il
502 1253 651 1428 ft
672 1259 1153 1436 foudam
1208 1265 1707 1393 trancher
1752 1274 1843 1397 le
1888 1274 2155 1401 beau
2178 1281 2322 1450 fil
2362 1290 2497 1413 de
2501 1293 2657 1467 fa
2702 1305 2893 1425 vie
2918 1372 2951 1435 -

192 1443 341 1564 Cf
390 1434 655 1563 clair
698 1441 1016 1572 Soleil
1062 1444 1439 1572 leuant
1490 1446 1826 1577 adoré
1862 1453 1995 1579 de
2048 1458 2161 1581 la
2192 1467 2483 1589 Cour

184 1633 321 1746 Se
359 1616 807 1791 plongea
858 1619 1139 1748 dans
1182 1621 1331 1751 les
1386 1674 1677 1753 eaux
1728 1678 2125 1760 comme
2176 1637 2583 1817 lAflre
2634 1653 2785 1777 du
2834 1663 3067 1805 iour
3119 1757 3170 1805 y

194 1803 365 1925 Et
420 1794 657 1922 rien
716 1807 1151 1978 rejfortit
1183 1841 1389 1980 pas
1434 1854 1567 1934 en
1583 1806 1737 1982 fa
1790 1809 2183 1941 beauté
2205 1858 2774 1997 première,

192 1981 420 2101 Car
461 1977 547 2103 il
588 2028 720 2106 en
743 1982 945 2173 fut
989 1983 1199 2110 tiré
1211 1984 1496 2159 fans
1521 1969 1816 2159 force
1875 2023 2029 2155 (jf
2045 1996 2334 2167 fans
2389 2002 2826 2133 lumière
2835 2107 2860 2134 .

353 2161 522 2281 Et
559 2198 808 2333 puis
853 2212 1004 2338 qu
1033 2204 1334 2339 apres
1381 2167 1602 2289 cela
1647 2175 1742 2295 ie
1775 2170 2086 2337 flatte
2139 2177 2778 2311 l’inhumain

181 2327 429 2493 Qui
479 2385 612 2458 ne
657 2346 982 2467 vient
1024 2386 1234 2522 que
1275 2344 1434 2468 do
1415 2348 1642 2515 fer
1673 2347 1786 2473 la
1839 2358 2024 2477 vie
2067 2352 2141 2473 à
2187 2409 2442 2483 mon
2460 2376 3062 2536 germain?

175 2515 654 2689 Tlufofl
693 2517 786 2642 le
830 2519 1016 2682 feu
1065 2569 1238 2646 me
1283 2520 1608 2698 brufle
1661 2625 1697 2672 ,
1747 2575 1880 2658 ou
1927 2524 2272 2661 tonde
2286 2537 2498 2710 fon
2553 2582 3062 2675 contraire

189 2695 292 2814 R
313 2692 580 2820 ende
631 2748 882 2826 mon
890 2698 1142 2877 fort
1158 2707 1520 2882 pareil
1557 2700 1630 2823 d
1687 2709 1966 2893 celuy
2009 2715 2142 2838 de
2181 2765 2434 2843 mon
2450 2723 2771 2894 jrere.

1272 2944 2114 3085 DINA,

194 3245 487 3367 Tous
530 3277 687 3357 ces
732 3246 1055 3365 traits
1080 3236 1213 3364 de
1240 3242 1799 3373 mal-heur
1810 3249 2175 3431 depuis
2204 3256 3192 3446 longtempspaffeT^

190 3425 391 3545 De
446 3416 789 3585 voflre
837 3415 1335 3590 fouuenir
1374 3424 1811 3552 doiuent
1856 3440 2107 3609 eflre
2160 3436 2621 3615 efface^j

190 3590 633 3719 Faut-H
677 3621 929 3770 qu'a
982 3635 1213 3725 tous
1235 3638 1603 3783 propos
1652 3640 1913 3736 cette
1964 3622 2247 3794 trifie
2275 3653 2763 3798 peinture

182 3770 843 3896 Renouuelle
882 3820 1087 3901 vos
1119 3778 1474 3954 pleurs
1487 3781 1705 3961 fur
1742 3830 1972 3916 vne
2018 3793 2374 3921 vieille
2426 3807 2851 3923 iniure?

183 3941 444 4105 Que
470 3951 956 4118 toufiours
978 3961 1326 4127 voflre
1351 3960 1648 4135 efprit
1685 4012 1820 4087 en
1867 4014 2074 4092 vos
2105 4019 2306 4096 ans
2347 3972 2488 4097 les
2515 3977 2766 4153 plus
2809 3977 3172 4106 beaux.

185 4137 474 4257 Erre
493 4129 611 4294 fi
651 4134 1236 4302 tnfiement
1275 4133 1347 4257 à
1387 4138 1834 4267 l'entour
1867 4144 2052 4270 des
2093 4143 2664 4278 tombeaux
2713 4166 2777 4277 ?

185 4302 772 4434 Afadame
821 4401 858 4449 ,
883 4310 1230 4481 faites
1279 4316 1622 4492 tréfue
1679 4365 2144 4503 auecque
2152 4331 2346 4505 fes
2372 4333 2812 4513 penséas
2839 4432 2879 4486 ?

187 4482 844 4656 Voscelefies
885 4482 1368 4624 beautés
1370 4548 1472 4677 y
1498 4497 1766 4675 font
1811 4508 2443 4680 interefées,

187 4665 548 4830 Vofire
599 4668 874 4788 teint
907 4669 1374 4846 composé
1419 4678 1604 4803 des
1636 4682 1886 4856 plus
1913 4682 2426 4811 aimables
2442 4687 2782 4856 fleurs
2832 4688 2843 4836 ',

181 4851 426 4964 Sert
447 4875 674 5017 trop
697 4842 1333 5031 long-temps
1377 4856 1513 4983 de
1557 4858 1690 4986 lit
1713 4858 1788 4981 d
1815 4861 1997 4985 des
2027 4871 2557 5044 ruijfeaux
2585 4869 2715 4990 de
2742 4870 3099 5047 pleurs
3105 4925 3137 4989 ;

187 5011 355 5137 Le
397 5054 753 5197 temps»
784 5055 934 5194 çf
984 5025 1097 5152 La
1146 5031 1497 5206 raifon
1522 5038 1791 5209 fans
1844 5040 2157 5167 doute
2210 5094 2487 5173 vous
2544 5083 3013 5173 muitent

181 5193 328 5317 'A
372 5190 761 5334 bannir
804 5249 959 5333 ces
1006 5219 1383 5343 ennuis
1431 5222 1626 5395 qui
1676 5266 1883 5350 vos
1930 5223 2207 5353 iours
2237 5263 2861 5401 précipitent
2878 5274 2917 5345 :

2530 5408 2629 5509 D
2714 5415 2779 5549 ij
