<?xml version="1.0" encoding="UTF-8" standalone="yes"?>
<PcGts xmlns="http://schema.primaresearch.org/PAGE/gts/pagecontent/2013-07-15" xmlns:xsi="http://www.w3.org/2001/XMLSchema-instance" xsi:schemaLocation="http://schema.primaresearch.org/PAGE/gts/pagecontent/2013-07-15 http://schema.primaresearch.org/PAGE/gts/pagecontent/2013-07-15/pagecontent.xsd">
    <Metadata>
        <Creator></Creator>
        <Created>2019-01-26T18:52:39.994+01:00</Created>
        <LastChange>2019-07-24T10:20:58.384+02:00</LastChange>
        <Comments>
                Measurement unit: pixel
                PrimaryLanguage: English
                Language: FrenchStandard
                Producer: ABBYY FineReader Engine 11</Comments>
        <TranskribusMetadata docId="187309" pageId="7453551" pageNr="27" tsid="13092946" status="DONE" userId="10612" imgUrl="https://files.transkribus.eu/Get?id=MWNYIUEKHWOKSSIDBOFWWVRS&amp;fileType=view" xmlUrl="https://files.transkribus.eu/Get?id=KKFAEEGFQKHPGBKFSNEAIIQJ" imageId="2611906"/>
    </Metadata>
    <Page imageFilename="Lhermite1639_Mariane_bpt6k1511072f_corrected_0027.png" imageWidth="3796" imageHeight="5856">
        <PrintSpace>
            <Coords points="146,138 3245,138 3245,5642 146,5642"/>
        </PrintSpace>
        <ReadingOrder>
            <OrderedGroup id="ro_1604222387051" caption="Regions reading order">
                <RegionRefIndexed index="0" regionRef="r_1_1"/>
                <RegionRefIndexed index="1" regionRef="r_1_2"/>
                <RegionRefIndexed index="2" regionRef="r_1_3"/>
                <RegionRefIndexed index="3" regionRef="r_1_4"/>
                <RegionRefIndexed index="4" regionRef="r_1_5"/>
                <RegionRefIndexed index="5" regionRef="r_1_6"/>
                <RegionRefIndexed index="6" regionRef="r_1_7"/>
                <RegionRefIndexed index="7" regionRef="r_1_8"/>
                <RegionRefIndexed index="8" regionRef="r_1_9"/>
                <RegionRefIndexed index="9" regionRef="r_1_10"/>
                <RegionRefIndexed index="10" regionRef="r_1_11"/>
                <RegionRefIndexed index="11" regionRef="r_1_12"/>
                <RegionRefIndexed index="12" regionRef="r_1_13"/>
                <RegionRefIndexed index="13" regionRef="r_1_14"/>
                <RegionRefIndexed index="14" regionRef="r_1_15"/>
                <RegionRefIndexed index="15" regionRef="r_1_16"/>
                <RegionRefIndexed index="16" regionRef="r_1_17"/>
            </OrderedGroup>
        </ReadingOrder>
        <TextRegion type="paragraph" id="r_1_1" custom="readingOrder {index:0;}">
            <Coords points="1091,168 3219,168 3219,374 1091,374"/>
            <TextLine id="tl_1" primaryLanguage="English" custom="readingOrder {index:0;}">
                <Coords points="1092,169 3218,169 3218,373 1092,373"/>
                <Baseline points="1092,313 2308,313 3178,349 3217,373"/>
                <Word id="w_w2aab1b1b2b1b1ab1" language="English" custom="readingOrder {index:0;}">
                    <Coords points="1092,181 2341,181 2341,347 1092,347"/>
                    <TextEquiv>
                        <Unicode>TRAGEDIE.</Unicode>
                    </TextEquiv>
                    <TextStyle fontFamily="Times New Roman" fontSize="13.0"/>
                </Word>
                <Word id="w_w2aab1b1b2b1b1b1b1" language="English" custom="readingOrder {index:1;}">
                    <Coords points="3064,223 3178,223 3178,349 3064,349"/>
                    <TextEquiv>
                        <Unicode>y</Unicode>
                    </TextEquiv>
                    <TextStyle fontFamily="Times New Roman" fontSize="14.0" italic="true"/>
                </Word>
                <Word id="w_w2aab1b1b2b1b1b2b1" language="English" custom="readingOrder {index:2;}">
                    <Coords points="3121,268 3217,268 3217,373 3121,373"/>
                    <TextEquiv>
                        <Unicode>ÿ</Unicode>
                    </TextEquiv>
                    <TextStyle fontFamily="Times New Roman" fontSize="14.0" italic="true" subscript="true"/>
                </Word>
                <TextEquiv>
                    <Unicode>TRAGEDIE. 19</Unicode>
                </TextEquiv>
            </TextLine>
            <TextEquiv>
                <Unicode>TRAGEDIE. 19</Unicode>
            </TextEquiv>
        </TextRegion>
        <TextRegion type="paragraph" id="r_1_2" custom="readingOrder {index:1;}">
            <Coords points="265,349 2962,349 2962,578 265,578"/>
            <TextLine id="tl_2" primaryLanguage="English" custom="readingOrder {index:0;}">
                <Coords points="266,350 2961,350 2961,577 266,577"/>
                <Baseline points="267,515 608,497 940,495 1462,497 1753,498 1954,497 2354,506 2960,537"/>
                <Word id="w_w2aab1b1b2b3b1ab1" language="English" custom="readingOrder {index:0;}">
                    <Coords points="267,371 608,371 608,515 267,515"/>
                    <TextEquiv>
                        <Unicode>Mille</Unicode>
                    </TextEquiv>
                    <TextStyle fontFamily="Times New Roman" fontSize="11.0" italic="true"/>
                </Word>
                <Word id="w_w2aab1b1b2b3b1ac13" language="English" custom="readingOrder {index:1;}">
                    <Coords points="665,376 940,376 940,496 665,496"/>
                    <TextEquiv>
                        <Unicode>Rois</Unicode>
                    </TextEquiv>
                    <TextStyle fontFamily="Times New Roman" fontSize="11.0" italic="true"/>
                </Word>
                <Word id="w_w2aab1b1b2b3b1ac23" language="English" custom="readingOrder {index:2;}">
                    <Coords points="964,371 1462,371 1462,547 964,547"/>
                    <TextEquiv>
                        <Unicode>glorieux</Unicode>
                    </TextEquiv>
                    <TextStyle fontFamily="Times New Roman" fontSize="11.0" italic="true"/>
                </Word>
                <Word id="w_w2aab1b1b2b3b1ac41" language="English" custom="readingOrder {index:3;}">
                    <Coords points="1476,373 1753,373 1753,549 1476,549"/>
                    <TextEquiv>
                        <Unicode>font</Unicode>
                    </TextEquiv>
                    <TextStyle fontFamily="Times New Roman" fontSize="11.0" italic="true"/>
                </Word>
                <Word id="w_w2aab1b1b2b3b1ac51" language="English" custom="readingOrder {index:4;}">
                    <Coords points="1762,380 1954,380 1954,550 1762,550"/>
                    <TextEquiv>
                        <Unicode>fes</Unicode>
                    </TextEquiv>
                    <TextStyle fontFamily="Times New Roman" fontSize="11.0" italic="true"/>
                </Word>
                <Word id="w_w2aab1b1b2b3b1ac59" language="English" custom="readingOrder {index:5;}">
                    <Coords points="1985,378 2354,378 2354,555 1985,555"/>
                    <TextEquiv>
                        <Unicode>dignes</Unicode>
                    </TextEquiv>
                    <TextStyle fontFamily="Times New Roman" fontSize="11.0" italic="true"/>
                </Word>
                <Word id="w_w2aab1b1b2b3b1ac73" language="English" custom="readingOrder {index:6;}">
                    <Coords points="2399,388 2960,388 2960,560 2399,560"/>
                    <TextEquiv>
                        <Unicode>ancefires,</Unicode>
                    </TextEquiv>
                    <TextStyle fontFamily="Times New Roman" fontSize="11.0" italic="true"/>
                </Word>
                <TextEquiv>
                    <Unicode>Mille Rois glorieux ſont ſes dignes anceſtres,</Unicode>
                </TextEquiv>
                <TextStyle fontFamily="Times New Roman" fontSize="11.0" italic="true"/>
            </TextLine>
            <TextEquiv>
                <Unicode>Mille Rois glorieux ſont ſes dignes anceſtres,</Unicode>
            </TextEquiv>
        </TextRegion>
        <TextRegion type="paragraph" id="r_1_3" custom="readingOrder {index:2;}">
            <Coords points="250,523 3089,523 3089,766 250,766"/>
            <TextLine id="tl_3" primaryLanguage="English" custom="readingOrder {index:0;}">
                <Coords points="251,524 3088,524 3088,765 251,765"/>
                <Baseline points="252,694 419,686 655,678 952,677 1101,677 1639,676 1796,677 2041,678 2236,678 2471,687 3087,701"/>
                <Word id="w_w2aab1b1b2b5b1ab1" language="English" custom="readingOrder {index:0;}">
                    <Coords points="252,566 419,566 419,694 252,694"/>
                    <TextEquiv>
                        <Unicode>Et</Unicode>
                    </TextEquiv>
                    <TextStyle fontFamily="Times New Roman" fontSize="11.0" italic="true"/>
                </Word>
                <Word id="w_w2aab1b1b2b5b1ab7" language="English" custom="readingOrder {index:1;}">
                    <Coords points="452,555 655,555 655,681 452,681"/>
                    <TextEquiv>
                        <Unicode>ton</Unicode>
                    </TextEquiv>
                    <TextStyle fontFamily="Times New Roman" fontSize="11.0" italic="true"/>
                </Word>
                <Word id="w_w2aab1b1b2b5b1ac15" language="English" custom="readingOrder {index:2;}">
                    <Coords points="677,590 952,590 952,728 677,728"/>
                    <TextEquiv>
                        <Unicode>peut</Unicode>
                    </TextEquiv>
                    <TextStyle fontFamily="Times New Roman" fontSize="11.0" italic="true"/>
                </Word>
                <Word id="w_w2aab1b1b2b5b1ac25" language="English" custom="readingOrder {index:3;}">
                    <Coords points="986,551 1101,551 1101,678 986,678"/>
                    <TextEquiv>
                        <Unicode>la</Unicode>
                    </TextEquiv>
                    <TextStyle fontFamily="Times New Roman" fontSize="11.0" italic="true"/>
                </Word>
                <Word id="w_w2aab1b1b2b5b1ac31" language="English" custom="readingOrder {index:4;}">
                    <Coords points="1152,600 1639,600 1639,681 1152,681"/>
                    <TextEquiv>
                        <Unicode>nommer</Unicode>
                    </TextEquiv>
                    <TextStyle fontFamily="Times New Roman" fontSize="11.0" italic="true"/>
                </Word>
                <Word id="w_w2aab1b1b2b5b1ac45" language="English" custom="readingOrder {index:5;}">
                    <Coords points="1682,555 1796,555 1796,677 1682,677"/>
                    <TextEquiv>
                        <Unicode>la</Unicode>
                    </TextEquiv>
                    <TextStyle fontFamily="Times New Roman" fontSize="11.0" italic="true"/>
                </Word>
                <Word id="w_w2aab1b1b2b5b1ac51" language="English" custom="readingOrder {index:6;}">
                    <Coords points="1814,549 2041,549 2041,723 1814,723"/>
                    <TextEquiv>
                        <Unicode>fille</Unicode>
                    </TextEquiv>
                    <TextStyle fontFamily="Times New Roman" fontSize="11.0" italic="true"/>
                </Word>
                <Word id="w_w2aab1b1b2b5b1ac63" language="English" custom="readingOrder {index:7;}">
                    <Coords points="2098,559 2236,559 2236,683 2098,683"/>
                    <TextEquiv>
                        <Unicode>de</Unicode>
                    </TextEquiv>
                    <TextStyle fontFamily="Times New Roman" fontSize="11.0" italic="true"/>
                </Word>
                <Word id="w_w2aab1b1b2b5b1ac69" language="English" custom="readingOrder {index:8;}">
                    <Coords points="2282,610 2471,610 2471,689 2282,689"/>
                    <TextEquiv>
                        <Unicode>nos</Unicode>
                    </TextEquiv>
                    <TextStyle fontFamily="Times New Roman" fontSize="11.0" italic="true"/>
                </Word>
                <Word id="w_w2aab1b1b2b5b1ac77" language="English" custom="readingOrder {index:9;}">
                    <Coords points="2502,574 3087,574 3087,746 2502,746"/>
                    <TextEquiv>
                        <Unicode>Aîaifires,</Unicode>
                    </TextEquiv>
                    <TextStyle fontFamily="Times New Roman" fontSize="11.0" italic="true"/>
                </Word>
                <TextEquiv>
                    <Unicode>Et l'on peut la nommer la fille de nos Maiſtres.</Unicode>
                </TextEquiv>
                <TextStyle fontFamily="Times New Roman" fontSize="11.0" italic="true"/>
            </TextLine>
            <TextEquiv>
                <Unicode>Et l'on peut la nommer la fille de nos Maiſtres.</Unicode>
            </TextEquiv>
        </TextRegion>
        <TextRegion type="paragraph" id="r_1_4" custom="readingOrder {index:3;}">
            <Coords points="1209,900 2194,900 2194,1050 1209,1050"/>
            <TextLine id="tl_4" primaryLanguage="English" custom="readingOrder {index:0;}">
                <Coords points="1210,901 2193,901 2193,1049 1210,1049"/>
                <Baseline points="1211,1028 1282,1028 1456,1037 1789,1036 2191,1045"/>
                <Word id="w_w2aab1b1b2b7b1ab1" language="English" custom="readingOrder {index:0;}">
                    <Coords points="1211,909 1282,909 1282,1028 1211,1028"/>
                    <TextEquiv>
                        <Unicode>S</Unicode>
                    </TextEquiv>
                    <TextStyle fontFamily="Times New Roman" fontSize="13.0"/>
                </Word>
                <Word id="w_w2aab1b1b2b7b1ab5" language="English" custom="readingOrder {index:1;}">
                    <Coords points="1344,911 1456,911 1456,1037 1344,1037"/>
                    <TextEquiv>
                        <Unicode>A</Unicode>
                    </TextEquiv>
                    <TextStyle fontFamily="Times New Roman" fontSize="13.0"/>
                </Word>
                <Word id="w_w2aab1b1b2b7b1ab9" language="English" custom="readingOrder {index:2;}">
                    <Coords points="1512,908 1789,908 1789,1038 1512,1038"/>
                    <TextEquiv>
                        <Unicode>LO</Unicode>
                    </TextEquiv>
                    <TextStyle fontFamily="Times New Roman" fontSize="13.0"/>
                </Word>
                <Word id="w_w2aab1b1b2b7b1ac15" language="English" custom="readingOrder {index:3;}">
                    <Coords points="1852,912 2191,912 2191,1045 1852,1045"/>
                    <TextEquiv>
                        <Unicode>ME.</Unicode>
                    </TextEquiv>
                    <TextStyle fontFamily="Times New Roman" fontSize="13.0"/>
                </Word>
                <TextEquiv>
                    <Unicode>SALOME.</Unicode>
                </TextEquiv>
                <TextStyle fontFamily="Times New Roman" fontSize="13.0"/>
            </TextLine>
            <TextEquiv>
                <Unicode>SALOME.</Unicode>
            </TextEquiv>
        </TextRegion>
        <TextRegion type="paragraph" id="r_1_5" custom="readingOrder {index:4;}">
            <Coords points="238,1261 3011,1261 3011,1667 238,1667"/>
            <TextLine id="tl_5" primaryLanguage="English" custom="readingOrder {index:0;}">
                <Coords points="242,1262 3010,1262 3010,1490 242,1490"/>
                <Baseline points="242,1406 492,1400 670,1402 954,1457 1272,1404 1589,1431 1804,1413 1976,1418 2290,1421 2484,1426 3009,1458"/>
                <Word id="w_w2aab1b1b2b9b1ab1" language="English" custom="readingOrder {index:0;}">
                    <Coords points="242,1275 492,1275 492,1406 242,1406"/>
                    <TextEquiv>
                        <Unicode>Elle</Unicode>
                    </TextEquiv>
                    <TextStyle fontFamily="Times New Roman" fontSize="11.0" italic="true"/>
                </Word>
                <Word id="w_w2aab1b1b2b9b1ac11" language="English" custom="readingOrder {index:1;}">
                    <Coords points="538,1324 670,1324 670,1402 538,1402"/>
                    <TextEquiv>
                        <Unicode>en</Unicode>
                    </TextEquiv>
                    <TextStyle fontFamily="Times New Roman" fontSize="11.0" italic="true"/>
                </Word>
                <Word id="w_w2aab1b1b2b9b1ac17" language="English" custom="readingOrder {index:2;}">
                    <Coords points="718,1281 954,1281 954,1457 718,1457"/>
                    <TextEquiv>
                        <Unicode>vTg</Unicode>
                    </TextEquiv>
                    <TextStyle fontFamily="Times New Roman" fontSize="11.0" italic="true"/>
                </Word>
                <Word id="w_w2aab1b1b2b9b1ac25" language="English" custom="readingOrder {index:3;}">
                    <Coords points="998,1280 1272,1280 1272,1409 998,1409"/>
                    <TextEquiv>
                        <Unicode>donc</Unicode>
                    </TextEquiv>
                    <TextStyle fontFamily="Times New Roman" fontSize="11.0" italic="true"/>
                </Word>
                <Word id="w_w2aab1b1b2b9b1ac35" language="English" custom="readingOrder {index:4;}">
                    <Coords points="1292,1281 1589,1281 1589,1431 1292,1431"/>
                    <TextEquiv>
                        <Unicode>bien,</Unicode>
                    </TextEquiv>
                    <TextStyle fontFamily="Times New Roman" fontSize="11.0" italic="true"/>
                </Word>
                <Word id="w_w2aab1b1b2b9b1ac47" language="English" custom="readingOrder {index:5;}">
                    <Coords points="1618,1334 1804,1334 1804,1414 1618,1414"/>
                    <TextEquiv>
                        <Unicode>car</Unicode>
                    </TextEquiv>
                    <TextStyle fontFamily="Times New Roman" fontSize="11.0" italic="true"/>
                </Word>
                <Word id="w_w2aab1b1b2b9b1ac55" language="English" custom="readingOrder {index:6;}">
                    <Coords points="1838,1340 1976,1340 1976,1418 1838,1418"/>
                    <TextEquiv>
                        <Unicode>on</Unicode>
                    </TextEquiv>
                    <TextStyle fontFamily="Times New Roman" fontSize="11.0" italic="true"/>
                </Word>
                <Word id="w_w2aab1b1b2b9b1ac61" language="English" custom="readingOrder {index:7;}">
                    <Coords points="1986,1290 2290,1290 2290,1466 1986,1466"/>
                    <TextEquiv>
                        <Unicode>fait</Unicode>
                    </TextEquiv>
                    <TextStyle fontFamily="Times New Roman" fontSize="11.0" italic="true"/>
                </Word>
                <Word id="w_w2aab1b1b2b9b1ac71" language="English" custom="readingOrder {index:8;}">
                    <Coords points="2338,1343 2484,1343 2484,1426 2338,1426"/>
                    <TextEquiv>
                        <Unicode>au</Unicode>
                    </TextEquiv>
                    <TextStyle fontFamily="Times New Roman" fontSize="11.0" italic="true"/>
                </Word>
                <Word id="w_w2aab1b1b2b9b1ac77" language="English" custom="readingOrder {index:9;}">
                    <Coords points="2524,1308 3009,1308 3009,1458 2524,1458"/>
                    <TextEquiv>
                        <Unicode>'Palais*</Unicode>
                    </TextEquiv>
                    <TextStyle fontFamily="Times New Roman" fontSize="11.0" italic="true"/>
                </Word>
                <TextEquiv>
                    <Unicode>Elle en vZe donc bien, car on fait au Palais,</Unicode>
                </TextEquiv>
                <TextStyle fontFamily="Times New Roman" fontSize="11.0" italic="true"/>
            </TextLine>
            <TextLine id="tl_6" primaryLanguage="English" custom="readingOrder {index:1;}">
                <Coords points="239,1446 2775,1446 2775,1666 239,1666"/>
                <Baseline points="239,1605 655,1580 987,1584 1175,1585 1491,1592 1931,1597 2109,1598 2329,1601 2774,1612"/>
                <Word id="w_w2aab1b1b2b9b3ab1" language="English" custom="readingOrder {index:0;}">
                    <Coords points="239,1452 655,1452 655,1605 239,1605"/>
                    <TextEquiv>
                        <Unicode>Qu'elle</Unicode>
                    </TextEquiv>
                    <TextStyle fontFamily="Times New Roman" fontSize="11.0" italic="true"/>
                </Word>
                <Word id="w_w2aab1b1b2b9b3ac17" language="English" custom="readingOrder {index:1;}">
                    <Coords points="679,1460 987,1460 987,1634 679,1634"/>
                    <TextEquiv>
                        <Unicode>parle</Unicode>
                    </TextEquiv>
                    <TextStyle fontFamily="Times New Roman" fontSize="11.0" italic="true"/>
                </Word>
                <Word id="w_w2aab1b1b2b9b3ac29" language="English" custom="readingOrder {index:2;}">
                    <Coords points="1042,1465 1175,1465 1175,1586 1042,1586"/>
                    <TextEquiv>
                        <Unicode>de</Unicode>
                    </TextEquiv>
                    <TextStyle fontFamily="Times New Roman" fontSize="11.0" italic="true"/>
                </Word>
                <Word id="w_w2aab1b1b2b9b3ac35" language="English" custom="readingOrder {index:3;}">
                    <Coords points="1234,1512 1491,1512 1491,1593 1234,1593"/>
                    <TextEquiv>
                        <Unicode>nous</Unicode>
                    </TextEquiv>
                    <TextStyle fontFamily="Times New Roman" fontSize="11.0" italic="true"/>
                </Word>
                <Word id="w_w2aab1b1b2b9b3ac45" language="English" custom="readingOrder {index:4;}">
                    <Coords points="1538,1515 1931,1515 1931,1598 1538,1598"/>
                    <TextEquiv>
                        <Unicode>comme</Unicode>
                    </TextEquiv>
                    <TextStyle fontFamily="Times New Roman" fontSize="11.0" italic="true"/>
                </Word>
                <Word id="w_w2aab1b1b2b9b3ac57" language="English" custom="readingOrder {index:5;}">
                    <Coords points="1976,1476 2109,1476 2109,1598 1976,1598"/>
                    <TextEquiv>
                        <Unicode>de</Unicode>
                    </TextEquiv>
                    <TextStyle fontFamily="Times New Roman" fontSize="11.0" italic="true"/>
                </Word>
                <Word id="w_w2aab1b1b2b9b3ac63" language="English" custom="readingOrder {index:6;}">
                    <Coords points="2137,1476 2329,1476 2329,1648 2137,1648"/>
                    <TextEquiv>
                        <Unicode>fes</Unicode>
                    </TextEquiv>
                    <TextStyle fontFamily="Times New Roman" fontSize="11.0" italic="true"/>
                </Word>
                <Word id="w_w2aab1b1b2b9b3ac71" language="English" custom="readingOrder {index:7;}">
                    <Coords points="2375,1487 2774,1487 2774,1614 2375,1614"/>
                    <TextEquiv>
                        <Unicode>valets.</Unicode>
                    </TextEquiv>
                    <TextStyle fontFamily="Times New Roman" fontSize="11.0" italic="true"/>
                </Word>
                <TextEquiv>
                    <Unicode>Qu'elle parle de nous comme de ſes valets.</Unicode>
                </TextEquiv>
                <TextStyle fontFamily="Times New Roman" fontSize="11.0" italic="true"/>
            </TextLine>
            <TextEquiv>
                <Unicode>Elle en vZe donc bien, car on fait au Palais,
Qu'elle parle de nous comme de ſes valets.</Unicode>
            </TextEquiv>
        </TextRegion>
        <TextRegion type="paragraph" id="r_1_6" custom="readingOrder {index:5;}">
            <Coords points="219,1625 3047,1625 3047,2194 219,2194"/>
            <TextLine id="tl_7" primaryLanguage="English" custom="readingOrder {index:0;}">
                <Coords points="236,1626 3046,1626 3046,1851 236,1851"/>
                <Baseline points="237,1759 410,1756 488,1754 651,1806 1078,1817 1628,1774 1932,1775 2086,1775 2520,1788 2752,1792 2874,1798 3045,1801"/>
                <Word id="w_w2aab1b1b2c11b1ab1" language="English" custom="readingOrder {index:0;}">
                    <Coords points="237,1638 410,1638 410,1759 237,1759"/>
                    <TextEquiv>
                        <Unicode>Et</Unicode>
                    </TextEquiv>
                    <TextStyle fontFamily="Times New Roman" fontSize="11.0" italic="true"/>
                </Word>
                <Word id="w_w2aab1b1b2c11b1ab7" language="English" custom="readingOrder {index:1;}">
                    <Coords points="431,1681 488,1681 488,1754 431,1754"/>
                    <TextEquiv>
                        <Unicode>c</Unicode>
                    </TextEquiv>
                    <TextStyle fontFamily="Times New Roman" fontSize="11.0" italic="true"/>
                </Word>
                <Word id="w_w2aab1b1b2c11b1ac11" language="English" custom="readingOrder {index:2;}">
                    <Coords points="505,1640 651,1640 651,1806 505,1806"/>
                    <TextEquiv>
                        <Unicode>efi</Unicode>
                    </TextEquiv>
                    <TextStyle fontFamily="Times New Roman" fontSize="11.0" italic="true"/>
                </Word>
                <Word id="w_w2aab1b1b2c11b1ac19" language="English" custom="readingOrder {index:3;}">
                    <Coords points="671,1639 1078,1639 1078,1817 671,1817"/>
                    <TextEquiv>
                        <Unicode>dequoj</Unicode>
                    </TextEquiv>
                    <TextStyle fontFamily="Times New Roman" fontSize="11.0" italic="true"/>
                </Word>
                <Word id="w_w2aab1b1b2c11b1ac33" language="English" custom="readingOrder {index:4;}">
                    <Coords points="1102,1682 1628,1682 1628,1819 1102,1819"/>
                    <TextEquiv>
                        <Unicode>pourtant</Unicode>
                    </TextEquiv>
                    <TextStyle fontFamily="Times New Roman" fontSize="11.0" italic="true"/>
                </Word>
                <Word id="w_w2aab1b1b2c11b1ac51" language="English" custom="readingOrder {index:5;}">
                    <Coords points="1673,1699 1932,1699 1932,1782 1673,1782"/>
                    <TextEquiv>
                        <Unicode>nous</Unicode>
                    </TextEquiv>
                    <TextStyle fontFamily="Times New Roman" fontSize="11.0" italic="true"/>
                </Word>
                <Word id="w_w2aab1b1b2c11b1ac61" language="English" custom="readingOrder {index:6;}">
                    <Coords points="1955,1701 2086,1701 2086,1776 1955,1776"/>
                    <TextEquiv>
                        <Unicode>ne</Unicode>
                    </TextEquiv>
                    <TextStyle fontFamily="Times New Roman" fontSize="11.0" italic="true"/>
                </Word>
                <Word id="w_w2aab1b1b2c11b1ac67" language="English" custom="readingOrder {index:7;}">
                    <Coords points="2102,1656 2520,1656 2520,1826 2102,1826"/>
                    <TextEquiv>
                        <Unicode>ferions</Unicode>
                    </TextEquiv>
                    <TextStyle fontFamily="Times New Roman" fontSize="11.0" italic="true"/>
                </Word>
                <Word id="w_w2aab1b1b2c11b1ac83" language="English" custom="readingOrder {index:8;}">
                    <Coords points="2546,1716 2752,1716 2752,1844 2546,1844"/>
                    <TextEquiv>
                        <Unicode>que</Unicode>
                    </TextEquiv>
                    <TextStyle fontFamily="Times New Roman" fontSize="11.0" italic="true"/>
                </Word>
                <Word id="w_w2aab1b1b2c11b1ac91" language="English" custom="readingOrder {index:9;}">
                    <Coords points="2780,1678 2986,1678 2986,1798 2780,1798"/>
                    <TextEquiv>
                        <Unicode>rire</Unicode>
                    </TextEquiv>
                    <TextStyle fontFamily="Times New Roman" fontSize="11.0" italic="true"/>
                </Word>
                <Word id="w_w2aab1b1b2c11b1b1b1" language="English" custom="readingOrder {index:10;}">
                    <Coords points="3018,1776 3045,1776 3045,1801 3018,1801"/>
                    <TextEquiv>
                        <Unicode>,</Unicode>
                    </TextEquiv>
                    <TextStyle fontFamily="Times New Roman" fontSize="18.0" bold="true"/>
                </Word>
                <TextEquiv>
                    <Unicode>Et c'eſt dequoy pourtant nous ne ferions que rire,</Unicode>
                </TextEquiv>
            </TextLine>
            <TextLine id="tl_8" primaryLanguage="English" custom="readingOrder {index:1;}">
                <Coords points="237,1806 3020,1806 3020,2028 237,2028"/>
                <Baseline points="238,1941 705,1937 1029,1934 1495,1950 1733,1950 1814,1953 1963,1955 2253,1962 2597,1972 2955,1979 3018,2002"/>
                <Word id="w_w2aab1b1b2c11b3ab1" language="English" custom="readingOrder {index:0;}">
                    <Coords points="238,1810 705,1810 705,1983 238,1983"/>
                    <TextEquiv>
                        <Unicode>JA'efioit</Unicode>
                    </TextEquiv>
                    <TextStyle fontFamily="Times New Roman" fontSize="11.0" italic="true"/>
                </Word>
                <Word id="w_w2aab1b1b2c11b3ac21" language="English" custom="readingOrder {index:1;}">
                    <Coords points="748,1818 1029,1818 1029,1940 748,1940"/>
                    <TextEquiv>
                        <Unicode>mille</Unicode>
                    </TextEquiv>
                    <TextStyle fontFamily="Times New Roman" fontSize="11.0" italic="true"/>
                </Word>
                <Word id="w_w2aab1b1b2c11b3ac33" language="English" custom="readingOrder {index:2;}">
                    <Coords points="1050,1820 1495,1820 1495,1994 1050,1994"/>
                    <TextEquiv>
                        <Unicode>difcours</Unicode>
                    </TextEquiv>
                    <TextStyle fontFamily="Times New Roman" fontSize="11.0" italic="true"/>
                </Word>
                <Word id="w_w2aab1b1b2c11b3ac51" language="English" custom="readingOrder {index:3;}">
                    <Coords points="1527,1877 1733,1877 1733,2006 1527,2006"/>
                    <TextEquiv>
                        <Unicode>que</Unicode>
                    </TextEquiv>
                    <TextStyle fontFamily="Times New Roman" fontSize="11.0" italic="true"/>
                </Word>
                <Word id="w_w2aab1b1b2c11b3ac59" language="English" custom="readingOrder {index:4;}">
                    <Coords points="1766,1830 1814,1830 1814,1953 1766,1953"/>
                    <TextEquiv>
                        <Unicode>I</Unicode>
                    </TextEquiv>
                    <TextStyle fontFamily="Times New Roman" fontSize="11.0" italic="true"/>
                </Word>
                <Word id="w_w2aab1b1b2c11b3ac63" language="English" custom="readingOrder {index:5;}">
                    <Coords points="1830,1881 1963,1881 1963,1955 1830,1955"/>
                    <TextEquiv>
                        <Unicode>on</Unicode>
                    </TextEquiv>
                    <TextStyle fontFamily="Times New Roman" fontSize="11.0" italic="true"/>
                </Word>
                <Word id="w_w2aab1b1b2c11b3ac69" language="English" custom="readingOrder {index:6;}">
                    <Coords points="1996,1882 2253,1882 2253,1965 1996,1965"/>
                    <TextEquiv>
                        <Unicode>nous</Unicode>
                    </TextEquiv>
                    <TextStyle fontFamily="Times New Roman" fontSize="11.0" italic="true"/>
                </Word>
                <Word id="w_w2aab1b1b2c11b3ac79" language="English" custom="readingOrder {index:7;}">
                    <Coords points="2272,1850 2597,1850 2597,1972 2272,1972"/>
                    <TextEquiv>
                        <Unicode>vient</Unicode>
                    </TextEquiv>
                    <TextStyle fontFamily="Times New Roman" fontSize="11.0" italic="true"/>
                </Word>
                <Word id="w_w2aab1b1b2c11b3ac91" language="English" custom="readingOrder {index:8;}">
                    <Coords points="2620,1850 2955,1850 2955,1979 2620,1979"/>
                    <TextEquiv>
                        <Unicode>redire</Unicode>
                    </TextEquiv>
                    <TextStyle fontFamily="Times New Roman" fontSize="11.0" italic="true"/>
                </Word>
                <Word id="w_w2aab1b1b2c11b3ad105" language="English" custom="readingOrder {index:9;}">
                    <Coords points="2977,1930 3018,1930 3018,2002 2977,2002"/>
                    <TextEquiv>
                        <Unicode>*</Unicode>
                    </TextEquiv>
                    <TextStyle fontFamily="Times New Roman" fontSize="11.0" italic="true"/>
                </Word>
                <TextEquiv>
                    <Unicode>N'eſtoit mille diſcours que l'on nous vient redire,</Unicode>
                </TextEquiv>
                <TextStyle fontFamily="Times New Roman" fontSize="11.0" italic="true"/>
            </TextLine>
            <TextLine id="tl_9" primaryLanguage="English" custom="readingOrder {index:2;}">
                <Coords points="220,1985 2547,1985 2547,2193 220,2193"/>
                <Baseline points="222,2036 257,2036 496,2112 676,2117 906,2118 1196,2123 1657,2152 1948,2133 2545,2169"/>
                <Word id="w_w2aab1b1b2c11b5ab1" language="English" custom="readingOrder {index:0;}">
                    <Coords points="222,1991 257,1991 257,2036 222,2036"/>
                    <TextEquiv>
                        <Unicode>s</Unicode>
                    </TextEquiv>
                    <TextStyle fontFamily="Times New Roman" fontSize="11.0" italic="true" superscript="true"/>
                </Word>
                <Word id="w_w2aab1b1b2c11b5b1b1" language="English" custom="readingOrder {index:1;}">
                    <Coords points="249,1992 496,1992 496,2112 249,2112"/>
                    <TextEquiv>
                        <Unicode>.Par</Unicode>
                    </TextEquiv>
                    <TextStyle fontFamily="Times New Roman" fontSize="11.0" italic="true"/>
                </Word>
                <Word id="w_w2aab1b1b2c11b5b1c11" language="English" custom="readingOrder {index:2;}">
                    <Coords points="537,2038 676,2038 676,2117 537,2117"/>
                    <TextEquiv>
                        <Unicode>ou</Unicode>
                    </TextEquiv>
                    <TextStyle fontFamily="Times New Roman" fontSize="11.0" italic="true"/>
                </Word>
                <Word id="w_w2aab1b1b2c11b5b1c17" language="English" custom="readingOrder {index:3;}">
                    <Coords points="702,1993 906,1993 906,2164 702,2164"/>
                    <TextEquiv>
                        <Unicode>fin</Unicode>
                    </TextEquiv>
                    <TextStyle fontFamily="Times New Roman" fontSize="11.0" italic="true"/>
                </Word>
                <Word id="w_w2aab1b1b2c11b5b1c25" language="English" custom="readingOrder {index:4;}">
                    <Coords points="927,2043 1196,2043 1196,2124 927,2124"/>
                    <TextEquiv>
                        <Unicode>cœur</Unicode>
                    </TextEquiv>
                    <TextStyle fontFamily="Times New Roman" fontSize="11.0" italic="true"/>
                </Word>
                <Word id="w_w2aab1b1b2c11b5b1c35" language="English" custom="readingOrder {index:5;}">
                    <Coords points="1235,2010 1657,2010 1657,2175 1235,2175"/>
                    <TextEquiv>
                        <Unicode>ingrat,</Unicode>
                    </TextEquiv>
                    <TextStyle fontFamily="Times New Roman" fontSize="11.0" italic="true"/>
                </Word>
                <Word id="w_w2aab1b1b2c11b5b1c51" language="English" custom="readingOrder {index:6;}">
                    <Coords points="1689,2055 1948,2055 1948,2135 1689,2135"/>
                    <TextEquiv>
                        <Unicode>auec</Unicode>
                    </TextEquiv>
                    <TextStyle fontFamily="Times New Roman" fontSize="11.0" italic="true"/>
                </Word>
                <Word id="w_w2aab1b1b2c11b5b1c61" language="English" custom="readingOrder {index:7;}">
                    <Coords points="1989,2016 2545,2016 2545,2186 1989,2186"/>
                    <TextEquiv>
                        <Unicode>efmotion,</Unicode>
                    </TextEquiv>
                    <TextStyle fontFamily="Times New Roman" fontSize="11.0" italic="true"/>
                </Word>
                <TextEquiv>
                    <Unicode>Par ou ſon cœur ingrat, auec eſmotion,</Unicode>
                </TextEquiv>
            </TextLine>
            <TextEquiv>
                <Unicode>Et c'eſt dequoy pourtant nous ne ferions que rire,
N'eſtoit mille diſcours que l'on nous vient redire,
Par ou ſon cœur ingrat, auec eſmotion,</Unicode>
            </TextEquiv>
        </TextRegion>
        <TextRegion type="paragraph" id="r_1_7" custom="readingOrder {index:6;}">
            <Coords points="232,2163 2697,2163 2697,2376 232,2376"/>
            <TextLine id="tl_10" primaryLanguage="English" custom="readingOrder {index:0;}">
                <Coords points="233,2164 2696,2164 2696,2375 233,2375"/>
                <Baseline points="234,2292 873,2298 1267,2304 1593,2309 1763,2310 2101,2318 2694,2355"/>
                <Word id="w_w2aab1b1b2c13b1ab1" language="English" custom="readingOrder {index:0;}">
                    <Coords points="234,2166 873,2166 873,2344 234,2344"/>
                    <TextEquiv>
                        <Unicode>Tefinoigne</Unicode>
                    </TextEquiv>
                    <TextStyle fontFamily="Times New Roman" fontSize="11.0" italic="true"/>
                </Word>
                <Word id="w_w2aab1b1b2c13b1ac23" language="English" custom="readingOrder {index:1;}">
                    <Coords points="918,2220 1267,2220 1267,2306 918,2306"/>
                    <TextEquiv>
                        <Unicode>contre</Unicode>
                    </TextEquiv>
                    <TextStyle fontFamily="Times New Roman" fontSize="11.0" italic="true"/>
                </Word>
                <Word id="w_w2aab1b1b2c13b1ac37" language="English" custom="readingOrder {index:2;}">
                    <Coords points="1314,2229 1593,2229 1593,2317 1314,2317"/>
                    <TextEquiv>
                        <Unicode>vous</Unicode>
                    </TextEquiv>
                    <TextStyle fontFamily="Times New Roman" fontSize="11.0" italic="true"/>
                </Word>
                <Word id="w_w2aab1b1b2c13b1ac47" language="English" custom="readingOrder {index:3;}">
                    <Coords points="1607,2186 1763,2186 1763,2360 1607,2360"/>
                    <TextEquiv>
                        <Unicode>fa</Unicode>
                    </TextEquiv>
                    <TextStyle fontFamily="Times New Roman" fontSize="11.0" italic="true"/>
                </Word>
                <Word id="w_w2aab1b1b2c13b1ac53" language="English" custom="readingOrder {index:4;}">
                    <Coords points="1812,2237 2101,2237 2101,2318 1812,2318"/>
                    <TextEquiv>
                        <Unicode>noire</Unicode>
                    </TextEquiv>
                    <TextStyle fontFamily="Times New Roman" fontSize="11.0" italic="true"/>
                </Word>
                <Word id="w_w2aab1b1b2c13b1ac65" language="English" custom="readingOrder {index:5;}">
                    <Coords points="2124,2212 2694,2212 2694,2355 2124,2355"/>
                    <TextEquiv>
                        <Unicode>intention,</Unicode>
                    </TextEquiv>
                    <TextStyle fontFamily="Times New Roman" fontSize="11.0" italic="true"/>
                </Word>
                <TextEquiv>
                    <Unicode>Teſmoigne contre vous ſa noire intention,</Unicode>
                </TextEquiv>
                <TextStyle fontFamily="Times New Roman" fontSize="11.0" italic="true"/>
            </TextLine>
            <TextEquiv>
                <Unicode>Teſmoigne contre vous ſa noire intention,</Unicode>
            </TextEquiv>
        </TextRegion>
        <TextRegion type="paragraph" id="r_1_8" custom="readingOrder {index:7;}">
            <Coords points="1249,2531 2265,2531 2265,2685 1249,2685"/>
            <TextLine id="tl_11" primaryLanguage="English" custom="readingOrder {index:0;}">
                <Coords points="1250,2532 2264,2532 2264,2684 1250,2684"/>
                <Baseline points="1250,2660 1530,2658 2262,2684"/>
                <Word id="w_w2aab1b1b2c15b1ab1" language="English" custom="readingOrder {index:0;}">
                    <Coords points="1250,2536 1530,2536 1530,2660 1250,2660"/>
                    <TextEquiv>
                        <Unicode>HE</Unicode>
                    </TextEquiv>
                    <TextStyle fontFamily="Times New Roman" fontSize="13.0"/>
                </Word>
                <Word id="w_w2aab1b1b2c15b1ab7" language="English" custom="readingOrder {index:1;}">
                    <Coords points="1590,2542 2262,2542 2262,2684 1590,2684"/>
                    <TextEquiv>
                        <Unicode>RODE,</Unicode>
                    </TextEquiv>
                    <TextStyle fontFamily="Times New Roman" fontSize="13.0"/>
                </Word>
                <TextEquiv>
                    <Unicode>HERODE,</Unicode>
                </TextEquiv>
                <TextStyle fontFamily="Times New Roman" fontSize="13.0"/>
            </TextLine>
            <TextEquiv>
                <Unicode>HERODE,</Unicode>
            </TextEquiv>
        </TextRegion>
        <TextRegion type="paragraph" id="r_1_9" custom="readingOrder {index:8;}">
            <Coords points="217,2888 3062,2888 3062,3463 217,3463"/>
            <TextLine id="tl_12" primaryLanguage="English" custom="readingOrder {index:0;}">
                <Coords points="222,2889 2998,2889 2998,3112 222,3112"/>
                <Baseline points="222,3020 560,3023 722,3020 1243,3030 1517,3032 1749,3056 2247,3048 2835,3060 2996,3076"/>
                <Word id="w_w2aab1b1b2c17b1ab1" language="English" custom="readingOrder {index:0;}">
                    <Coords points="222,2895 560,2895 560,3024 222,3024"/>
                    <TextEquiv>
                        <Unicode>Nous</Unicode>
                    </TextEquiv>
                    <TextStyle fontFamily="Times New Roman" fontSize="11.0" italic="true"/>
                </Word>
                <Word id="w_w2aab1b1b2c17b1ac11" language="English" custom="readingOrder {index:1;}">
                    <Coords points="590,2943 722,2943 722,3020 590,3020"/>
                    <TextEquiv>
                        <Unicode>ne</Unicode>
                    </TextEquiv>
                    <TextStyle fontFamily="Times New Roman" fontSize="11.0" italic="true"/>
                </Word>
                <Word id="w_w2aab1b1b2c17b1ac17" language="English" custom="readingOrder {index:2;}">
                    <Coords points="756,2936 1243,2936 1243,3071 756,3071"/>
                    <TextEquiv>
                        <Unicode>pouuons</Unicode>
                    </TextEquiv>
                    <TextStyle fontFamily="Times New Roman" fontSize="11.0" italic="true"/>
                </Word>
                <Word id="w_w2aab1b1b2c17b1ac33" language="English" custom="readingOrder {index:3;}">
                    <Coords points="1292,2913 1691,2913 1691,3037 1292,3037"/>
                    <TextEquiv>
                        <Unicode>iamais</Unicode>
                    </TextEquiv>
                    <TextStyle fontFamily="Times New Roman" fontSize="11.0" italic="true"/>
                </Word>
                <Word id="w_w2aab1b1b2c17b1b1b1" language="English" custom="readingOrder {index:4;}">
                    <Coords points="1716,2962 1749,2962 1749,3057 1716,3057"/>
                    <TextEquiv>
                        <Unicode>,</Unicode>
                    </TextEquiv>
                    <TextStyle fontFamily="Times New Roman" fontSize="18.0" bold="true"/>
                </Word>
                <Word id="w_w2aab1b1b2c17b1b2b1" language="English" custom="readingOrder {index:5;}">
                    <Coords points="1784,2963 2247,2963 2247,3098 1784,3098"/>
                    <TextEquiv>
                        <Unicode>auecque</Unicode>
                    </TextEquiv>
                    <TextStyle fontFamily="Times New Roman" fontSize="11.0" italic="true"/>
                </Word>
                <Word id="w_w2aab1b1b2c17b1b2c17" language="English" custom="readingOrder {index:6;}">
                    <Coords points="2290,2923 2943,2923 2943,3103 2290,3103"/>
                    <TextEquiv>
                        <Unicode>bien-feance</Unicode>
                    </TextEquiv>
                    <TextStyle fontFamily="Times New Roman" fontSize="11.0" italic="true"/>
                </Word>
                <Word id="w_w2aab1b1b2c17b1b3b1" language="English" custom="readingOrder {index:7;}">
                    <Coords points="2960,3032 2996,3032 2996,3076 2960,3076"/>
                    <TextEquiv>
                        <Unicode>,</Unicode>
                    </TextEquiv>
                    <TextStyle fontFamily="Times New Roman" fontSize="18.0" bold="true"/>
                </Word>
                <TextEquiv>
                    <Unicode>Nous ne pouuons iamais, auecque bien-ſeance,</Unicode>
                </TextEquiv>
            </TextLine>
            <TextLine id="tl_13" primaryLanguage="English" custom="readingOrder {index:1;}">
                <Coords points="221,3067 3061,3067 3061,3289 221,3289"/>
                <Baseline points="221,3196 513,3198 1011,3202 1225,3206 1678,3239 2124,3226 2401,3233 2552,3233 2996,3240 3060,3233"/>
                <Word id="w_w2aab1b1b2c17b3ab1" language="English" custom="readingOrder {index:0;}">
                    <Coords points="221,3081 513,3081 513,3198 221,3198"/>
                    <TextEquiv>
                        <Unicode>Aux</Unicode>
                    </TextEquiv>
                    <TextStyle fontFamily="Times New Roman" fontSize="11.0" italic="true"/>
                </Word>
                <Word id="w_w2aab1b1b2c17b3ab9" language="English" custom="readingOrder {index:1;}">
                    <Coords points="539,3113 1011,3113 1011,3253 539,3253"/>
                    <TextEquiv>
                        <Unicode>rapports</Unicode>
                    </TextEquiv>
                    <TextStyle fontFamily="Times New Roman" fontSize="11.0" italic="true"/>
                </Word>
                <Word id="w_w2aab1b1b2c17b3ac27" language="English" custom="readingOrder {index:2;}">
                    <Coords points="1041,3083 1225,3083 1225,3206 1041,3206"/>
                    <TextEquiv>
                        <Unicode>des</Unicode>
                    </TextEquiv>
                    <TextStyle fontFamily="Times New Roman" fontSize="11.0" italic="true"/>
                </Word>
                <Word id="w_w2aab1b1b2c17b3ac35" language="English" custom="readingOrder {index:3;}">
                    <Coords points="1245,3087 1678,3087 1678,3239 1245,3239"/>
                    <TextEquiv>
                        <Unicode>valets,</Unicode>
                    </TextEquiv>
                    <TextStyle fontFamily="Times New Roman" fontSize="11.0" italic="true"/>
                </Word>
                <Word id="w_w2aab1b1b2c17b3ac51" language="English" custom="readingOrder {index:4;}">
                    <Coords points="1713,3094 2124,3094 2124,3227 1713,3227"/>
                    <TextEquiv>
                        <Unicode>donner</Unicode>
                    </TextEquiv>
                    <TextStyle fontFamily="Times New Roman" fontSize="11.0" italic="true"/>
                </Word>
                <Word id="w_w2aab1b1b2c17b3ac65" language="English" custom="readingOrder {index:5;}">
                    <Coords points="2143,3141 2401,3141 2401,3233 2143,3233"/>
                    <TextEquiv>
                        <Unicode>tant</Unicode>
                    </TextEquiv>
                    <TextStyle fontFamily="Times New Roman" fontSize="11.0" italic="true"/>
                </Word>
                <Word id="w_w2aab1b1b2c17b3ac75" language="English" custom="readingOrder {index:6;}">
                    <Coords points="2419,3107 2552,3107 2552,3233 2419,3233"/>
                    <TextEquiv>
                        <Unicode>de</Unicode>
                    </TextEquiv>
                    <TextStyle fontFamily="Times New Roman" fontSize="11.0" italic="true"/>
                </Word>
                <Word id="w_w2aab1b1b2c17b3ac81" language="English" custom="readingOrder {index:7;}">
                    <Coords points="2579,3154 2996,3154 2996,3241 2579,3241"/>
                    <TextEquiv>
                        <Unicode>creance</Unicode>
                    </TextEquiv>
                    <TextStyle fontFamily="Times New Roman" fontSize="11.0" italic="true"/>
                </Word>
                <Word id="w_w2aab1b1b2c17b3ac97" language="English" custom="readingOrder {index:8;}">
                    <Coords points="3019,3161 3060,3161 3060,3233 3019,3233"/>
                    <TextEquiv>
                        <Unicode>:</Unicode>
                    </TextEquiv>
                    <TextStyle fontFamily="Times New Roman" fontSize="11.0" italic="true"/>
                </Word>
                <TextEquiv>
                    <Unicode>Aux rapports des valets, donner tant de creance:</Unicode>
                </TextEquiv>
                <TextStyle fontFamily="Times New Roman" fontSize="11.0" italic="true"/>
            </TextLine>
            <TextLine id="tl_14" primaryLanguage="English" custom="readingOrder {index:2;}">
                <Coords points="218,3243 2600,3243 2600,3462 218,3462"/>
                <Baseline points="219,3374 476,3374 563,3419 800,3375 1338,3433 1502,3390 1622,3394 2061,3405 2599,3436"/>
                <Word id="w_w2aab1b1b2c17b5ab1" language="English" custom="readingOrder {index:0;}">
                    <Coords points="219,3259 476,3259 476,3374 219,3374"/>
                    <TextEquiv>
                        <Unicode>Am</Unicode>
                    </TextEquiv>
                    <TextStyle fontFamily="Times New Roman" fontSize="11.0" italic="true"/>
                </Word>
                <Word id="w_w2aab1b1b2c17b5ab7" language="English" custom="readingOrder {index:1;}">
                    <Coords points="454,3253 563,3253 563,3419 454,3419"/>
                    <TextEquiv>
                        <Unicode>fi</Unicode>
                    </TextEquiv>
                    <TextStyle fontFamily="Times New Roman" fontSize="11.0" italic="true"/>
                </Word>
                <Word id="w_w2aab1b1b2c17b5ac13" language="English" custom="readingOrder {index:2;}">
                    <Coords points="596,3299 800,3299 800,3431 596,3431"/>
                    <TextEquiv>
                        <Unicode>que</Unicode>
                    </TextEquiv>
                    <TextStyle fontFamily="Times New Roman" fontSize="11.0" italic="true"/>
                </Word>
                <Word id="w_w2aab1b1b2c17b5ac21" language="English" custom="readingOrder {index:3;}">
                    <Coords points="851,3256 1338,3256 1338,3433 851,3433"/>
                    <TextEquiv>
                        <Unicode>tinterefi</Unicode>
                    </TextEquiv>
                    <TextStyle fontFamily="Times New Roman" fontSize="11.0" italic="true"/>
                </Word>
                <Word id="w_w2aab1b1b2c17b5ac41" language="English" custom="readingOrder {index:4;}">
                    <Coords points="1355,3262 1502,3262 1502,3390 1355,3390"/>
                    <TextEquiv>
                        <Unicode>les</Unicode>
                    </TextEquiv>
                    <TextStyle fontFamily="Times New Roman" fontSize="11.0" italic="true"/>
                </Word>
                <Word id="w_w2aab1b1b2c17b5ac49" language="English" custom="readingOrder {index:5;}">
                    <Coords points="1548,3323 1622,3323 1622,3394 1548,3394"/>
                    <TextEquiv>
                        <Unicode>a</Unicode>
                    </TextEquiv>
                    <TextStyle fontFamily="Times New Roman" fontSize="11.0" italic="true"/>
                </Word>
                <Word id="w_w2aab1b1b2c17b5ac53" language="English" custom="readingOrder {index:6;}">
                    <Coords points="1672,3282 2061,3282 2061,3410 1672,3410"/>
                    <TextEquiv>
                        <Unicode>rendus</Unicode>
                    </TextEquiv>
                    <TextStyle fontFamily="Times New Roman" fontSize="11.0" italic="true"/>
                </Word>
                <Word id="w_w2aab1b1b2c17b5ac67" language="English" custom="readingOrder {index:7;}">
                    <Coords points="2070,3285 2599,3285 2599,3455 2070,3455"/>
                    <TextEquiv>
                        <Unicode>fiateurs,</Unicode>
                    </TextEquiv>
                    <TextStyle fontFamily="Times New Roman" fontSize="11.0" italic="true"/>
                </Word>
                <TextEquiv>
                    <Unicode>Ainſi que l'intereſt les a rendus flateurs,</Unicode>
                </TextEquiv>
                <TextStyle fontFamily="Times New Roman" fontSize="11.0" italic="true"/>
            </TextLine>
            <TextEquiv>
                <Unicode>Nous ne pouuons iamais, auecque bien-ſeance,
Aux rapports des valets, donner tant de creance:
Ainſi que l'intereſt les a rendus flateurs,</Unicode>
            </TextEquiv>
        </TextRegion>
        <TextRegion type="paragraph" id="r_1_10" custom="readingOrder {index:9;}">
            <Coords points="214,3420 2605,3420 2605,3633 214,3633"/>
            <TextLine id="tl_15" primaryLanguage="English" custom="readingOrder {index:0;}">
                <Coords points="215,3421 2604,3421 2604,3632 215,3632"/>
                <Baseline points="216,3551 621,3550 1066,3555 1247,3560 1545,3569 1963,3582 2603,3608"/>
                <Word id="w_w2aab1b1b2c19b1ab1" language="English" custom="readingOrder {index:0;}">
                    <Coords points="216,3430 621,3430 621,3596 216,3596"/>
                    <TextEquiv>
                        <Unicode>JSlofire</Unicode>
                    </TextEquiv>
                    <TextStyle fontFamily="Times New Roman" fontSize="11.0" italic="true"/>
                </Word>
                <Word id="w_w2aab1b1b2c19b1ac19" language="English" custom="readingOrder {index:1;}">
                    <Coords points="631,3430 1066,3430 1066,3598 631,3598"/>
                    <TextEquiv>
                        <Unicode>facilité</Unicode>
                    </TextEquiv>
                    <TextStyle fontFamily="Times New Roman" fontSize="11.0" italic="true"/>
                </Word>
                <Word id="w_w2aab1b1b2c19b1ac37" language="English" custom="readingOrder {index:2;}">
                    <Coords points="1102,3440 1247,3440 1247,3560 1102,3560"/>
                    <TextEquiv>
                        <Unicode>les</Unicode>
                    </TextEquiv>
                    <TextStyle fontFamily="Times New Roman" fontSize="11.0" italic="true"/>
                </Word>
                <Word id="w_w2aab1b1b2c19b1ac45" language="English" custom="readingOrder {index:3;}">
                    <Coords points="1277,3479 1545,3479 1545,3612 1277,3612"/>
                    <TextEquiv>
                        <Unicode>peut</Unicode>
                    </TextEquiv>
                    <TextStyle fontFamily="Times New Roman" fontSize="11.0" italic="true"/>
                </Word>
                <Word id="w_w2aab1b1b2c19b1ac55" language="English" custom="readingOrder {index:4;}">
                    <Coords points="1590,3457 1963,3457 1963,3582 1590,3582"/>
                    <TextEquiv>
                        <Unicode>rendre</Unicode>
                    </TextEquiv>
                    <TextStyle fontFamily="Times New Roman" fontSize="11.0" italic="true"/>
                </Word>
                <Word id="w_w2aab1b1b2c19b1ac69" language="English" custom="readingOrder {index:5;}">
                    <Coords points="2011,3502 2603,3502 2603,3608 2011,3608"/>
                    <TextEquiv>
                        <Unicode>menteurs)</Unicode>
                    </TextEquiv>
                    <TextStyle fontFamily="Times New Roman" fontSize="11.0" italic="true"/>
                </Word>
                <TextEquiv>
                    <Unicode>Noſtre facilité les peut rendre menteurs;</Unicode>
                </TextEquiv>
                <TextStyle fontFamily="Times New Roman" fontSize="11.0" italic="true"/>
            </TextLine>
            <TextEquiv>
                <Unicode>Noſtre facilité les peut rendre menteurs;</Unicode>
            </TextEquiv>
        </TextRegion>
        <TextRegion type="paragraph" id="r_1_11" custom="readingOrder {index:10;}">
            <Coords points="215,3574 2670,3574 2670,3826 215,3826"/>
            <TextLine id="tl_16" primaryLanguage="English" custom="readingOrder {index:0;}">
                <Coords points="216,3575 2669,3575 2669,3825 216,3825"/>
                <Baseline points="217,3728 394,3722 584,3723 800,3725 957,3749 1532,3743 1707,3801 2052,3765 2667,3787"/>
                <Word id="w_w2aab1b1b2c21b1ab1" language="English" custom="readingOrder {index:0;}">
                    <Coords points="217,3607 394,3607 394,3728 217,3728"/>
                    <TextEquiv>
                        <Unicode>Et</Unicode>
                    </TextEquiv>
                    <TextStyle fontFamily="Times New Roman" fontSize="11.0" italic="true"/>
                </Word>
                <Word id="w_w2aab1b1b2c21b1ab7" language="English" custom="readingOrder {index:1;}">
                    <Coords points="413,3651 584,3651 584,3724 413,3724"/>
                    <TextEquiv>
                        <Unicode>me</Unicode>
                    </TextEquiv>
                    <TextStyle fontFamily="Times New Roman" fontSize="11.0" italic="true"/>
                </Word>
                <Word id="w_w2aab1b1b2c21b1ac13" language="English" custom="readingOrder {index:2;}">
                    <Coords points="548,3605 800,3605 800,3773 548,3773"/>
                    <TextEquiv>
                        <Unicode>fine</Unicode>
                    </TextEquiv>
                    <TextStyle fontFamily="Times New Roman" fontSize="11.0" italic="true"/>
                </Word>
                <Word id="w_w2aab1b1b2c21b1ac23" language="English" custom="readingOrder {index:3;}">
                    <Coords points="841,3608 957,3608 957,3749 841,3749"/>
                    <TextEquiv>
                        <Unicode>le]</Unicode>
                    </TextEquiv>
                    <TextStyle fontFamily="Times New Roman" fontSize="11.0" italic="true"/>
                </Word>
                <Word id="w_w2aab1b1b2c21b1ac31" language="English" custom="readingOrder {index:4;}">
                    <Coords points="985,3591 1532,3591 1532,3792 985,3792"/>
                    <TextEquiv>
                        <Unicode>menfonge</Unicode>
                    </TextEquiv>
                    <TextStyle fontFamily="Times New Roman" fontSize="11.0" italic="true"/>
                </Word>
                <Word id="w_w2aab1b1b2c21b1ac49" language="English" custom="readingOrder {index:5;}">
                    <Coords points="1559,3633 1707,3633 1707,3801 1559,3801"/>
                    <TextEquiv>
                        <Unicode>efi</Unicode>
                    </TextEquiv>
                    <TextStyle fontFamily="Times New Roman" fontSize="11.0" italic="true"/>
                </Word>
                <Word id="w_w2aab1b1b2c21b1ac57" language="English" custom="readingOrder {index:6;}">
                    <Coords points="1745,3641 2052,3641 2052,3812 1745,3812"/>
                    <TextEquiv>
                        <Unicode>ajfez.s</Unicode>
                    </TextEquiv>
                    <TextStyle fontFamily="Times New Roman" fontSize="11.0" italic="true"/>
                </Word>
                <Word id="w_w2aab1b1b2c21b1ac73" language="English" custom="readingOrder {index:7;}">
                    <Coords points="2083,3643 2667,3643 2667,3787 2083,3787"/>
                    <TextEquiv>
                        <Unicode>ordinaire,</Unicode>
                    </TextEquiv>
                    <TextStyle fontFamily="Times New Roman" fontSize="11.0" italic="true"/>
                </Word>
                <TextEquiv>
                    <Unicode>Et meſme le menſonge eſt aſſez ordinaire,</Unicode>
                </TextEquiv>
                <TextStyle fontFamily="Times New Roman" fontSize="11.0" italic="true"/>
            </TextLine>
            <TextEquiv>
                <Unicode>Et meſme le menſonge eſt aſſez ordinaire,</Unicode>
            </TextEquiv>
        </TextRegion>
        <TextRegion type="paragraph" id="r_1_12" custom="readingOrder {index:11;}">
            <Coords points="212,3780 2857,3780 2857,4003 212,4003"/>
            <TextLine id="tl_17" primaryLanguage="English" custom="readingOrder {index:0;}">
                <Coords points="213,3781 2856,3781 2856,4002 213,4002"/>
                <Baseline points="214,3902 356,3902 561,3901 973,3910 1281,3917 1593,3930 1955,3934 2146,3991 2854,3954"/>
                <Word id="w_w2aab1b1b2c23b1ab1" language="English" custom="readingOrder {index:0;}">
                    <Coords points="214,3783 356,3783 356,3902 214,3902"/>
                    <TextEquiv>
                        <Unicode>A</Unicode>
                    </TextEquiv>
                    <TextStyle fontFamily="Times New Roman" fontSize="11.0" italic="true"/>
                </Word>
                <Word id="w_w2aab1b1b2c23b1ab5" language="English" custom="readingOrder {index:1;}">
                    <Coords points="406,3823 561,3823 561,3902 406,3902"/>
                    <TextEquiv>
                        <Unicode>ces</Unicode>
                    </TextEquiv>
                    <TextStyle fontFamily="Times New Roman" fontSize="11.0" italic="true"/>
                </Word>
                <Word id="w_w2aab1b1b2c23b1ac13" language="English" custom="readingOrder {index:2;}">
                    <Coords points="581,3818 973,3818 973,3955 581,3955"/>
                    <TextEquiv>
                        <Unicode>petites</Unicode>
                    </TextEquiv>
                    <TextStyle fontFamily="Times New Roman" fontSize="11.0" italic="true"/>
                </Word>
                <Word id="w_w2aab1b1b2c23b1ac29" language="English" custom="readingOrder {index:3;}">
                    <Coords points="1005,3836 1281,3836 1281,3964 1005,3964"/>
                    <TextEquiv>
                        <Unicode>gens</Unicode>
                    </TextEquiv>
                    <TextStyle fontFamily="Times New Roman" fontSize="11.0" italic="true"/>
                </Word>
                <Word id="w_w2aab1b1b2c23b1ac39" language="English" custom="readingOrder {index:4;}">
                    <Coords points="1328,3799 1593,3799 1593,3930 1328,3930"/>
                    <TextEquiv>
                        <Unicode>dont</Unicode>
                    </TextEquiv>
                    <TextStyle fontFamily="Times New Roman" fontSize="11.0" italic="true"/>
                </Word>
                <Word id="w_w2aab1b1b2c23b1ac49" language="English" custom="readingOrder {index:5;}">
                    <Coords points="1638,3804 1955,3804 1955,3937 1638,3937"/>
                    <TextEquiv>
                        <Unicode>lame</Unicode>
                    </TextEquiv>
                    <TextStyle fontFamily="Times New Roman" fontSize="11.0" italic="true"/>
                </Word>
                <Word id="w_w2aab1b1b2c23b1ac59" language="English" custom="readingOrder {index:6;}">
                    <Coords points="1996,3823 2146,3823 2146,3991 1996,3991"/>
                    <TextEquiv>
                        <Unicode>efi</Unicode>
                    </TextEquiv>
                    <TextStyle fontFamily="Times New Roman" fontSize="11.0" italic="true"/>
                </Word>
                <Word id="w_w2aab1b1b2c23b1ac67" language="English" custom="readingOrder {index:7;}">
                    <Coords points="2186,3833 2854,3833 2854,3958 2186,3958"/>
                    <TextEquiv>
                        <Unicode>mercenaire,</Unicode>
                    </TextEquiv>
                    <TextStyle fontFamily="Times New Roman" fontSize="11.0" italic="true"/>
                </Word>
                <TextEquiv>
                    <Unicode>A ces petites gens dont l'ame eſt mercenaire.</Unicode>
                </TextEquiv>
                <TextStyle fontFamily="Times New Roman" fontSize="11.0" italic="true"/>
            </TextLine>
            <TextEquiv>
                <Unicode>A ces petites gens dont l'ame eſt mercenaire.</Unicode>
            </TextEquiv>
        </TextRegion>
        <TextRegion type="paragraph" id="r_1_13" custom="readingOrder {index:12;}">
            <Coords points="1119,4145 2223,4145 2223,4313 1119,4313"/>
            <TextLine id="tl_18" primaryLanguage="English" custom="readingOrder {index:0;}">
                <Coords points="1120,4146 2222,4146 2222,4312 1120,4312"/>
                <Baseline points="1120,4267 1192,4267 1390,4276 1560,4281 1770,4291 2014,4309 2220,4310"/>
                <Word id="w_w2aab1b1b2c25b1ab1" language="English" custom="readingOrder {index:0;}">
                    <Coords points="1120,4146 1192,4146 1192,4267 1120,4267"/>
                    <TextEquiv>
                        <Unicode>S</Unicode>
                    </TextEquiv>
                    <TextStyle fontFamily="Times New Roman" fontSize="13.0"/>
                </Word>
                <Word id="w_w2aab1b1b2c25b1ab5" language="English" custom="readingOrder {index:1;}">
                    <Coords points="1276,4153 1390,4153 1390,4276 1276,4276"/>
                    <TextEquiv>
                        <Unicode>A</Unicode>
                    </TextEquiv>
                    <TextStyle fontFamily="Times New Roman" fontSize="13.0"/>
                </Word>
                <Word id="w_w2aab1b1b2c25b1ab9" language="English" custom="readingOrder {index:2;}">
                    <Coords points="1460,4158 1560,4158 1560,4281 1460,4281"/>
                    <TextEquiv>
                        <Unicode>L</Unicode>
                    </TextEquiv>
                    <TextStyle fontFamily="Times New Roman" fontSize="13.0"/>
                </Word>
                <Word id="w_w2aab1b1b2c25b1ac13" language="English" custom="readingOrder {index:3;}">
                    <Coords points="1640,4169 1770,4169 1770,4291 1640,4291"/>
                    <TextEquiv>
                        <Unicode>O</Unicode>
                    </TextEquiv>
                    <TextStyle fontFamily="Times New Roman" fontSize="13.0"/>
                </Word>
                <Word id="w_w2aab1b1b2c25b1ac17" language="English" custom="readingOrder {index:4;}">
                    <Coords points="1854,4174 2014,4174 2014,4309 1854,4309"/>
                    <TextEquiv>
                        <Unicode>M</Unicode>
                    </TextEquiv>
                    <TextStyle fontFamily="Times New Roman" fontSize="13.0"/>
                </Word>
                <Word id="w_w2aab1b1b2c25b1ac21" language="English" custom="readingOrder {index:5;}">
                    <Coords points="2084,4176 2220,4176 2220,4310 2084,4310"/>
                    <TextEquiv>
                        <Unicode>E.</Unicode>
                    </TextEquiv>
                    <TextStyle fontFamily="Times New Roman" fontSize="13.0"/>
                </Word>
                <TextEquiv>
                    <Unicode>SALOME.</Unicode>
                </TextEquiv>
                <TextStyle fontFamily="Times New Roman" fontSize="13.0"/>
            </TextLine>
            <TextEquiv>
                <Unicode>SALOME.</Unicode>
            </TextEquiv>
        </TextRegion>
        <TextRegion type="paragraph" id="r_1_14" custom="readingOrder {index:13;}">
            <Coords points="204,4492 3159,4492 3159,4890 204,4890"/>
            <TextLine id="tl_19" primaryLanguage="English" custom="readingOrder {index:0;}">
                <Coords points="205,4493 3158,4493 3158,4743 205,4743"/>
                <Baseline points="207,4609 432,4615 818,4623 960,4628 1150,4639 1387,4648 1513,4655 1809,4665 2051,4725 2459,4670 3158,4713"/>
                <Word id="w_w2aab1b1b2c27b1ab1" language="English" custom="readingOrder {index:0;}">
                    <Coords points="207,4493 432,4493 432,4615 207,4615"/>
                    <TextEquiv>
                        <Unicode>Les</Unicode>
                    </TextEquiv>
                    <TextStyle fontFamily="Times New Roman" fontSize="11.0" italic="true"/>
                </Word>
                <Word id="w_w2aab1b1b2c27b1ab9" language="English" custom="readingOrder {index:1;}">
                    <Coords points="476,4500 818,4500 818,4623 476,4623"/>
                    <TextEquiv>
                        <Unicode>miens</Unicode>
                    </TextEquiv>
                    <TextStyle fontFamily="Times New Roman" fontSize="11.0" italic="true"/>
                </Word>
                <Word id="w_w2aab1b1b2c27b1ac21" language="English" custom="readingOrder {index:2;}">
                    <Coords points="862,4519 960,4519 960,4628 862,4628"/>
                    <TextEquiv>
                        <Unicode>ri</Unicode>
                    </TextEquiv>
                    <TextStyle fontFamily="Times New Roman" fontSize="11.0" italic="true"/>
                </Word>
                <Word id="w_w2aab1b1b2c27b1ac27" language="English" custom="readingOrder {index:3;}">
                    <Coords points="960,4552 1150,4552 1150,4639 960,4639"/>
                    <TextEquiv>
                        <Unicode>ont</Unicode>
                    </TextEquiv>
                    <TextStyle fontFamily="Times New Roman" fontSize="11.0" italic="true"/>
                </Word>
                <Word id="w_w2aab1b1b2c27b1ac35" language="English" custom="readingOrder {index:4;}">
                    <Coords points="1189,4557 1387,4557 1387,4695 1189,4695"/>
                    <TextEquiv>
                        <Unicode>pas</Unicode>
                    </TextEquiv>
                    <TextStyle fontFamily="Times New Roman" fontSize="11.0" italic="true"/>
                </Word>
                <Word id="w_w2aab1b1b2c27b1ac43" language="English" custom="readingOrder {index:5;}">
                    <Coords points="1418,4529 1513,4529 1513,4655 1418,4655"/>
                    <TextEquiv>
                        <Unicode>le</Unicode>
                    </TextEquiv>
                    <TextStyle fontFamily="Times New Roman" fontSize="11.0" italic="true"/>
                </Word>
                <Word id="w_w2aab1b1b2c27b1ac49" language="English" custom="readingOrder {index:6;}">
                    <Coords points="1534,4581 1809,4581 1809,4665 1534,4665"/>
                    <TextEquiv>
                        <Unicode>cœur</Unicode>
                    </TextEquiv>
                    <TextStyle fontFamily="Times New Roman" fontSize="11.0" italic="true"/>
                </Word>
                <Word id="w_w2aab1b1b2c27b1ac59" language="English" custom="readingOrder {index:7;}">
                    <Coords points="1838,4596 2051,4596 2051,4725 1838,4725"/>
                    <TextEquiv>
                        <Unicode>,ny</Unicode>
                    </TextEquiv>
                    <TextStyle fontFamily="Times New Roman" fontSize="11.0" italic="true"/>
                </Word>
                <Word id="w_w2aab1b1b2c27b1ac67" language="English" custom="readingOrder {index:8;}">
                    <Coords points="2106,4539 2459,4539 2459,4715 2106,4715"/>
                    <TextEquiv>
                        <Unicode>ïefint</Unicode>
                    </TextEquiv>
                    <TextStyle fontFamily="Times New Roman" fontSize="11.0" italic="true"/>
                </Word>
                <Word id="w_w2aab1b1b2c27b1ac81" language="English" custom="readingOrder {index:9;}">
                    <Coords points="2502,4551 3158,4551 3158,4713 2502,4713"/>
                    <TextEquiv>
                        <Unicode>dinuentef</Unicode>
                    </TextEquiv>
                    <TextStyle fontFamily="Times New Roman" fontSize="11.0" italic="true"/>
                </Word>
                <TextEquiv>
                    <Unicode>Les miens n'ont pas le cœur, ny l'eſprit d'inuenter,</Unicode>
                </TextEquiv>
                <TextStyle fontFamily="Times New Roman" fontSize="11.0" italic="true"/>
            </TextLine>
            <TextLine id="tl_20" primaryLanguage="English" custom="readingOrder {index:1;}">
                <Coords points="215,4676 3033,4676 3033,4889 215,4889"/>
                <Baseline points="216,4796 507,4798 649,4797 905,4805 1091,4812 1241,4818 1648,4837 1820,4843 2036,4849 2616,4856 3031,4865"/>
                <Word id="w_w2aab1b1b2c27b3ab1" language="English" custom="readingOrder {index:0;}">
                    <Coords points="216,4678 507,4678 507,4798 216,4798"/>
                    <TextEquiv>
                        <Unicode>Tout</Unicode>
                    </TextEquiv>
                    <TextStyle fontFamily="Times New Roman" fontSize="11.0" italic="true"/>
                </Word>
                <Word id="w_w2aab1b1b2c27b3ac11" language="English" custom="readingOrder {index:1;}">
                    <Coords points="546,4723 649,4723 649,4798 546,4798"/>
                    <TextEquiv>
                        <Unicode>ce</Unicode>
                    </TextEquiv>
                    <TextStyle fontFamily="Times New Roman" fontSize="11.0" italic="true"/>
                </Word>
                <Word id="w_w2aab1b1b2c27b3ac17" language="English" custom="readingOrder {index:2;}">
                    <Coords points="697,4729 905,4729 905,4853 697,4853"/>
                    <TextEquiv>
                        <Unicode>que</Unicode>
                    </TextEquiv>
                    <TextStyle fontFamily="Times New Roman" fontSize="11.0" italic="true"/>
                </Word>
                <Word id="w_w2aab1b1b2c27b3ac25" language="English" custom="readingOrder {index:3;}">
                    <Coords points="956,4688 1091,4688 1091,4812 956,4812"/>
                    <TextEquiv>
                        <Unicode>de</Unicode>
                    </TextEquiv>
                    <TextStyle fontFamily="Times New Roman" fontSize="11.0" italic="true"/>
                </Word>
                <Word id="w_w2aab1b1b2c27b3ac31" language="English" custom="readingOrder {index:4;}">
                    <Coords points="1129,4694 1241,4694 1241,4818 1129,4818"/>
                    <TextEquiv>
                        <Unicode>la</Unicode>
                    </TextEquiv>
                    <TextStyle fontFamily="Times New Roman" fontSize="11.0" italic="true"/>
                </Word>
                <Word id="w_w2aab1b1b2c27b3ac37" language="English" custom="readingOrder {index:5;}">
                    <Coords points="1287,4709 1648,4709 1648,4837 1287,4837"/>
                    <TextEquiv>
                        <Unicode>Reine</Unicode>
                    </TextEquiv>
                    <TextStyle fontFamily="Times New Roman" fontSize="11.0" italic="true"/>
                </Word>
                <Word id="w_w2aab1b1b2c27b3ac49" language="English" custom="readingOrder {index:6;}">
                    <Coords points="1687,4718 1820,4718 1820,4844 1687,4844"/>
                    <TextEquiv>
                        <Unicode>ils</Unicode>
                    </TextEquiv>
                    <TextStyle fontFamily="Times New Roman" fontSize="11.0" italic="true"/>
                </Word>
                <Word id="w_w2aab1b1b2c27b3ac57" language="English" custom="readingOrder {index:7;}">
                    <Coords points="1863,4774 2036,4774 2036,4850 1863,4850"/>
                    <TextEquiv>
                        <Unicode>me</Unicode>
                    </TextEquiv>
                    <TextStyle fontFamily="Times New Roman" fontSize="11.0" italic="true"/>
                </Word>
                <Word id="w_w2aab1b1b2c27b3ac63" language="English" custom="readingOrder {index:8;}">
                    <Coords points="2079,4765 2616,4765 2616,4856 2079,4856"/>
                    <TextEquiv>
                        <Unicode>viennent</Unicode>
                    </TextEquiv>
                    <TextStyle fontFamily="Times New Roman" fontSize="11.0" italic="true"/>
                </Word>
                <Word id="w_w2aab1b1b2c27b3ac81" language="English" custom="readingOrder {index:9;}">
                    <Coords points="2655,4776 3031,4776 3031,4867 2655,4867"/>
                    <TextEquiv>
                        <Unicode>conter,</Unicode>
                    </TextEquiv>
                    <TextStyle fontFamily="Times New Roman" fontSize="11.0" italic="true"/>
                </Word>
                <TextEquiv>
                    <Unicode>Tout ce que de la Reine ils me viennent conter.</Unicode>
                </TextEquiv>
                <TextStyle fontFamily="Times New Roman" fontSize="11.0" italic="true"/>
            </TextLine>
            <TextEquiv>
                <Unicode>Les miens n'ont pas le cœur, ny l'eſprit d'inuenter,
Tout ce que de la Reine ils me viennent conter.</Unicode>
            </TextEquiv>
        </TextRegion>
        <TextRegion type="paragraph" id="r_1_15" custom="readingOrder {index:14;}">
            <Coords points="1062,4932 2180,4932 2180,5098 1062,5098"/>
            <TextLine id="tl_21" primaryLanguage="English" custom="readingOrder {index:0;}">
                <Coords points="1063,4933 2179,4933 2179,5097 1063,5097"/>
                <Baseline points="1064,5060 2177,5097"/>
                <Word id="w_w2aab1b1b2c29b1ab1" language="English" custom="readingOrder {index:0;}">
                    <Coords points="1064,4933 2177,4933 2177,5097 1064,5097"/>
                    <TextEquiv>
                        <Unicode>HERODE.</Unicode>
                    </TextEquiv>
                    <TextStyle fontFamily="Times New Roman" fontSize="13.0"/>
                </Word>
                <TextEquiv>
                    <Unicode>HERODE.</Unicode>
                </TextEquiv>
                <TextStyle fontFamily="Times New Roman" fontSize="13.0"/>
            </TextLine>
            <TextEquiv>
                <Unicode>HERODE.</Unicode>
            </TextEquiv>
        </TextRegion>
        <TextRegion type="paragraph" id="r_1_16" custom="readingOrder {index:15;}">
            <Coords points="205,5207 2858,5207 2858,5459 205,5459"/>
            <TextLine id="tl_22" primaryLanguage="English" custom="readingOrder {index:0;}">
                <Coords points="206,5208 2857,5208 2857,5458 206,5458"/>
                <Baseline points="207,5326 654,5349 956,5356 1456,5374 1824,5386 1983,5394 2273,5401 2761,5397 2856,5400"/>
                <Word id="w_w2aab1b1b2c31b1ab1" language="English" custom="readingOrder {index:0;}">
                    <Coords points="207,5208 654,5208 654,5386 207,5386"/>
                    <TextEquiv>
                        <Unicode>Appren</Unicode>
                    </TextEquiv>
                    <TextStyle fontFamily="Times New Roman" fontSize="11.0" italic="true"/>
                </Word>
                <Word id="w_w2aab1b1b2c31b1ac15" language="English" custom="readingOrder {index:1;}">
                    <Coords points="703,5271 956,5271 956,5357 703,5357"/>
                    <TextEquiv>
                        <Unicode>nous</Unicode>
                    </TextEquiv>
                    <TextStyle fontFamily="Times New Roman" fontSize="11.0" italic="true"/>
                </Word>
                <Word id="w_w2aab1b1b2c31b1ac25" language="English" custom="readingOrder {index:2;}">
                    <Coords points="1004,5242 1456,5242 1456,5418 1004,5418"/>
                    <TextEquiv>
                        <Unicode>quelque</Unicode>
                    </TextEquiv>
                    <TextStyle fontFamily="Times New Roman" fontSize="11.0" italic="true"/>
                </Word>
                <Word id="w_w2aab1b1b2c31b1ac41" language="English" custom="readingOrder {index:3;}">
                    <Coords points="1498,5262 1824,5262 1824,5396 1498,5396"/>
                    <TextEquiv>
                        <Unicode>traiff</Unicode>
                    </TextEquiv>
                    <TextStyle fontFamily="Times New Roman" fontSize="11.0" italic="true"/>
                </Word>
                <Word id="w_w2aab1b1b2c31b1ac55" language="English" custom="readingOrder {index:4;}">
                    <Coords points="1848,5264 1983,5264 1983,5395 1848,5395"/>
                    <TextEquiv>
                        <Unicode>de</Unicode>
                    </TextEquiv>
                    <TextStyle fontFamily="Times New Roman" fontSize="11.0" italic="true"/>
                </Word>
                <Word id="w_w2aab1b1b2c31b1ac61" language="English" custom="readingOrder {index:5;}">
                    <Coords points="2032,5272 2273,5272 2273,5448 2032,5448"/>
                    <TextEquiv>
                        <Unicode>cefie</Unicode>
                    </TextEquiv>
                    <TextStyle fontFamily="Times New Roman" fontSize="11.0" italic="true"/>
                </Word>
                <Word id="w_w2aab1b1b2c31b1ac73" language="English" custom="readingOrder {index:6;}">
                    <Coords points="2300,5274 2761,5274 2761,5405 2300,5405"/>
                    <TextEquiv>
                        <Unicode>violence</Unicode>
                    </TextEquiv>
                    <TextStyle fontFamily="Times New Roman" fontSize="11.0" italic="true"/>
                </Word>
                <Word id="w_w2aab1b1b2c31b1ac91" language="English" custom="readingOrder {index:7;}">
                    <Coords points="2788,5289 2856,5289 2856,5400 2788,5400"/>
                    <TextEquiv>
                        <Unicode>?</Unicode>
                    </TextEquiv>
                    <TextStyle fontFamily="Times New Roman" fontSize="11.0" italic="true"/>
                </Word>
                <TextEquiv>
                    <Unicode>Appren nous quelque traict de ceſte violence?</Unicode>
                </TextEquiv>
                <TextStyle fontFamily="Times New Roman" fontSize="11.0" italic="true"/>
            </TextLine>
            <TextEquiv>
                <Unicode>Appren nous quelque traict de ceſte violence?</Unicode>
            </TextEquiv>
        </TextRegion>
        <TextRegion type="paragraph" id="r_1_17" custom="readingOrder {index:16;}">
            <Coords points="2462,5459 2740,5459 2740,5603 2462,5603"/>
            <TextLine id="tl_23" primaryLanguage="English" custom="readingOrder {index:0;}">
                <Coords points="2463,5460 2739,5460 2739,5602 2463,5602"/>
                <Baseline points="2463,5571 2557,5571 2739,5602"/>
                <Word id="w_w2aab1b1b2c33b1ab1" language="English" custom="readingOrder {index:0;}">
                    <Coords points="2463,5472 2557,5472 2557,5571 2463,5571"/>
                    <TextEquiv>
                        <Unicode>G</Unicode>
                    </TextEquiv>
                    <TextStyle fontFamily="Times New Roman" fontSize="11.0" bold="true"/>
                </Word>
                <Word id="w_w2aab1b1b2c33b1ab5" language="English" custom="readingOrder {index:1;}">
                    <Coords points="2658,5464 2739,5464 2739,5602 2658,5602"/>
                    <TextEquiv>
                        <Unicode>ij</Unicode>
                    </TextEquiv>
                    <TextStyle fontFamily="Times New Roman" fontSize="11.0" bold="true"/>
                </Word>
                <TextEquiv>
                    <Unicode>C ij</Unicode>
                </TextEquiv>
                <TextStyle fontFamily="Times New Roman" fontSize="11.0" bold="true"/>
            </TextLine>
            <TextEquiv>
                <Unicode>C ij</Unicode>
            </TextEquiv>
        </TextRegion>
    </Page>
</PcGts>
