3796 5906
486 272 623 394 jS
1133 234 1406 355 LA
1639 215 2248 356 MARI
2305 215 2418 341 A
2475 215 2851 373 NE;

471 445 665 578 Vn
712 426 1080 609 efcueil
1122 411 1610 599 agréable
1656 511 1691 557 ,
1754 461 1892 538 ou
1945 410 2150 540 ton
2206 415 2460 538 voit
2513 403 2999 584 efclater,

475 633 782 752 Tout
830 660 936 738 ce
986 654 1196 787 que
1257 603 1372 727 la
1419 604 1588 730 N
1579 633 1892 721 attire
1945 638 2016 716 a
2037 592 2288 765 fait
2327 632 2602 768 four
2643 633 2818 709 me
2861 618 3206 709 tenter
3208 683 3232 703 .

481 801 600 926 Il
640 798 885 969 nef
921 793 1230 967 point
1277 781 1410 905 de
1467 773 1754 904 rubis
1805 773 2320 900 vermeils
2371 812 2766 893 comme
2787 760 2936 933 fa
2975 757 3340 887 bouche
3364 861 3398 901 ,

485 973 736 1134 Qui
765 1021 938 1099 me
905 968 1074 1131 fie
1101 1010 1276 1089 vn
1295 958 1594 1137 effrit
1621 946 2092 1082 d'ambre
2139 1000 2216 1070 a
2247 987 2480 1075 tout
2523 994 2626 1070 ce
2657 937 3020 1119 quelle
3067 939 3416 1064 touche
3440 1038 3476 1083 ,

499 1166 676 1290 Et
725 1149 1108 1326 lefclat
1153 1144 1286 1267 de
1301 1126 1814 1319 fesyeux
1865 1168 2146 1259 veut
2197 1178 2406 1308 que
2461 1173 2688 1251 mes
2705 1119 3310 1294 fentimens

493 1339 722 1460 Les
777 1362 1244 1459 mettent
1269 1363 1554 1500 pour
1599 1318 1696 1444 le
1739 1362 2084 1445 moins
2135 1358 2282 1434 au
2315 1355 2594 1481 rang
2629 1306 2814 1429 des
2865 1295 3406 1426 chamans.

1426 1662 2604 1796 PHERORE,

521 2074 712 2194 La
758 2057 1154 2188 beauté
1175 2055 1680 2230 toutefois
1732 2048 1960 2172 doit
2013 2044 2262 2213 eflre
2310 2036 2982 2213 defdaignée.

528 2248 776 2405 Qui
824 2243 960 2368 de
1004 2232 1204 2364 bon
1261 2229 1700 2360 naturel
1735 2230 1986 2397 n'eft
2015 2257 2316 2398 point
2363 2213 3139 2394 accompagnée..

1453 2461 2490 2596 HERODE.

534 2798 891 2921 Toute
931 2789 1177 2960 cefie
1233 2787 1712 2951 rigueur,
1763 2777 2087 2895 vient
2132 2762 2267 2890 de
2296 2757 2451 2939 fa
2500 2752 3005 2933 chafeté,

530 2978 893 3104 Mais
910 2966 1123 3137 fon
1174 2962 1635 3085 humeur
1672 2949 2199 3074 hautaine
2242 2948 2391 3113 eft
2414 2940 2763 3116 pleine
2790 2937 2925 3060 de
2968 2928 3325 3072 bonté,

530 3147 975 3310 Quand
1018 3146 1117 3270 le
1140 3148 1269 3269 T
1276 3172 1455 3266 art
1456 3133 1527 3256 h
1530 3182 1585 3255 e
1614 3126 2193 3256 inhumain
2218 3155 2455 3300 prit
2476 3125 2993 3298 Hyrcane
3022 3143 3172 3279 çf
3182 3104 3315 3237 T
3320 3103 3391 3234 h
3396 3150 3519 3229 a-

690 3324 1023 3498 felle,

540 3507 663 3629 le
706 3503 967 3632 deus
1010 3544 1203 3628 ma
1252 3494 1857 3621 dehurance
1906 3484 1983 3609 à
1998 3487 2217 3662 fon
2272 3477 2649 3655 confeil
2688 3468 3033 3661 [délié
3060 3530 3095 3597 :

546 3698 839 3813 Sans
900 3680 1475 3852 cétinfigne
1514 3670 1825 3853 ejfeët
1860 3669 1995 3793 de
2010 3667 2167 3842 fa
2176 3661 2635 3838 fecrette
2666 3703 3099 3797 amour,

548 3867 671 3987 le
708 3861 1127 4040 perdois
1180 3856 1255 3977 d
1332 3855 1445 3977 la
1464 3858 1695 4028 fois
1992 3852 2089 3970 le
2136 3858 2559 4019 Sceptre
2807 3837 2905 3961 le
2952 3881 3191 3958 tour
3206 3907 3241 3971 y

563 4040 747 4164 Ce
734 4046 983 4209 [toit
1012 4039 1263 4216 fait
1287 4033 1421 4159 de
1460 4082 1651 4168 ma
1672 4038 1921 4171 vie,
1952 4053 2103 4188 çgf
2147 4022 2243 4144 le
2300 4022 2715 4191 traifire
2763 4020 3393 4185 Antigone,

567 4228 765 4347 En
784 4269 957 4344 me
949 4214 1415 4389 foulant
1436 4259 1663 4338 aux
1678 4209 2043 4389 pieds,
2076 4204 2641 4326 remontoit
2655 4196 2873 4365 fur
2913 4194 3009 4316 le
3035 4187 3500 4366 Throfne
3508 4278 3528 4304 «

753 4403 1045 4566 Cefie
1090 4390 1655 4568 obligation
1710 4439 1887 4513 me
1940 4377 2302 4509 touche
2348 4379 3087 4517 tendrement,

573 4586 749 4709 Et
794 4627 968 4701 me
985 4580 1238 4747 fait
1282 4570 1708 4743 excufer
1713 4566 1904 4741 fes
1955 4560 2486 4733 defdainsi
2512 4554 3044 4682 aisément
3068 4628 3104 4689 y

569 4762 694 4881 le
722 4805 945 4934 voy
971 4750 1491 4930 beaucoup
1543 4746 1646 4873 d
1652 4743 2058 4923 orgueil
2078 4792 2212 4865 en
2221 4740 2414 4912 fes
2443 4735 2949 4909 beautef
2955 4733 3362 4855 diurnes
3387 4775 3426 4839 :

575 4947 938 5065 Mais
982 4981 1118 5055 on
1155 4937 1400 5055 voit
1450 4964 1996 5052 rarement
2019 4921 2204 5044 des
2235 4919 2502 5093 rofes
2521 4917 2810 5088 fans
2837 4910 3236 5089 effines.

587 5122 764 5243 Et
795 5154 1042 5287 pues
1097 5111 1186 5234 il
1233 5113 1384 5280 eft
1421 5104 1656 5230 bien
1713 5111 1972 5278 iufte
2021 5097 2094 5222 à
2155 5100 2382 5224 dire
2441 5095 2814 5222 venté
2825 5147 2866 5213 :

579 5289 994 5472 Qtfeli.e
1021 5285 1374 5464 garde
1401 5320 1698 5412 entre
1725 5332 2008 5413 vous
2031 5331 2208 5408 vn
2237 5321 2458 5460 peu
2505 5278 2640 5401 de
2683 5260 3120 5442 majefié
3122 5358 3144 5384 .
