3796 5906
451 218 581 301 20

1189 152 1472 275 LA
1639 146 1798 273 M
1865 142 2848 311 ARIANE,

1434 490 1509 609 S
1568 491 1683 616 A
1740 484 2011 611 LO
2078 487 2419 621 ME.

517 889 736 1025 Elle
775 882 1088 1068 parle
1143 879 1280 1005 de
1331 925 1614 1008 rvous
1657 924 1920 1007 auec
1956 926 2188 1006 vne
2257 874 2802 1053 infolence,

471 1070 734 1227 Que
771 1069 1038 1242 fans
1093 1059 1614 1242 beaucoup
1677 1057 2224 1187 d'horreur
2263 1109 2400 1185 on
2453 1107 2586 1182 ne
2633 1095 2900 1235 peut
2963 1060 3390 1209 reueler,

484 1262 663 1385 Et
717 1297 925 1427 que
968 1242 1261 1421 fans
1305 1245 1623 1365 crime
1681 1245 1943 1416 aufi
1994 1238 2201 1365 l'on
2255 1289 2387 1366 ne
2402 1238 2903 1413 fpauroit
2955 1237 3243 1360 celer.

484 1442 783 1571 Vous
834 1470 1257 1552 nomme
1278 1418 1353 1542 à
1382 1459 1619 1548 tous
1648 1461 2025 1599 propos
2084 1416 2773 1546 lautheurde
2788 1414 2977 1589 fes
3026 1415 3471 1588 miferefi

489 1618 662 1736 Le
717 1603 1202 1787 tjrande
1253 1602 1670 1775 l'Efat
1695 1600 1856 1745 Je
1886 1611 2458 1730 meurtrier
2501 1597 2634 1722 de
2649 1596 2840 1771 fes
2879 1636 3210 1775 peres.

503 1798 680 1921 Et
731 1790 864 1914 de
925 1783 1208 1913 mille
1255 1782 1668 1959 raifons
1719 1789 2090 1907 anime
2119 1780 2338 1957 fon
2389 1823 2932 1925 courroux,

492 1978 833 2102 Pour
836 1971 1145 2148 faire
1176 1966 1721 2145 foufleuer
1766 1962 1915 2088 les
1973 1965 2411 2143 peuples
2461 1996 2807 2085 contre
2867 2008 2907 2047 c
2897 2003 3175 2082 uous,

1525 2321 1660 2446 H
1707 2320 1808 2445 E
1859 2316 1978 2443 R
2039 2319 2166 2442 O
2231 2317 2360 2446 D
2425 2320 2564 2448 E.

506 2686 697 2808 La
752 2676 1081 2806 Iudée
1139 2671 1836 2850 auiourd'huy
1842 2665 2329 2845 foümife
2401 2716 2477 2787 a
2535 2710 2725 2792 ma
2778 2667 3337 2840 putjfance,

514 2869 731 2993 Ne
788 2898 1169 2988 trome
1182 2858 1399 3033 fon
1452 2852 1985 2981 bon-heur
2032 2850 2351 3030 qu'en
2364 2846 2583 3021 fon
2664 2838 3243 3017 obeiffance.

529 3058 722 3172 On
770 3089 904 3166 ne
966 3075 1234 3217 peut
1275 3028 1928 3208 ïefmomoir
1976 3028 2261 3197 amf
2273 3023 2952 3200 facilement,

533 3231 704 3358 Et
763 3230 860 3347 ie
909 3269 1044 3343 ne
1089 3265 1320 3397 croj
1355 3253 1560 3390 pas
1617 3247 1856 3337 tout
1907 3213 2172 3384 aufi
2241 3210 2916 3381 legerement.

536 3404 659 3530 le
705 3448 1090 3573 connoj
1140 3400 1775 3552 Aianane,
1841 3395 2298 3566 Çfjfay
2355 3377 2723 3561 quelle
2781 3380 2926 3549 efi
2988 3411 3212 3551 trop
3248 3371 3527 3547 fage

532 3591 869 3718 Pour
912 3579 1243 3748 s'efre
1288 3567 1993 3698 abandonnée
2044 3569 2119 3688 d
2176 3604 2469 3693 tenir
2522 3607 2631 3687 ce
2706 3558 3193 3733 langage.

553 3769 678 3892 Si
731 3760 878 3884 les
925 3756 1374 3885 Grands
1422 3805 1476 3885 s
1508 3756 2122 3925 arrefloient
2165 3742 2242 3867 d
2297 3778 2534 3872 tout
2568 3789 2674 3867 ce
2704 3737 3020 3916 qu'on
3073 3737 3304 3861 leur
3339 3720 3538 3868 dit,

561 3939 1248 4116 L'impofure
1315 3931 1698 4109 auprès
1747 3932 2064 4055 d'eux
2115 3960 2470 4053 auroit
2513 3955 2740 4097 trop
2797 3919 2932 4041 de
2999 3910 3364 4045 crédit)

570 4133 763 4246 On
795 4125 1207 4240 verroit
1254 4114 1541 4238 dans
1588 4113 1737 4238 les
1768 4115 2103 4235 Cours
2125 4153 2357 4233 *vne
2385 4142 2779 4277 guerre
2821 4088 3345 4231 eternelle,

568 4301 685 4422 Il
690 4295 1205 4467 faudroit
1240 4290 1651 4469 chaque
1726 4338 1963 4416 tour
1968 4291 2279 4462 faire
2326 4279 2745 4456 maifon
2802 4266 3305 4404 nouueüe.

1551 4627 1644 4750 P
1697 4626 1830 4751 H
1877 4624 1980 4753 E
2037 4627 2156 4750 R
2209 4621 2336 4746 O
2399 4618 2518 4743 R
2564 4613 2706 4747 E.

600 5015 799 5136 En
868 5049 1039 5129 cas
1096 5003 1229 5133 de
1276 5050 1437 5132 ces
1488 5023 1767 5150 auis,
1810 5045 2087 5186 pour
2098 4998 2237 5177 fe
2296 5035 2899 5172 gouuerner
2962 4978 3233 5120 bien,

593 5189 712 5311 Il
752 5236 884 5314 ne
895 5186 1184 5361 faut
1216 5226 1416 5365 pas
1460 5224 1696 5317 tout
1738 5195 2088 5332 croire,
2126 5210 2275 5347 çf
2326 5224 2460 5303 ne
2510 5170 2966 5351 négliger
3027 5165 3254 5285 rien
3264 5245 3286 5272 .
