3796 5822
978 264 2256 454 TRAGEDIE.
2954 348 3049 455 s

1105 559 1245 684 H
1291 559 1389 680 E
1445 559 1563 683 R
1615 564 1745 684 O
1799 563 1929 689 D
1979 564 2113 698 E.

101 806 500 974 (Quand
521 838 644 929 tu
669 852 926 935 nous
946 811 1158 985 fus
1189 868 1460 997 rauj
1476 857 1688 996 par
1709 873 1880 953 vn
1927 827 2262 996 deflin
2287 845 2831 987 contraire,

71 1001 383 1158 Mon
389 1032 933 1159 genereux
981 997 1338 1168 aifné,
1395 994 1721 1125 braue
1751 1036 1903 1169 çf
1923 999 2161 1173 fide
2159 1008 2291 1133 lie
2306 1015 2658 1187 fiere,

71 1169 500 1342 Pappris
549 1199 734 1288 ton
781 1174 1254 1300 accident
1288 1213 1508 1348 par
1559 1227 1734 1304 vn
1781 1181 2172 1363 mefme
2211 1228 2694 1365 rapportr

68 1345 182 1466 le
203 1344 412 1515 fus
441 1381 662 1516 par
698 1343 1090 1517 mefme
1139 1400 1414 1522 voye
1466 1356 1921 1537 aduertj
1969 1364 2103 1485 de
2157 1400 2283 1489 ta
2335 1408 2622 1496 mort
2639 1425 2679 1491 :

63 1520 324 1642 J’eus
377 1567 604 1642 aux
649 1514 952 1647 bords
1003 1530 1154 1654 du
1205 1535 1722 1660 Iourdam
1769 1542 1956 1664 des
2011 1542 2412 1716 vifions
2463 1550 2882 1674 cruelles

64 1691 296 1848 Qui
319 1735 950 1872 premnrent
992 1706 1085 1829 le
1130 1706 1418 1833 bruit
1434 1711 1570 1834 de
1614 1760 1776 1840 ces
1822 1723 2160 1891 trifles
2202 1724 2718 1849 nouuelles
2726 1824 2744 1846 .

950 2057 1041 2177 P
1088 2059 1221 2182 H
1274 2059 1375 2182 E
1432 2065 1549 2185 R
1608 2068 1737 2188 O
1802 2067 1921 2189 R
1978 2070 2112 2204 E.

70 2417 361 2543 ~PoUr
382 2468 615 2596 moj
644 2467 859 2609 uay
886 2423 1167 2550 mille
1182 2430 1413 2601 fois
1460 2437 1647 2559 des
1664 2435 2055 2618 fonges
2094 2440 2570 2619 obferué,

50 2602 327 2716 Sans
378 2645 585 2771 cjue
638 2602 771 2721 de
826 2601 1059 2725 leur
1072 2606 1505 2783 prefâge
1562 2616 1649 2738 il
1658 2617 1883 2786 foit
1940 2668 2171 2745 rien
2222 2624 2633 2765 arriuéj

61 2771 224 2896 Et
230 2770 538 2941 félon
596 2824 948 2955 qu'un
981 2780 1357 2909 Rabin
1404 2836 1577 2914 me
1598 2786 1754 2959 fit
1792 2845 1967 2921 vn
2016 2809 2247 2927 iour
2288 2806 2795 2932 entendre
2820 2881 2853 2940 ;

56 2947 229 3070 Ce
193 2949 322 3117 fi
358 2950 501 3075 les
536 2957 993 3132 prendre
1009 2960 1255 3132 fort
1270 2959 1759 3142 bien,que
1804 2973 1935 3097 de
1958 2982 2058 3099 ri
2058 3025 2193 3104 en
2226 3030 2451 3109 rien
2474 2985 2998 3111 attendre.

947 3309 1082 3433 H
1135 3316 1234 3438 E
1285 3321 1406 3438 R
1463 3321 1592 3440 O
1657 3323 1784 3445 D
1840 3325 1975 3452 E.

49 3652 486 3804 Quelles
505 3667 854 3838 fortes
902 3679 1297 3854 raifom
1344 3698 1862 3865 apportoit
1905 3739 2013 3819 ce
2063 3705 2604 3844 DoBeur,

39 3826 276 3986 Qui
289 3837 496 4010 fou
479 3847 806 4013 [tient
847 3903 1054 4027 que
1075 3859 1170 3982 le
1201 3862 1516 4035 fonge
1557 3872 1703 4037 efi
1737 3904 1916 3991 tou
1892 3869 2228 4050 fours
2247 3927 2420 4002 vn
2445 3892 2995 4007 menteur?

929 4135 1198 4258 PH
1255 4139 1518 4263 ER
1575 4138 1704 4262 O
1760 4144 2063 4279 RE.

36 4366 470 4546 Ildifoit
512 4432 719 4556 que
758 4386 1281 4517 l’humeur
1317 4444 1507 4570 qui
1562 4396 1841 4526 dans
1894 4457 2077 4532 nos
2122 4453 2399 4594 corps
2428 4413 2888 4565 domine,

36 4552 169 4663 A
214 4596 463 4677 voir
506 4570 953 4688 certains
998 4565 1398 4714 obieBs,
1430 4623 1557 4698 en
1588 4574 2091 4712 dormant
2120 4638 2376 4717 nous
2406 4594 2792 4720 encline
2816 4651 2848 4717 :

35 4716 194 4839 J~>e
200 4726 595 4901 flegme
637 4736 1067 4867 humide
1122 4753 1609 4922 tffioid,
1652 4807 1705 4876 s
1734 4760 2201 4933 efleuant
2218 4814 2365 4890 au
2390 4815 2863 4917 cerneau,

38 4894 136 5010 T
172 4945 487 5030 vient
540 4924 1171 5089 reprefenter
1216 4928 1399 5051 des
1438 4925 1977 5062 bromllars
2041 4973 2191 5102 &
2242 4947 2375 5069 de
2424 4947 2695 5073 l'eau
2726 5004 2763 5067 :

35 5064 210 5186 La
255 5070 446 5199 bile
469 5090 904 5217 ardente
930 5130 1084 5259 çtf
1108 5114 1726 5260 jaune,aux
1754 5116 2267 5288 qualités
2268 5119 2719 5293 fubtiles
2746 5216 2779 5263 ,

47 5241 194 5358 N
172 5293 276 5415 j
301 5273 718 5428 dépeint
735 5276 1445 5443 que-combats,
1455 5333 1605 5461 qu
1634 5287 2445 5428 embrazjmens
2470 5302 2601 5422 de
2620 5297 2973 5422 villes:

2223 5479 2316 5580 A
2417 5485 2520 5621 iij
