3796 5876
605 322 668 411 e
1211 270 1466 391 LA
1700 256 2310 394 MARI
2370 256 2910 410 ANE,

605 472 772 591 Le
786 464 1094 639 fang
1137 508 1326 636 qui
1381 490 1662 581 tient
1678 453 1812 576 de
1830 450 2264 611 tair,(£
2293 444 2716 625 refiond
2739 447 3562 623 aulPrwtemps,

591 644 948 777 ,Rend
992 643 1139 765 les
1167 687 1519 763 moins
1530 636 1923 810 fortun
1933 640 2167 809 elfe
2173 680 2245 755 n
2276 630 2549 756 leurs
2564 624 2957 801 finges
2985 661 3267 749 conte
3275 673 3395 749 ns
3419 680 3453 743 :

588 844 753 955 Sa
774 826 1089 948 douce
1111 816 1737 987 exhalaifon
1781 864 1915 939 ne
1934 814 2307 984 forme
2339 857 2545 989 que
2578 806 2761 929 des
2790 803 3051 974 rofes
3085 898 3115 942 ,

592 1018 847 1133 Des
904 999 1277 1128 obietts
1320 998 1983 1176 efgajefçgf
2032 985 2139 1115 d!
2142 981 2687 1163 agréables
2716 980 3055 1156 chofes
3084 1030 3121 1096 :

592 1196 767 1315 Et
808 1186 921 1309 la
974 1178 1657 1305 melancholie
1712 1223 1785 1296 a
1848 1174 1961 1298 la
2012 1218 2297 1297 noire
2346 1207 2837 1346 vapeur,

588 1378 779 1493 Ou
794 1366 931 1535 fe
980 1361 1333 1534 logent
1378 1360 1877 1532 toujours
1931 1353 2043 1477 la
2098 1353 2521 1527 tnfieffe
2582 1376 2733 1509 çgf
2775 1341 2893 1465 la
2932 1379 3267 1515 peur,

575 1550 795 1671 Ne
830 1574 1333 1721 pouuant
1351 1532 1759 1713 figurer
1814 1583 2023 1713 que
2077 1529 2265 1653 des
2314 1575 2723 1704 images
2737 1514 3206 1697 [ombres
3234 1610 3273 1658 ,

575 1732 920 1854 Nous
945 1724 1202 1896 fait
1248 1727 1502 1846 voir
1543 1719 1732 1843 des
1804 1708 2447 1857 tombeaux,
2505 1711 2694 1834 des
2743 1698 3170 1877 ffiettres
3221 1721 3375 1856 (gp
3393 1686 3568 1814 des

880 1896 1330 2025 ombres.

581 2086 858 2250 Oefi
899 2083 1182 2248 ainfi
1231 2123 1442 2257 que
1491 2073 1886 2200 chacun
1933 2071 2464 2243 apperpoit
2505 2110 2640 2188 en
2693 2059 3212 2183 dormant

579 2264 792 2386 Les
821 2261 1216 2386 indices
1235 2255 1636 2431 fecrets
1687 2253 1820 2376 de
1843 2249 2058 2423 fin
2107 2274 2942 2426 tempérament.

1658 2601 1793 2724 H
1840 2598 1941 2719 E
1994 2594 2119 2717 R
2172 2598 2299 2717 O
2360 2598 2487 2725 D
2548 2594 2683 2722 E.

582 2974 920 3143 Ainfi
934 2971 1137 3098 ton
1156 2968 1701 3145 fingeroit
1746 2965 2247 3134 toufiours
2298 2957 2447 3084 les
2492 2963 2939 3135 mefmes
2986 2940 3433 3122 chofist

1501 3305 2633 3438 PHEROPE,

583 3686 802 3812 Les
823 3682 1206 3859 finges
1256 3677 1912 3863 quelquefois
1955 3678 2496 3799 viennent
2541 3703 2756 3844 par
2801 3654 3272 3784 d'autres
3317 3691 3558 3778 cath

854 3864 1111 4038 fes;

585 4052 786 4171 De
811 4093 984 4166 me
951 4044 1206 4216 fine
1263 4084 1474 4216 que
1525 4037 1670 4161 les
1717 4079 1946 4160 vns
1997 4036 2608 4210 expriment
2667 4069 2854 4144 nos
2900 4015 3400 4149 humeurs
3421 4098 3464 4149 y

574 4224 796 4344 Les
843 4261 1206 4347 autres
1258 4220 1496 4343 bien
1516 4215 1990 4388 fouuent
2039 4203 2744 4384 reprefintent
2785 4248 2971 4323 nos
3021 4237 3401 4319 mœurs
3407 4285 3427 4307 .

588 4402 973 4524 Lame
1016 4402 1291 4526 dvn
1338 4393 1757 4520 homme
1809 4389 2162 4536 noble,
2195 4429 2549 4510 encore
2601 4378 2871 4559 quil
2911 4369 3313 4551 repofe,

578 4574 1115 4751 Mefinfe
1172 4579 1287 4701 la
1348 4581 1889 4715 Fortune,
1950 4617 2080 4734 çg
2074 4602 2103 4640 3
2150 4569 2217 4694 b
2220 4571 2765 4693 Honneur
2776 4556 2906 4729 fi
2934 4545 3409 4732 propofe:

590 4760 767 4879 Et
808 4754 1039 4877 celle
1088 4757 1237 4880 du
1284 4754 1755 4898 volleur,
1796 4781 2403 4927 preuenant
2412 4744 2629 4917 fin
2688 4741 3075 4911 deftm,

584 4940 1193 5058 Rencontre
1242 4936 1429 5055 des
1470 4934 2043 5103 Lreuofis,
2076 4973 2207 5052 ou
2204 4926 2459 5095 fait
2484 4918 2937 5098 quelque
2961 4909 3291 5035 butin.

588 5120 795 5237 De
844 5110 1235 5281 mefme
1281 5108 1773 5281 tvfurier
1816 5158 1947 5236 en
1983 5100 2735 5283 fimmeillant
2770 5094 3195 5272 repajfe,

595 5296 769 5422 Et
831 5290 980 5419 les
984 5333 1309 5471 jeux
1366 5316 1517 5455 (f
1551 5289 1701 5417 les
1758 5287 2346 5462 mainsfur
2381 5283 2448 5407 t
2456 5317 2834 5457 argent
2854 5262 3114 5452 quil
3133 5248 3548 5425 amajfe:
