3854 5360
1155 275 2089 381 TRAGEDIE.
2965 301 2999 393 3
3007 301 3055 387 S

1343 423 1965 521 MEDUSE.

551 561 1121 719 Expliquez»
1167 601 1495 671 mieux
1553 603 1779 669 mon
1837 551 2291 709 defefpoir
2315 549 2733 709 jaloux:

267 717 977 865 Tourfacrifier
1019 747 1235 825 tout
1283 717 1347 825 à
1415 757 1583 825 ma
1609 713 1985 867 gloire,
2041 717 2107 817 à
2167 705 2783 817 vous-même
2809 795 2839 839 ,

521 863 643 1029 Je
683 911 955 979 veux
993 911 1177 1025 que
1225 901 1443 979 tout
1489 867 1571 975 le
1621 863 1971 975 monde
2021 875 2411 973 m'aime
2441 945 2473 987 ,

861 1035 1001 1133 Et
1029 1043 1137 1173 je
1193 1065 1309 1131 ne
1365 1061 1643 1131 veux
1687 1027 2007 1129 aimer
2055 1057 2241 1173 que
2275 1057 2571 1127 vous.

273 1177 615 1293 Grand
639 1181 905 1293 Dieu
915 1219 1065 1285 me
1091 1179 1427 1305 laiffez»
1453 1177 1665 1305 plus
1699 1217 1861 1279 ma
1889 1215 2179 1281 varie
2183 1215 2465 1283 eance
2487 1177 3051 1289 incertaine.

1257 1333 2007 1429 NEPTUNE.

267 1479 515 1593 Vous
553 1475 843 1617 ferez»
877 1471 1363 1621 fatisfaite
1417 1503 1749 1579 avant
1803 1471 1903 1577 la
1919 1471 2083 1611 fin
2137 1467 2271 1577 du
2317 1481 2549 1615 jour
2591 1553 2615 1593 ,

267 1639 399 1745 Et
445 1629 525 1737 le
541 1625 767 1789 foin
823 1669 1005 1781 que
1019 1637 1421 1777 fauray
1475 1623 1587 1731 de
1605 1627 1949 1775 fervir
1985 1655 2269 1735 votre
2321 1623 2617 1733 haine
2635 1707 2673 1749 ,

555 1791 825 1897 V'ous
875 1783 1085 1931 fera
1125 1783 1355 1889 voir
1381 1777 1853 1933 jufquoù
1899 1821 2045 1889 va
2095 1823 2323 1891 mon
2385 1821 2771 1891 amour.

1593 2405 2685 2551 SIXIEME.

371 2657 1091 2763 MEDUSE
1159 2733 1189 2777 ,
1259 2653 2023 2765 ORPHISE
2079 2663 2117 2785 ,
2179 2661 2929 2767 MELANTE.

1335 2895 1965 2995 MEDUSE.

279 3117 547 3391 D
591 3127 813 3231 ieux
843 3127 869 3251 ,
921 3119 1359 3235 Mortels
1387 3161 1419 3243 ,
1451 3119 1923 3239 admirez»
1951 3121 2033 3229 le
2063 3119 2177 3229 de
2173 3125 2365 3271 fin
2399 3121 2515 3235 de
2541 3123 2991 3277 Mednfe
3019 3207 3057 3247 ,

869 3287 1019 3387 Et
1061 3275 1543 3431 plaignez»
1563 3279 1743 3421 fon
1801 3273 2251 3385 malheur
2283 3327 2323 3399 ;

863 3437 1047 3539 Vn
1127 3439 1395 3539 Dieu
1435 3469 1625 3535 ma
1679 3429 1991 3541 donné
1991 3433 2007 3577 '
2037 3437 2211 3577 fon
2267 3471 2587 3559 cœur,

871 3593 1057 3689 Vn
1115 3585 1507 3691 Mortel
1553 3625 1701 3689 me
1761 3583 1843 3691 le
1881 3591 2215 3733 refufe.

287 3733 673 3857 Dieux,
743 3731 1183 3853 Mortels
1215 3813 1247 3853 3
1285 3733 1753 3847 admirez^
1797 3733 1877 3841 le
1937 3737 2235 3881 deflin
2297 3737 2411 3845 de
2473 3737 2919 3893 Medufi
2967 3821 3003 3867 ,

875 3891 1027 3995 Et
1051 3883 1531 4041 plaignez*
1555 3885 1745 4029 fin
1801 3887 2269 3997 malheur.

861 4125 1659 4243 MELANTE,
1739 4133 2443 4229 ORPHISE.

879 4347 1125 4479 Ceji
1171 4343 1441 4457 nôtre
1493 4349 1793 4497 deftin
1853 4351 2389 4509 de'plorable

295 4493 451 4601 De
479 4499 875 4609 n'aimer
887 4533 1061 4657 pas
1093 4517 1523 4653 toujours
1563 4503 1873 4653 l'objet
1909 4507 1991 4617 le
2019 4509 2235 4667 plus
2285 4511 2701 4627 aimable
2731 4567 2773 4639 s

2563 4675 2731 4801 Eij
