3854 5360
2940 241 3031 335 33

1150 211 2081 323 TRAGEDIE.

223 374 687 530 Neptune
733 363 903 517 qui
951 359 1035 469 le
1085 359 1301 474 hait
1347 386 1481 484 &
1539 401 1709 518 qui
1783 347 2177 469 connoît
2231 390 2401 458 ma
2443 346 2721 504 peine
2745 431 2783 475 ,

511 521 1139 674 Laijfera-t’il
1169 524 1283 667 fa
1323 520 1521 666 fuit
1525 548 1617 624 te
1675 513 1745 626 à
1783 521 1951 659 (on
1997 512 2419 665 pouvoir
2441 534 2475 614 ?

817 673 1162 817 Quelle
1215 670 1498 784 honte
1531 710 1558 824 ,
1613 677 1838 824 quel
1895 666 2354 817 defifioir
2377 744 2416 788 ,

224 846 376 951 De
420 834 640 944 voir
684 875 822 944 un
876 871 1132 941 cœur
1164 824 1482 940 rebelle
1522 823 1926 987 échaper
1958 867 2026 931 a
2072 860 2242 933 ma
2292 814 2582 930 haine
2610 829 2652 930 !

422 1412 1154 1556 SCENE
1338 1407 1554 1551 CI
1594 1406 1746 1551 N
1798 1401 2758 1570 QJJIE’ME.

550 1655 1595 1783 NEPTUNE,
1682 1649 2591 1763 MEDUSE.

1179 1894 1967 1998 NEPTUNE.

486 2040 783 2274 J\/j[
810 2129 965 2231 On
1000 2156 1351 2229 amour
1404 2160 1471 2226 a
1504 2114 1729 2264 fait
1732 2117 1929 2263 fin
1988 2105 2399 2220 devoir:

209 2264 515 2426 Perfie
567 2302 687 2396 &
751 2281 849 2381 la
899 2271 1239 2383 beaute
1285 2302 1533 2428 pour
1579 2277 1755 2426 qui
1797 2273 1967 2419 fôn
2019 2304 2285 2375 cœur
2291 2266 2417 2416 fi
2425 2260 2553 2422 dp
2559 2270 2695 2397 ire
2717 2349 2757 2397 t

475 2430 917 2542 Alloient
943 2433 1229 2565 fortir
1281 2424 1399 2534 de
1453 2432 1773 2568 voftre
1829 2425 2239 2585 Empire
2279 2466 2317 2528 :

777 2593 1092 2697 Alais
1121 2576 1560 2733 fiacheZj
1601 2577 1870 2738 quels
1907 2589 2128 2725 font
2173 2574 2302 2684 les
2351 2610 2654 2736 appas

206 2732 364 2875 Qu
388 2738 466 2848 il
506 2740 854 2849 aimoit
914 2761 1048 2859 &
1118 2738 1496 2850 cachoit
1502 2738 1738 2884 fous
1784 2731 1866 2841 le
1904 2773 2132 2839 nom
2184 2728 2302 2838 de
2354 2744 2434 2846 P
2442 2734 2686 2844 allas
2710 2777 2752 2843 :

198 2888 496 3040 Perfie
534 2900 794 3004 aime
842 2895 1254 3049 Ifmenie
1286 2912 1314 3020 ,
1364 2912 1498 3014 &
1526 2890 1866 3048 fujoit
1904 2929 2158 2999 avec
2200 2886 2394 3000 elle.

1202 3134 1903 3231 MEDUSE.

201 3352 515 3504 Perfie
559 3364 817 3468 aime
867 3357 1325 3505 Ifmenie,
1355 3356 1487 3466 ah
1529 3372 1565 3468 !
1595 3359 2005 3510 fortune
2069 3360 2401 3470 cruelle
2435 3384 2463 3472 !

473 3514 766 3668 Quoy
819 3553 1043 3621 mon
1083 3516 1461 3667 orgueil
1519 3521 1831 3626 sétoit
1859 3511 2185 3657 flatte'

210 3662 418 3805 Que
430 3666 806 3814 favois
856 3699 1098 3823 pour
1144 3666 1516 3779 Rivale
1562 3708 1748 3775 une
1808 3668 2362 3796 Divinité,

776 3831 930 3931 Et
972 3823 1180 3967 cefl
1212 3862 1396 3926 une
1422 3814 1720 3966 foible
1756 3819 2180 3929 mortelle

770 3979 994 4119 Qui
1036 3974 1508 4126 triomphe
1554 3974 1672 4080 de
1722 4013 1888 4083 ma
1922 3967 2334 4094 beautés

765 4129 1051 4281 Quel
1089 4128 1921 4285 affront,fortune
1969 4130 2309 4242 cruelle
2339 4154 2367 4238 l

1169 4338 1919 4435 NEPTUNE.

197 4464 447 4581 Vous
499 4474 835 4599 aimez,
873 4475 1121 4589 donc
1169 4468 1571 4630 Perfee,
1627 4501 1757 4606 &
1791 4509 1941 4593 cet
1985 4474 2347 4596 ardent
2375 4520 2965 4601 courroux,,.

2562 4646 2636 4734 E
