3854 5610
767 292 855 370 i8
1869 253 2673 384 MEDUSE,

1093 417 1355 569 Cep
1419 412 1679 526 dans
1733 448 1835 518 ce
1883 408 2085 520 lieu
2127 447 2319 563 que
2379 407 2483 517 la
2531 420 2769 566 (âge
2841 408 2921 514 P
2927 397 3187 515 allas

1091 575 1405 697 VeiHe
1467 612 1737 692 avec
1757 552 1999 726 foin
2027 561 2225 721 fur
2275 563 2375 675 la
2431 564 2803 679 beauté
2843 604 3033 724 que
3071 565 3163 717 f
3169 567 3477 681 aime*

1952 775 2044 873 A
2090 781 2174 879 R
2216 779 2302 871 C
2342 775 2420 879 A
2460 778 2546 872 S.

756 992 896 1096 Se
938 971 1322 1141 peut-il
1366 1012 1504 1131 qu
1536 963 1996 1128 aveuglé
2026 965 2148 1077 de
2210 997 2362 1079 cet
2418 1004 2788 1077 amour
2836 957 3286 1074 extrême

758 1148 1045 1262 Vous
1090 1137 1535 1297 refuflez,
1588 1127 2048 1275 Meaufe
2088 1169 2352 1239 avec
2388 1159 2614 1239 tous
2652 1124 2804 1268 fis
2840 1159 3154 1286 appas
3186 1209 3217 1257 ,

1389 1300 1753 1415 d/Lvec
1801 1288 1869 1402 P
1871 1283 2103 1452 offre
2173 1283 2423 1397 d'un
2497 1282 3009 1400 Diadème
3039 1293 3089 1395 ?

1867 1510 2567 1615 PERSEE.

745 1724 902 1834 Le
963 1721 1320 1837 Trône
1361 1716 1626 1833 dans
1695 1722 2042 1876 Argos
2089 1759 2206 1827 ne
2259 1757 2422 1825 me
2463 1748 3032 1870 manquera
3083 1743 3270 1875 pas
3276 1787 3302 1813 .

1390 1878 1594 1995 Me
1666 1918 1828 1986 me
1890 1873 2172 2034 parle
2212 1913 2412 2035 que
2484 1868 2580 1982 d*
2602 1873 3018 2026 Ifmenie
3046 1921 3090 1997 ;

1354 2024 1602 2199 fay
1644 2032 1910 2200 paffé
1954 2031 2232 2145 deux
2252 2051 2554 2189 jours
2590 2032 2844 2192 fans
2890 2034 2994 2148 la
3050 2041 3290 2151 voir
3288 2115 3318 2143 .

1896 2245 1989 2348 A
2034 2253 2121 2351 R
2162 2253 2249 2351 C
2292 2247 2373 2347 A
2416 2246 2511 2345 S.

1389 2440 1673 2559 Vous
1731 2475 2031 2557 avezj
2087 2435 2289 2547 mis
2333 2473 2475 2545 au
2529 2430 3007 2600 defefpoir

1377 2608 1533 2711 Sa
1595 2595 1977 2710 Rivale
2049 2617 2191 2721 &
2213 2595 2411 2745 fin
2455 2600 2905 2708 ennemie

1385 2757 2086 2914 Craignez.fa
2143 2749 2446 2867 haine
2517 2754 2628 2882 ft)
2645 2758 2852 2912 fin
2893 2761 3362 2922 pouvoir.

1848 2960 1920 3054 P
1964 2957 2164 3061 ER
2206 2961 2260 3057 S
2314 2961 2544 3057 E’E.

1372 3150 1570 3265 Me
1626 3192 1784 3262 me
1840 3151 2128 3310 parle
2178 3195 2376 3313 que
2430 3154 2800 3314 d'lfine
2806 3162 2970 3272 nie
3004 3241 3042 3289 ,

1338 3300 1595 3467 fay
1633 3312 1905 3474 paffé
1948 3309 2223 3425 deux
2243 3355 2541 3467 jours
2556 3320 2829 3474 fans
2896 3314 3003 3434 la
3057 3325 3329 3445 voir,
