3854 5360
2935 261 3070 357 29
388 1357 1901 1659 ACTE
2212 1344 2906 1642 III

297 1762 455 1886 La
537 1759 927 1881 Scene
993 1746 1167 1871 eft
1237 1748 1429 1868 fur
1505 1743 1617 1871 le
1697 1739 2023 1872 bord
2085 1735 2237 1865 de
2315 1736 2427 1864 la
2515 1739 2815 1867 Mer
2911 1719 3081 1852 où

996 1916 1408 2101 paroîc
1476 1969 1646 2055 un
1730 1917 2336 2060 Vaifleau.

720 2452 1680 2579 ISMENIE,
1766 2449 2620 2560 NERINE.

1307 2693 1583 2787 ISM
1639 2691 2053 2786 ENIE.

941 2921 1106 3019 Ve
1141 2912 1496 3063 fais-je
1530 2939 1562 3017 ?
1616 2904 1742 3019 où
1780 2949 1934 3020 me
1980 2951 2000 2983 ♦
2008 2911 2346 3050 vois-je
2392 2895 2774 3009 re'duite
2817 2904 2872 3004 ?

934 3055 1009 3230 %f
1000 3105 1046 3171 e
1122 3068 1602 3220 craignois
1662 3062 1744 3172 le
1790 3063 2214 3222 pouvoir
2274 3054 2386 3166 de
2472 3050 2910 3206 Medufe
2992 3101 3110 3169 en

1089 3258 1561 3327 courroux
1589 3269 1629 3339 ;

959 3379 1268 3489 Mais
1323 3390 1432 3524 je
1499 3376 1824 3481 crains
1899 3365 2120 3526 plus
2211 3362 2310 3472 la
2389 3359 2672 3479 honte
2743 3364 2864 3474 de
2943 3409 3116 3478 ma

1100 3532 1396 3677 fuite.

1380 3681 2031 3782 NERINE.

325 3836 1131 3999 RougiJfeZj-vous
1187 3836 1299 3944 de
1329 3842 1633 3992 fuir?
1697 3831 2029 3988 Perfe'e
2081 3838 2208 3985 efi
2247 3875 2507 3944 avec
2549 3870 2801 3945 vous
2827 3886 2870 3960 s

624 3996 712 4109 Il
746 4033 1000 4102 vous
1050 3990 1454 4108 conduit
1508 4037 1650 4103 au
1702 4002 2046 4104 Trône
2090 3991 2208 4099 de
2228 3994 2366 4142 fa
2434 3997 2750 4106 Mere
2790 4036 2824 4096 :

330 4167 457 4268 Ce
498 4158 933 4302 Vaijfeau
976 4187 1233 4256 vous
1258 4149 1615 4258 attend
1645 4188 1673 4281 ,
1720 4152 1929 4258 rien
1984 4189 2103 4255 ne
2132 4186 2391 4256 vous
2432 4147 2555 4305 ejl
2580 4149 3057 4257 contraire
3087 4201 3125 4271 ;

311 4312 429 4416 Le
491 4310 747 4430 Ciel,
825 4300 921 4413 la
989 4307 1305 4428 Mer,
1337 4302 1465 4412 les
1533 4311 1899 4426 Vents,
1955 4333 2175 4413 tout
2187 4304 2489 4455 flatte
2533 4343 2715 4411 vos
2775 4303 3061 4448 defirs
3091 4347 3129 4411 :

326 4469 622 4573 Mais
674 4468 870 4574 rien
930 4495 1042 4565 ne
1102 4491 1330 4615 peut
1372 4459 1740 4573 calmer
1772 4496 1954 4570 vos
1977 4457 2344 4609 fecrets
2383 4455 2874 4627 déplaifirs
2880 4538 2906 4564 .
