3854 5360
1177 266 2082 382 TRAGEDIE.

2955 325 3091 424 25
486 891 1192 1030 SCENE
1308 904 2712 1076 CINQUIEME.

230 1144 899 1264 NEPTUNE
956 1160 1069 1264 &
1120 1153 1219 1263 fa
1300 1162 1648 1290 Suite,
1710 1175 2329 1290 MEDUSE
2385 1261 2420 1307 ,
2475 1173 3035 1301 PERSE’E

1285 1324 1398 1426 &:
1451 1319 1550 1423 la
1617 1328 1933 1435 Suite.

1235 1551 1986 1664 NEPTUNE.

241 1761 515 2037 D
545 1766 783 1878 ieux
833 1789 971 1893 &
1011 1775 1406 1888 mortels
1463 1780 1784 1938 répare
1789 1829 1878 1906 &
1927 1787 2438 1945 l'injufHce
2463 1880 2500 1925 ,

536 1926 774 2067 Que
795 1924 986 2036 l'on
992 1927 1212 2083 fait
1235 1929 1305 2042 à
1339 1931 1790 2086 Medufe
1825 1981 1942 2049 en
1962 1946 2346 2095 faveur
2368 1952 2490 2064 de
2526 1963 2612 2068 P
2616 1954 2864 2073 allas
2888 2007 2927 2082 ;

817 2094 1003 2230 Qu
1036 2126 1159 2193 on
1234 2088 1635 2249 méprtfe
1688 2093 1819 2203 les
1829 2091 2077 2245 fiers
2120 2135 2423 2265 appas

499 2236 729 2375 Qui
768 2275 889 2343 ne
923 2238 1149 2386 font
1200 2281 1408 2358 nez^
1459 2281 1645 2400 que
1689 2281 1939 2406 pour
1983 2260 2292 2411 nofire
2311 2258 2792 2424 Jupplice.

811 2390 1066 2500 Plus
1107 2393 1544 2507 d'encens
1573 2436 1605 2558 ,
1652 2404 1874 2559 plus
1931 2407 2046 2516 de
2096 2412 2534 2566 fàcrifice

802 2555 964 2663 qA
1008 2544 1109 2655 la
1158 2544 1518 2661 beauté
1548 2561 1732 2704 qui
1778 2565 2139 2673 n'aime
2175 2599 2359 2724 pas
2366 2646 2391 2673 .

1296 2792 1891 2897 PERSE’E.

206 2906 421 3038 Que
448 2920 791 3067 vois-je
818 2948 851 3027 ?
880 2922 1138 3072 efi-il
1160 2926 1411 3040 donc
1430 2971 1689 3079 vray
1721 2978 1915 3089 que
1954 2944 2433 3103 Neptune
2488 2948 3015 3109 luy-meme

212 3060 493 3175 Vient
537 3104 998 3230 outrager
1045 3086 1556 3197 Minerve
1615 3106 1749 3208 &
1791 3104 2136 3210 s'arme
2175 3134 2494 3217 contre
2535 3149 2770 3221 nous
2811 3122 2867 3223 ?

1195 3243 1977 3354 NEPTUNE.

209 3354 782 3505 Mfirables
830 3378 1219 3487 mortels
1256 3383 1647 3504 adorez^
1690 3431 1791 3497 ce
1841 3436 2031 3551 que
2065 3405 2166 3547 f
2164 3404 2429 3511 aime
2460 3480 2499 3529 ,

792 3534 965 3634 Ou
1022 3539 1498 3688 craignez^
1556 3583 1785 3651 mon
1840 3592 2356 3664 courroux.

1579 3696 1695 3774 La
1747 3695 1967 3783 Suite
2014 3700 2115 3784 de
2154 3697 2431 3795 Petfée
2474 3706 2827 3804 s'enfuit.

1244 3803 1314 3896 P
1356 3805 1430 3898 E
1468 3806 1554 3904 R
1600 3813 1654 3906 S
1704 3814 1917 3914 E’E.

213 3908 319 4012 A
349 3907 442 4018 la
481 3923 730 4031 voix
783 3926 902 4036 de
947 3973 1046 4042 ce
1093 3943 1368 4047 Dieu
1409 3968 1626 4054 tout
1666 3953 1870 4096 fuit
1891 3981 1923 4076 ,
1961 3982 2180 4067 tout
2219 3959 2930 4090 m'abandonne
2958 4027 2995 4087 :

339 4075 970 4223 Moy-meme
992 4101 1110 4235 je
1166 4132 1315 4198 me
1338 4097 1573 4245 fins
1588 4100 1750 4247 fai
1720 4104 1838 4250 fi
1868 4104 2151 4220 d'une
2206 4144 2646 4255 terreur,

479 4231 706 4369 Qui
752 4277 903 4348 me
946 4241 1381 4384 defarme
1432 4271 1569 4373 &
1619 4264 1793 4415 qui
1846 4262 2354 4380 m'étonne.

275 4407 416 4492 Les
447 4416 828 4513 Nereïdes
861 4461 1246 4542 prennent
1293 4441 1408 4522 les
1444 4446 1752 4556 prefens
1796 4459 1940 4566 qui
1991 4454 2170 4547 font
2197 4462 2324 4548 fur
2359 4469 2725 4585 l’Autel,
2758 4483 2977 4569 &les

197 4540 494 4623 portent
555 4564 706 4625 aux
745 4548 968 4658 pieds
1025 4548 1124 4637 de
1155 4553 1529 4647 Medufe.

2537 4706 2641 4802 D
