3854 5360
1118 208 2044 316 TRAGEDIE.
2928 250 3022 331 rz

1303 461 1904 558 PERSE’E.

791 633 926 796 Je
975 689 1228 759 vous
1285 681 1674 775 entens,
1715 645 2176 758 adorable
2233 645 2606 800 Deeffe,

775 795 907 962 Je
958 845 1069 911 ne
1124 806 1330 918 dois
1378 807 1765 916 écouter
1798 843 1987 955 que
2038 847 2295 917 vous
2334 854 2371 912 :

778 945 1143 1110 J'aime
1166 1003 1193 1077 ,
1266 965 1517 1069 maïs
1574 1000 1673 1067 ce
1722 954 2207 1119 penchant
2236 961 2357 1106 fi
2400 961 2671 1074 doux

795 1117 1012 1252 Qui
1073 1154 1174 1219 m
1209 1110 1652 1222 entraîne
1709 1155 1934 1223 vers
1979 1114 2079 1221 la
2126 1115 2573 1271 pnncejfe
2613 1203 2643 1245 ,

489 1256 630 1363 Le
695 1266 914 1373 Ciel
945 1266 1326 1374 veut-il
1357 1266 1598 1421 qu’il
1649 1265 2074 1427 dépende
2125 1266 2248 1375 de
2293 1312 2536 1384 nous
2569 1300 2602 1381 ?

796 1423 1072 1532 Vous
1114 1422 1369 1569 efi-il
1426 1417 1848 1527 honteux
1897 1462 2325 1580 quavec
2380 1425 2548 1534 elle

788 1579 1061 1682 Vous
1102 1604 1337 1728 part
1336 1613 1501 1727 agi
1508 1586 1628 1727 eT^
1686 1606 1901 1684 tous
1954 1619 2151 1688 mes
2204 1577 2497 1726 defirs
2526 1586 2581 1686 ?

197 1717 454 1832 Vous
475 1754 766 1835 ave&
821 1767 1015 1832 mes
1061 1730 1453 1883 refpects
1481 1766 1511 1852 ,
1545 1766 1797 1835 vous
1839 1767 2137 1848 avez,
2171 1762 2392 1843 tout
2429 1774 2655 1849 mon
2683 1741 2911 1860 z.ele
2928 1800 2973 1874 ;

191 1873 530 1976 EH-ce
581 1901 790 2031 trop
827 1917 968 2034 qu
1007 1883 1410 2030 Jfmenie
1447 1910 1600 1989 ait
1645 1923 1840 1991 mes
1879 1885 2266 1998 tendres
2271 1891 2668 2040 Joûpirs
2711 1924 2746 2004 î

190 2027 920 2143 Pouvez,-vous
964 2030 1558 2146 condamner
1604 2075 1788 2144 une
1815 2037 2138 2190 Jlâme
2155 2048 2256 2189 fi
2300 2040 2524 2157 belle
2548 2056 2601 2157 ?

1176 2235 1950 2341 MINERVE.

180 2404 369 2518 Né
394 2439 637 2563 pour
676 2408 1117 2523 chercher
1160 2412 1257 2523 la
1314 2419 1603 2573 gloire
1654 2462 1791 2528 au
1846 2417 2075 2535 bout
2126 2426 2245 2539 de
2294 2430 2816 2551 l'Vnivers
2852 2523 2888 2569 ,

770 2573 963 2678 Ne
996 2567 1593 2718 fiaurois-tu
1638 2609 2005 2734 rompre
2046 2613 2189 2693 tes
2236 2585 2429 2736 fers

763 2729 994 2829 Par
1039 2763 1226 2831 une
1267 2724 1716 2876 heureufe
1767 2732 2206 2845 violence
2245 2749 2300 2846 ?

760 2877 916 2982 Et
954 2888 1360 2990 crois-tu
1411 2881 1655 3038 qu’il
1695 2912 1786 2992 te
1793 2891 2006 3036 foit
2045 2900 2462 3048 permis,

598 3033 871 3134 Pour
918 3030 1237 3145 éviter
1280 3018 1411 3145 les
1458 3044 1898 3193 rigueurs
1950 3040 2067 3147 de
2114 3044 2636 3198 l’abfènce,

169 3167 649 3286 D'oublier
708 3223 809 3287 ce
834 3186 1183 3338 grand
1234 3231 1459 3301 nom
1498 3233 1685 3344 que
1732 3192 1817 3301 le
1864 3199 2085 3310 Ciel
2126 3213 2269 3311 t’a
2310 3221 2671 3360 promis
2698 3220 2753 3322 i

1200 3472 1774 3573 PERSE’E.

164 3663 575 3822 Malgré
616 3667 1336 3788 l'attachement
1406 3679 1524 3788 de
1576 3729 1798 3794 mon
1850 3691 2214 3803 ardeur
2225 3695 2620 3844 fidelle,

714 3814 853 3977 Je
896 3862 1121 3985 pars
1152 3836 1255 3971 fi
1296 3832 1395 3939 la
1414 3836 1729 3986 gloire
1766 3848 2278 4004 m’appelle.

751 3977 1045 4089 Plein
1103 3986 1241 4089 du
1287 3986 1527 4130 dtfir
1573 3989 1811 4099 d'un
1844 4031 2223 4160 prompt
2272 4036 2599 4120 retour
2620 4061 2661 4135 ;

409 4115 546 4280 Je
603 4130 1002 4283 voleray
1047 4133 1164 4243 de
1221 4148 1630 4251 viftoire
1691 4188 1808 4255 en
1855 4155 2327 4284 viBoire,

432 4289 582 4393 Et
604 4329 804 4395 mes
844 4291 1246 4449 exploits
1298 4292 1614 4417 hâtez,
1643 4335 1832 4460 par
1881 4352 2118 4423 mon
2159 4360 2553 4454 amour,

438 4440 1179 4604 M'abrégeront
1224 4447 1309 4560 le
1374 4453 1745 4570 chemin
1796 4461 1913 4572 de
1958 4462 2060 4575 la
2091 4471 2426 4630 gloire.
