3854 5648
773 321 878 389 10

1834 262 2652 383 MEDUSE,

1821 470 2734 589 MELANTE.

1269 692 1613 808 Mais
1676 684 2034 795 voftre
2072 701 2454 787 amant
2508 712 2578 783 a
2633 664 2808 783 des
2875 660 3306 782 Autels,

791 866 963 982 La
1020 853 1559 1019 conquefte
1611 845 1864 962 d'un
1929 844 2220 958 Dieu
2267 833 2494 950 doit
2509 833 2880 999 fuifire
2931 827 3002 942 d
3063 818 3535 986 Medufi
3542 910 3566 938 .

1892 1070 2647 1176 MEDUSE.

761 1309 916 1486 Je
963 1351 1250 1429 veux
1297 1305 1542 1421 voir
1595 1293 1868 1412 dans
1913 1334 2126 1406 mes
2155 1288 2384 1451 fers
2443 1329 2592 1402 un
2650 1281 2994 1401 Héros
3012 1279 3138 1431 fi
3175 1275 3528 1393 vanté
3540 1372 3574 1418 ,

797 1486 960 1598 Et
981 1496 1104 1633 je
1145 1520 1270 1591 ne
1303 1481 1536 1637 fuis
1573 1455 1998 1626 fouffrir
2041 1494 2240 1613 que
2286 1449 2464 1610 luy
2474 1442 2720 1609 fieul
2736 1445 2866 1606 fie
2913 1444 3232 1600 refufi

1469 1640 1660 1749 Au
1719 1611 2218 1781 triomphe
2276 1611 2404 1728 de
2467 1653 2648 1727 ma
2702 1604 3094 1726 beauté,

1879 1847 2711 1960 ORPHISE.

804 2106 1057 2215 Vne
1074 2083 1333 2246 fiere
1386 2072 1761 2196 beauté
1800 2073 2042 2228 n'efl
2084 2070 2491 2226 jamais
2544 2058 3077 2215 fdtisfaite
3103 2149 3140 2196 ,

1458 2246 1625 2362 Et
1676 2234 2065 2402 négligé
2104 2275 2211 2343 ce
2262 2224 2613 2388 quelle
2654 2268 2725 2337 a
2766 2236 3015 2392 pris.

804 2426 1049 2535 Vne
1089 2446 1469 2574 conque
1470 2408 1629 2519 fie
1686 2400 1757 2515 d
1790 2400 2075 2560 faire
2124 2400 2279 2508 efl
2334 2382 2563 2506 bien
2612 2383 2867 2498 d'un
2910 2418 3215 2504 autre
3256 2392 3501 2550 prix
3539 2478 3572 2529 ,

1458 2570 1715 2716 Que
1766 2558 1993 2675 celle
2038 2555 2347 2717 qùon
2398 2593 2467 2664 a
2526 2546 2763 2708 déjà
2814 2548 3113 2709 faite.

1927 2785 2678 2893 MEDUSE.

809 3032 1149 3157 Mais
1194 3020 1515 3197 quelle
1558 3015 1691 3178 e(l
1718 3040 1973 3133 cette
1990 3040 2353 3179 pompe
2393 3025 2539 3142 &
2570 3045 2727 3125 ces
2758 3003 3123 3125 chants
3171 2998 3465 3121 d*aile
3452 3010 3779 3170 greffe.
