3854 5610
705 340 808 424 i4

1777 302 2599 437 MEDUSE,

1819 502 2589 606 MEDUSE.

730 640 1132 797 D't-luy
1185 680 1374 801 que
1434 638 1558 753 de
1620 642 2090 794 7\/ledu[e
2140 647 2221 757 il
2265 684 2510 811 peut
2556 674 2785 765 tout
2846 644 3236 763 obtenir
3262 737 3294 784 ,

735 816 761 866 c
750 802 1233 959 Trefors,
1302 811 1767 963 Sceptre,
1818 803 2431 925 Grandeurs
2436 820 2651 928 ,...
2714 813 3081 929 Dieux
3134 806 3477 971 quelle
3526 814 3681 921 eft

905 1001 1079 1072 ma
1138 953 1553 1114 foibleffe
1601 994 1634 1076 ?

739 1116 1128 1247 Arrête
1157 1174 1196 1248 s
1239 1118 1540 1233 tâche
1583 1162 1728 1235 au
1783 1123 2116 1239 moins
2177 1123 2438 1246 dans
2493 1174 2596 1247 ce
2641 1127 2996 1250 tendre
3053 1131 3542 1249 entretien

1234 1286 1416 1394 De
1470 1325 1952 1448 ménager
1984 1327 2130 1400 un
2185 1321 2372 1456 peu
2428 1335 2602 1407 ma
2645 1295 2972 1454 gloire
3008 1381 3038 1427 ,

748 1442 999 1581 Que
1032 1485 1077 1549 s
1112 1436 1197 1554 il
1232 1440 1475 1595 faut
1522 1477 1747 1559 tout
1784 1452 2183 1610 nfquer
2206 1484 2465 1614 pour
2500 1497 2907 1618 gagner
2942 1448 3049 1567 la
3092 1459 3589 1583 vittoire,

961 1600 1515 1725 Hasarde
1555 1633 1785 1722 tout
1843 1628 1986 1733 &
2043 1651 2165 1721 ne
2217 1652 2637 1781 ménagé
2693 1619 2953 1731 rien.

1749 1815 2659 1926 MELANTE.

755 2004 1000 2153 Que
1013 2000 1350 2159 faites
1401 2046 1668 2123 'vous
1699 2011 1756 2167 ?
1768 2011 2253 2176 foujffez,
2309 2015 2786 2134 l'audace
2833 2017 2952 2135 de
3001 2062 3240 2137 mon
3293 2021 3528 2147 z,eie
3559 2106 3591 2153 ,

1401 2168 1910 2332 Neptune
1947 2170 2254 2285 adore
2308 2215 2504 2290 •vos
2551 2214 2862 2346 appas
2891 2234 2932 2308 j

956 2324 1113 2429 Et
1156 2362 1421 2436 vous
1458 2369 1844 2448 courez,
1892 2324 2181 2496 après
2228 2378 2375 2449 un
2438 2382 2713 2453 cœur
2764 2334 3102 2458 rebelle
3130 2394 3172 2467 ;

752 2480 1041 2591 Vous
1079 2480 1365 2602 allezj
1412 2526 1675 2601 vous
1730 2484 2009 2652 offrir
2044 2534 2185 2605 au
2228 2494 2457 2656 plus
2494 2499 2851 2663 grand
2896 2500 3067 2616 des
3116 2506 3555 2668 ingrats,

1837 2698 2599 2804 MEDUSE.

759 2866 1029 2979 Non
1065 2909 1095 3002 ,
1143 2910 1341 2982 non
1384 2874 1985 3035 quallois-je
2012 2884 2293 3041 faire
2325 2911 2355 3014 ?
2423 2912 2564 3015 &
2620 2932 2815 3052 que
2875 2934 2997 3005 ne
3057 2890 3273 3007 dois
3280 2904 3421 3041 je
3468 2920 3649 3052 pas

1247 3041 1370 3142 A
1423 3064 1602 3148 ton
1643 3048 1888 3152 avis
1933 3051 2184 3205 (âge
2245 3070 2388 3173 &
2409 3046 2764 3201 fidelle
2789 3061 2844 3164 ?

756 3190 921 3301 JM
930 3228 994 3294 a
1009 3182 1335 3339 fierté
1348 3234 1394 3300 s
1428 3194 1908 3329 oublioit,
1937 3217 2056 3356 je
2108 3203 2214 3314 la
2233 3204 2356 3363 fie
2360 3251 2482 3318 ns
2534 3214 2950 3326 revenir
2980 3253 3020 3321 :

752 3348 1263 3504 Neptune
1306 3395 1511 3463 ma
1546 3370 1927 3516 promis
1970 3403 2171 3475 une
2196 3362 2517 3526 gloire
2564 3375 2931 3486 immot
2936 3373 3107 3488 elle
3132 3458 3164 3503 ,

1083 3511 1246 3621 Et
1283 3537 1403 3622 tu
1457 3556 1617 3628 me
1667 3512 1969 3631 rends
2023 3564 2129 3635 ce
2187 3520 2737 3647 charmant
2748 3533 3093 3690 Jouve
3101 3537 3297 3648 nir.

1823 3750 1918 3845 O
1975 3756 2058 3854 R
2115 3757 2182 3847 P
2225 3754 2328 3851 H
2377 3757 2418 3854 I
2467 3760 2520 3853 S
2575 3759 2681 3856 E.

1400 3928 1700 4083 Quel
1747 3938 1884 4086 eft
1925 3977 2029 4048 ce
2095 3946 2369 4052 Dieu
2410 3949 2596 4100 qui
2649 3950 3147 4068 s'avance
3179 4039 3207 4083 ,

751 4080 912 4187 Et
923 4074 1162 4235 fait
1205 4090 1448 4198 voir
1455 4097 1664 4238 fur
1723 4133 1878 4207 ces
1935 4093 2242 4210 bords
2289 4132 2530 4219 tant
2589 4107 2708 4218 de
2747 4108 3464 4273 magnificence
3495 4126 3544 4232 ?

1080 4242 1339 4394 C'eft
1392 4248 1886 4363 Palemon
1906 4299 1938 4384 ,
1980 4300 2036 4366 c
2064 4261 2203 4410 eft
2254 4258 2342 4373 le
2402 4274 2684 4381 Dieu
2728 4267 2900 4381 des
2960 4273 3496 4406 Nochers,

750 4399 1011 4556 C'eft
1062 4395 1229 4557 luy
1288 4413 1475 4526 qui
1526 4405 1659 4519 les
1702 4409 2177 4566 fauvant
2226 4416 2405 4538 des
2432 4424 2685 4585 flots
2726 4457 2863 4560 &
2900 4430 3075 4548 des
3126 4428 3578 4569 rochers,

1225 4565 1464 4679 Leu
1551 4600 1833 4686 trace
1893 4619 2087 4691 une
2139 4615 2427 4696 route
2480 4590 2819 4743 facile,
