3854 5360
2915 331 2987 391 II

1067 270 2035 382 TRAGEDIE.

516 767 1317 905 SCENE
1496 773 2606 915 SECONDE,

190 1031 948 1154 MEDUSE,
1056 1033 1928 1162 ORPHISE,
2032 1041 2968 1176 MELANTE,

795 1185 1418 1298 PERSE’
1473 1196 1615 1318 E,
1699 1200 1816 1303 &
1881 1186 1979 1295 fa
2047 1187 2329 1298 fuite.

1163 1455 1889 1558 MEDUSE.

190 1692 408 1964 E
429 1678 701 1783 St-ce
745 1675 1166 1787 Persée?
1205 1670 1268 1789 6
1305 1679 1586 1792 Ciel!
1637 1683 1874 1838 quel
1891 1686 2324 1843 orgueil!
2345 1701 2449 1836 je
2503 1690 2589 1801 le
2639 1738 2901 1855 voy,

436 1826 647 1965 Qui
677 1835 916 1985 pajfe
923 1836 1176 1981 fans
1206 1832 1622 1990 daigner
1648 1870 2050 1950 tourner
2082 1841 2212 1956 lu
2225 1885 2510 1997 yeux
2519 1855 2976 2018 Jurmoy,

185 1981 341 2087 Où
389 2018 1067 2101 courez-vous
1097 1994 1149 2096 ?

1193 2200 1889 2305 PERSE’E.

1169 2432 1356 2535 Au
1405 2433 1826 2591 Temple
1867 2434 2214 2548 adorer
2253 2439 2356 2547 la
2411 2434 2769 2590 De'ejfe.

472 2576 715 2725 C’efl
762 2578 1412 2738 aujourd'buy
1466 2584 1564 2736 la
1614 2590 1832 2736 fefie
1892 2588 2010 2703 de
2058 2603 2141 2704 P
2146 2596 2392 2703 allas
2418 2646 2456 2716 ;

193 2726 420 2872 Cejl
453 2765 565 2831 en
597 2770 739 2838 un
764 2731 1084 2883 pareil
1088 2749 1319 2888 jour
1344 2777 1631 2892 quen
1661 2784 1807 2855 ces
1837 2741 2103 2853 lieux
2157 2744 2282 2857 où
2307 2753 2981 2902 nousfemmes

775 2899 952 2998 On
986 2895 1158 2998 vit
1169 2892 1322 3041 fs
1349 2892 1806 3048 glorieux
1885 2932 2190 3059 appas

184 3036 431 3140 Pour
458 3033 553 3143 la
574 3042 1035 3196 première
1050 3043 1255 3196 fou
1308 3051 1767 3204 paroifire
1788 3093 2005 3163 aux
1988 3098 2083 3209 y
2088 3099 2279 3169 eux
2324 3053 2487 3166 des
2518 3051 2976 3178 hommes.

1199 3268 1933 3375 MEDUSE.

187 3460 360 3568 Ne
399 3494 796 3621 peut-on
831 3507 970 3575 un
1019 3510 1458 3588 moment
1505 3489 1867 3591 retenir
1915 3513 2159 3593 cette
2209 3485 2583 3599 ardeur
2623 3497 2674 3598 ?

192 3617 324 3719 Et
374 3622 717 3773 n’ejt-il
759 3651 1032 3775 point
1080 3633 1232 3781 icy
1285 3631 1698 3789 quelque
1744 3633 2107 3747 beaute'
2138 3644 2562 3751 mortelle

194 3769 391 3897 Qui
400 3776 605 3921 feit
643 3778 931 3927 digne
997 3775 1113 3884 de
1171 3820 1489 3907 vous,
1554 3805 1689 3908 &
1743 3800 2087 3899 mérité
2139 3832 2509 3901 comme
2551 3795 2713 3908 elle
2734 3882 2761 3927 ,

781 3937 936 4040 Et
977 3933 1298 4080 voftre
1339 3973 1678 4046 encens
1725 3958 1860 4060 &
1897 3945 2214 4091 vofire
2255 3985 2518 4056 cœur
2541 3957 2594 4055 ?

1222 4159 1866 4263 PERSEE.

196 4345 627 4501 Enefi-il
686 4356 929 4471 dont
988 4359 1431 4472 l'audace
1480 4371 1895 4529 aveugle
1950 4392 2083 4495 &
2144 4382 2720 4508 criminelle,

781 4517 1155 4632 Veuille
1213 4517 1379 4672 luy
1431 4530 1727 4637 ravir
1777 4558 1927 4638 cet
1971 4526 2411 4646 honneur
2431 4544 2484 4640 ?

2410 4700 2480 4792 B
2544 4699 2612 4823 ij
