3854 5610
755 363 869 429 ro

1897 313 2571 455 medus;e.

1913 512 2536 615 PERSE’E.

754 728 1040 835 Pour
1094 722 1312 841 Mc
1322 714 1559 887 dufe
1580 707 1989 870 faut-il
2004 712 2272 873 fans
2326 713 2544 873 cejfe
2580 715 2690 874 fe
2720 713 3358 834 contraindre
3400 742 3431 831 ?

1881 940 2577 1044 ISMENIE.

1075 1146 1544 1309 Medufe
1599 1153 1836 1307 n'ejl
1887 1185 2066 1310 pas
2085 1148 2374 1305 feule
2421 1199 2488 1265 a
2527 1147 3000 1267 craindre
3029 1200 3072 1270 :

1394 1320 1565 1429 La
1578 1315 1839 1471 fage
1896 1333 2035 1438 &
2044 1318 2419 1469 fevere
2478 1323 2561 1427 P
2564 1312 2823 1427 allas

743 1482 948 1585 Du
1013 1466 1352 1586 deïlin
1421 1470 1594 1585 des
1637 1476 1978 1585 Héros
1993 1450 2630 1633 fouveraine
2689 1472 3180 1633 maîtrejfe

748 1638 1029 1750 Veut
1076 1631 1397 1795 regler
1440 1675 1629 1747 vos
1674 1630 1795 1746 de
1766 1633 1977 1787 fers
2022 1660 2161 1763 &
2204 1677 2693 1795 marquer
2730 1666 2963 1752 tous
3006 1679 3195 1755 vos
3230 1671 3411 1806 pas
3438 1677 3477 1743 :

1383 1795 1608 1909 Elle
1660 1789 2232 1907 condamne
2276 1793 2864 1909 l'embarras

1381 1962 1557 2065 De
1611 1952 1715 2064 la
1742 1952 1987 2107 folle
2038 1974 2177 2077 &
2235 1962 2555 2069 vaine
2613 1955 3077 2114 tendrejfe
3116 2041 3155 2087 ,

726 2108 894 2219 Et
940 2106 1370 2271 s'ojfenfe
1430 2108 1550 2223 de
1606 2140 1840 2225 tout
1892 2108 2026 2224 où
2080 2110 2184 2221 la
2225 2112 2554 2274 gloire
2608 2114 2844 2273 n'eft
2887 2155 3102 2280 pas.

1890 2326 2506 2425 PERSE’E.

897 2527 1097 2642 Ne
1159 2527 1644 2685 craigne%
1691 2558 1875 2686 pas
1931 2568 2127 2684 que
2201 2536 2723 2648 Minerve
2785 2530 3228 2696 s'ojfenfe

1378 2694 1550 2797 De
1604 2724 1752 2794 ces
1810 2684 2162 2797 nœuds
2192 2693 2294 2848 fi
2356 2684 2686 2802 beaux
2746 2715 2887 2819 &
2908 2695 3029 2840 fe
3084 2693 3370 2806 doux
3404 2779 3446 2821 ,

715 2848 954 2993 Que
1005 2842 1110 2954 la
1159 2841 1485 3001 gloire
1557 2839 2103 2958 elle-même
2155 2893 2221 2961 a
2255 2850 2699 3006 formez,
2751 2885 3031 2966 entre
3085 2899 3337 2968 nous
3369 2900 3403 2959 :

1034 3016 1315 3121 Sans
1372 3002 1473 3111 la
1522 3000 1849 3161 gloire
1916 3006 2029 3156 ft)
2060 3006 2318 3157 fans
2374 3007 2986 3126 l'innocence

1355 3172 1818 3277 Peut-on
1867 3167 2106 3316 eftre
2157 3163 2382 3282 bien
2429 3213 2703 3286 avec
2755 3217 3019 3290 vous
3065 3202 3098 3283 ?

1824 3378 2546 3480 ISMENiE.

947 3573 1277 3689 Mais
1296 3572 1417 3726 fe
1453 3581 1541 3685 P
1547 3574 1805 3688 allas
1863 3619 2005 3688 un
2054 3614 2249 3741 peu
2301 3612 2523 3747 trop
2587 3580 3189 3701 inhumaine

1354 3734 1782 3849 Vouloit
1829 3769 2092 3895 pour
2150 3733 2458 3894 brifer
2498 3746 2814 3896 nojlre
2860 3744 3222 3861 chaîne

947 3896 1073 4006 A
1114 3887 1285 4047 fes
1345 3892 1715 4005 Autels
1774 3931 2029 4057 pour
2062 3904 2455 4045 jamais
2515 3908 3127 4022 m'attacher
3131 3997 3155 4021 .

1856 4051 2460 4161 PERSE’E.

667 4184 821 4351 Je
881 4233 1293 4307 renonce
1359 4240 1431 4304 a
1511 4203 1591 4305 P
1597 4194 1859 4307 allas
1871 4201 1993 4350 fi
2007 4208 2135 4356 fa
2201 4247 2615 4366 rigueur
2663 4209 3107 4329 extrême

1350 4360 1572 4469 Me
1622 4363 1918 4471 ravit
1970 4408 2110 4477 un
2152 4373 2584 4522 treforfe
2606 4368 2892 4503 chers

957 4520 1105 4624 Et
1167 4512 1358 4622 nul
1395 4515 1757 4676 re/pett
1797 4559 1919 4631 ne
1929 4526 2395 4678 feauroit
2455 4531 3105 4699 m'empêcher

694 4676 874 4787 De
926 4667 1408 4786 l'enlever
1466 4681 1636 4793 des
1682 4687 2020 4801 mains
2082 4684 2204 4801 de
2248 4687 2352 4802 la
2442 4703 2790 4855 Deejfe
2844 4743 3002 4818 me
2971 4700 3250 4861 fine.
