3854 5610
817 367 857 453 3
871 371 919 432 i
1907 315 2671 438 MEDUSE,

1151 468 1623 593 Mortels
1693 507 2145 578 ennemis
2219 461 2345 575 de
2419 458 2881 615 Aledufe
2903 515 2943 589 ;

824 645 978 754 Le
1046 624 1322 751 bruit
1392 629 1516 744 de
1572 620 1870 739 vôtre
1904 627 2182 788 fuite
2218 629 2354 783 efi
2406 667 2688 740 venu
2720 618 3146 787 jufqud
3204 658 3486 740 nous.

825 805 1500 916 AveZj-vous
1551 830 1734 901 cru
1781 794 2230 955 pouvoir
2289 789 2628 902 éviter
2643 796 2844 943 fon
2907 824 3402 898 courroux
3433 819 3466 899 ?

1471 951 1773 1108 Qjuel
1823 945 2235 1063 charme
2285 989 2559 1063 vous
2611 944 2987 1105 abufèï

826 1121 947 1230 A
964 1112 1162 1266 fon
1222 1107 1892 1268 reffentiment
1946 1120 2162 1226 rien
2226 1155 2348 1221 ne
2388 1151 2654 1222 vous
2698 1139 2942 1277 peut
3000 1104 3396 1221 cacher.

823 1285 990 1392 Et
1031 1306 1286 1432 pour
1319 1270 1680 1385 rendre
1730 1267 2412 1429 aujourd'huy
2466 1262 2762 1386 vôtre
2799 1269 3060 1425 fuite
3120 1269 3486 1385 inutile
3529 1358 3558 1400 ,

823 1441 1059 1584 Que
1109 1428 1199 1543 le
1263 1436 1745 1592 Vaifieau
1803 1438 1985 1591 qui
2007 1433 2243 1590 feul
2309 1435 2447 1589 efi
2491 1436 2819 1589 voflre
2859 1428 3159 1550 az>ile
3181 1512 3223 1559 ,

1476 1606 1613 1706 Se
1650 1588 1899 1745 brife
1942 1622 2283 1705 contre
2344 1635 2451 1702 ce
2504 1589 2924 1708 Rocher.

834 1759 1160 1870 Vents
1218 1793 1662 1914 orageux
1724 1746 2204 1871 troublez^
2252 1793 2358 1861 ce
2414 1756 2786 1913 rivage
2838 1755 3396 1914 tranquile.

1827 1959 1949 2043 Le
2005 1952 2389 2046 Vaifleau
2443 1953 2525 2042 fe
2575 1955 2789 2041 brife
2831 1984 3125 2043 contre
3171 1989 3289 2045 un
3325 1962 3675 2052 Rocher.

1906 2182 2140 2282 CH
2198 2185 2684 2288 OEUR.

825 2325 1150 2444 Vents
1209 2361 1658 2482 orageux
1713 2320 2098 2439 trouble
2103 2336 2174 2487 ^
2235 2371 2340 2439 ce
2397 2334 2772 2493 rivage
2841 2329 3372 2494 tranquile
3381 2409 3408 2441 .

2685 2532 2849 2619 Les
2889 2537 3159 2628 Vents
3197 2529 3577 2624 danfent.

1125 3133 1826 3272 SCENE
1977 3143 3461 3311 QIJATRIE’ME.

1517 3414 2487 3548 MEDUSE,
2557 3416 2661 3535 fa
2737 3421 3073 3537 Suite.

1920 3663 2660 3778 MEDUSE.

859 3871 1140 4170 Q
1179 3887 1458 3993 V'on
1513 3878 1602 3994 le
1655 3879 2058 4000 cherche
2089 3926 2294 4054 par
2335 3927 2562 4014 tout
2581 3896 2623 4030 ,
2661 3896 2926 4015 dans
2981 3900 3120 4018 les
3173 3903 3556 4069 affreux
3595 3910 3702 4028 de
3703 3984 3731 4005 -

1301 4041 1643 4194 ferts,

820 4207 1152 4314 Dans
1180 4199 1316 4313 les
1344 4232 1692 4315 antres
1724 4205 2208 4366 profonds
2234 4213 2270 4345 ,
2308 4213 2572 4330 dans
2604 4220 2742 4335 les
2754 4223 2986 4391 plus
3018 4232 3286 4346 noirs
3316 4227 3678 4347 abîmes
3698 4318 3724 4364 ,

818 4363 980 4472 Et
1038 4352 1296 4473 dans
1348 4393 1576 4476 tout
1632 4402 1736 4473 ce
1795 4372 1980 4525 qui
2021 4374 2254 4530 fert
2307 4375 2708 4508 d’a&ile
2785 4431 3012 4504 aux
3067 4392 3298 4556 plus
3363 4392 3728 4559 grands

981 4556 1337 4633 crimes
1363 4573 1407 4648 s

818 4677 1023 4820 Qu
1052 4716 1179 4788 on
1218 4683 1449 4799 aille
1484 4680 1577 4798 le
1628 4681 2087 4808 chercher
2098 4699 2524 4863 jufques
2590 4704 2860 4829 dans
2914 4711 3052 4834 les
3094 4718 3416 4881 enfers
3442 4771 3482 4846 ;

3258 4879 3732 5042 Neptune
