3854 5610
732 324 836 404 i6
1822 295 2568 425 MEDUSE,

1590 449 1906 551 UNE
2052 451 2802 555 NEREIDE,

1225 596 1347 712 Si
1389 588 1529 704 du
1571 636 1805 705 nom
1869 593 1991 706 de
2033 606 2371 754 Reyne
2429 639 2561 709 ou
2617 606 2735 708 de
2789 590 3019 708 belle

1067 765 1215 873 Le
1269 750 1565 866 choix
1621 755 1899 909 efioit
1941 796 2065 866 en
2119 757 2437 907 nojlre
2495 751 2907 882 liberté,

1218 905 1334 1066 Je
1386 921 1790 1026 connois
1824 913 2056 1071 plus
2108 912 2410 1027 d'une
2452 914 2890 1027 mortelle
2922 998 2952 1044 ,

1064 1079 1294 1221 Qui
1342 1072 1862 1192 donneroit
1920 1069 2004 1184 le
2052 1078 2290 1234 prix
2344 1073 2414 1183 d
2472 1073 2572 1183 la
2638 1072 3004 1188 beauté
3004 1155 3034 1191 •

1765 1239 1832 1331 P
1873 1233 2633 1339 ALEMON.

739 1376 1243 1537 Neptune
1299 1386 1599 1498 vient
1655 1373 2095 1492 troubler
2143 1376 2249 1490 la
2293 1383 2531 1537 fefle
2589 1379 2711 1494 de
2765 1390 2857 1498 P
2861 1376 3125 1492 allas
3151 1461 3181 1507 ,

1386 1536 1791 1705 Deffier
1830 1569 2107 1654 toute
2130 1542 2269 1694 fa
2332 1539 2706 1670 colere,

1380 1714 1536 1818 Et
1586 1700 1972 1813 braver
2006 1690 2412 1864 Jupiter
2442 1703 2628 1857 fon
2674 1734 2898 1864 pere
2924 1786 2964 1829 >

1377 1872 1672 1976 Pour
1729 1861 1834 1971 la
1881 1864 2204 2016 gloire
2267 1858 2388 1971 de
2433 1901 2626 1971 vos
2683 1892 3038 2024 appas.

1819 2021 2579 2123 MEDUSE.

737 2158 929 2286 Ah
959 2179 997 2281 !
1048 2205 1247 2329 que
1303 2164 1519 2318 cejl
1552 2198 1811 2327 pour
1859 2207 2035 2276 ma
2070 2164 2399 2324 gloire
2447 2207 2645 2278 une
2687 2160 3135 2280 douceur
3165 2156 3607 2276 extrême
3637 2243 3669 2293 ,

1382 2323 1798 2472 Quand
1850 2323 2026 2436 elle
2064 2328 2204 2486 ejl
2252 2366 2374 2435 en
2396 2325 2514 2477 fi
2552 2322 2902 2496 grand
2952 2324 3404 2483 danger,

1374 2494 1558 2596 De
1606 2491 1846 2597 voir
1875 2525 2018 2644 qu
2052 2524 2180 2592 on
2213 2517 2454 2643 peut
2494 2483 2598 2595 la
2656 2482 3152 2645 dégager,

1207 2645 1441 2752 Par
1491 2640 1581 2752 le
1613 2645 2011 2803 fecours
2069 2640 2315 2750 d'un
2391 2647 2675 2757 Dieu
2715 2688 2897 2804 qui
2949 2647 3353 2757 m'aime
3425 2658 3449 2744 !

1817 2804 2571 2905 CHOEUR.

1046 2945 1290 3091 Que
1342 2946 1672 3106 vofire
1698 2949 1912 3095 fort
1970 2946 2190 3060 doit
2230 2950 2506 3105 faire
2548 2943 2670 3060 de
2706 2944 3064 3108 jaloux
3090 2957 3141 3059 ?

1364 3112 1560 3216 Un
1614 3111 1904 3221 Dieu
1916 3107 2042 3262 fie
2092 3102 2488 3218 déclaré
2538 3143 2792 3259 pour
2842 3147 3116 3220 vous
3120 3191 3148 3221 .

1685 3263 1848 3367 Un
1911 3263 2028 3368 de
2089 3260 2182 3364 la
2247 3270 2679 3409 Troupe.

1209 3406 1591 3527 Vivez,
1609 3417 1815 3563 fur
1867 3411 1971 3522 la
2013 3412 2195 3574 foy
2265 3414 2387 3525 de
2443 3455 2635 3526 vos
2707 3408 3163 3527 charmes
3191 3501 3229 3547 ,

1198 3575 1477 3680 Sans
1524 3567 1945 3718 jaloufie
2018 3592 2163 3694 &
2202 3576 2467 3727 fans
2520 3569 3067 3705 allarmes,

1206 3728 1552 3872 Vojlre
1594 3725 1918 3885 gloire
1982 3734 2118 3882 efi
2172 3772 2296 3841 en
2342 3735 2758 3877 fureté.

1198 3889 1396 3992 Un
1458 3888 1796 3995 Héros
1805 3889 2028 4043 fèrt
2078 3926 2270 3999 une
2324 3890 2926 4004 immortelle
2963 3945 3010 4023 ,*

1031 4045 1363 4159 Mais
1407 4082 1667 4152 vous
1717 4085 2019 4166 avez
2071 4078 2325 4204 pour
2355 4089 2619 4161 vous
2681 4084 3023 4167 contre
3075 4057 3253 4173 elle
3289 4148 3325 4192 ,

1185 4207 1379 4314 Vn
1439 4204 1783 4331 Dieu,
1839 4199 1909 4309 l'
1951 4220 2403 4333 Jmour,
2451 4233 2587 4335 &
2633 4208 2739 4322 la
2787 4220 3203 4333 Beauté
3203 4305 3229 4333 .

1782 4367 1868 4461 C
1910 4371 2008 4466 H
2054 4370 2236 4464 OE
2284 4377 2372 4471 U
2418 4379 2538 4475 R.

1016 4499 1264 4645 Que
1314 4506 1638 4648 vojlre
1658 4505 1884 4661 fort
1942 4508 2158 4622 doit
2194 4512 2470 4667 faire
2534 4511 2656 4624 de
2680 4516 3062 4670 jaloux
3088 4533 3140 4637 ?

1343 4674 1537 4776 Un
1601 4671 1877 4779 Dieu
1917 4669 2019 4818 fe
2083 4666 2473 4783 déclaré
2509 4711 2771 4829 pour
2801 4720 3101 4797 vous.

1433 4822 1629 4901 FIN
1701 4827 1869 4905 DU
1927 4830 2475 4913 PREMIER
2539 4835 2881 4916 ACTE.
