3854 5610
834 382 874 468 3
890 386 948 446 °

1918 343 2726 471 MEDUSE,

1931 586 2223 689 ISM
2277 584 2709 685 ENIE.

842 810 1151 936 Seule
1206 851 1485 925 avec
1530 850 1771 924 mon
1822 848 2252 942 amant,
2288 845 2752 944 errante,
2784 808 3330 972 fugitive,

840 990 1132 1094 Pour
1174 1017 1352 1085 ma
1390 970 1714 1136 gloire
1760 1016 1882 1085 en
1928 979 2320 1138 danger
2346 996 2460 1132 je
2484 981 2716 1133 fens
2772 972 3200 1136 quelque
3238 971 3678 1136 frayeur
3704 1021 3736 1087 :

825 1124 966 1296 Je
1021 1174 1140 1245 ne
1183 1141 1416 1297 fuis
1457 1138 1706 1280 (ans
1749 1133 2012 1295 péril
2057 1142 2446 1298 quitter
2497 1177 2738 1249 mon
2795 1132 3342 1296 dejfenfeur
3381 1180 3416 1240 :

843 1304 1175 1418 Mais
1217 1293 1457 1441 aujfi
1513 1326 1633 1406 tu
1685 1303 2091 1409 connois
2117 1344 2149 1424 ,
2187 1298 2349 1410 s’il
2395 1298 2643 1455 faut
2689 1338 2881 1456 que
2907 1336 3019 1448 je
3081 1293 3167 1407 le
3181 1295 3511 1453 Juive
3551 1374 3579 1422 ,

1168 1463 1471 1577 T'ont
1520 1450 2111 1571 l'embarras
2172 1454 2421 1573 d’un
2460 1475 2773 1613 jeune
2828 1494 3118 1570 cœur.

1982 1709 2644 1815 NERINE,

835 1942 1081 2088 Que
1135 1941 1957 2093 craignez-vous
2009 1933 2259 2050 d’un
2321 1945 2701 2055 Prince
2755 1942 2939 2098 qui
2975 1978 3243 2053 vous
3303 1935 3571 2052 aime
3595 1944 3641 2054 ?

1160 2099 1469 2213 Tout
1536 2140 1801 2214 vous
1848 2096 2233 2265 répond
2288 2094 2409 2208 de
2422 2107 2565 2253 fa
2588 2099 3007 2255 fidelité
3004 2184 3028 2210 .

1956 2355 2084 2453 IS
2128 2350 2346 2452 ME
2384 2350 2696 2451 NIE.

811 2566 959 2738 Je
1015 2581 1353 2691 crains
1405 2606 1635 2692 tout
1663 2584 1693 2734 ,
1717 2584 1921 2735 fbn
1971 2625 2337 2698 amour
2389 2604 2529 2711 &
2557 2583 2743 2737 (on
2805 2584 3161 2696 mérité
3215 2570 3653 2692 extrême
3687 2626 3727 2705 ;

1168 2733 1425 2849 Plus
1500 2778 1695 2896 que
1760 2770 1993 2855 tout
2006 2767 2123 2895 je
2168 2786 2325 2854 me
2368 2753 2709 2857 crains
2760 2735 3371 2900 moy-même
3410 2786 3433 2846 :

838 2904 1078 3016 Ma
1104 2895 1434 3059 gloire
1486 2940 1610 3010 en
1654 2928 1806 3015 cet
1862 2907 2116 3057 efiat
2154 2906 2510 3060 ejl-elle
2572 2945 2692 3015 en
2722 2905 3130 3062 (eureté
3160 2929 3194 3011 ?

1985 3153 2645 3260 NERINE.

1156 3341 1587 3452 Amant
1642 3359 2101 3501 toujours
2156 3350 2803 3508 refpeùlueux
2832 3346 2863 3504 ,
2884 3346 3231 3504 fidelle
3252 3431 3295 3481 ,

1164 3507 1340 3613 De
1396 3497 1500 3608 la
1562 3536 1874 3617 vertu
1936 3501 2480 3664 deffenfèur
2550 3507 2968 3622 déclaré
2976 3562 3022 3636 s

1159 3667 1346 3771 Ou
1391 3670 2124 3821 pouvez-vous
2191 3704 2618 3783 trouver
2665 3707 2930 3830 pour
2979 3670 3152 3789 elle

1477 3830 1507 3868 <
1501 3828 1673 3930 Vn
1737 3819 2037 3943 aZjile
2087 3826 2321 3984 plus
2389 3829 2779 3981 affurél

1965 3988 2641 4093 ISMENIE.

826 4116 1022 4228 Tu
1084 4113 1452 4232 calmes
1518 4118 1652 4234 les
1710 4128 2166 4283 frayeurs
2224 4136 2526 4247 d’une
2568 4159 2888 4291 jeune
2950 4141 3428 4298 Princeffe
3450 4228 3488 4272 9

824 4282 1036 4388 Per
1021 4276 1188 4431 fée
1234 4281 1364 4437 eft
1393 4324 1968 4440 genereux,
2036 4321 2270 4408 tout
2330 4338 2490 4407 me
2550 4298 2936 4465 répond
2980 4296 3100 4409 de
3148 4301 3318 4463 luj
3370 4350 3408 4410 :

1159 4447 1485 4555 Mais
1521 4442 1867 4604 plains
1909 4451 2199 4568 l’etat
2247 4500 2377 4570 ou
2441 4501 2617 4571 ma
2659 4461 2925 4620 fuite
2983 4505 3141 4573 me
3195 4463 3455 4624 laiffe
3481 4554 3515 4602 ,

1146 4604 1571 4761 Quand
1598 4618 1821 4771 j’ay
1865 4609 2185 4765 befbin
2239 4616 2363 4730 de
2415 4619 2519 4731 la
2569 4660 2887 4738 vertu
2942 4622 3417 4788 d’autruy

1466 4776 1758 4884 Pour
1788 4779 2208 4931 ajjeurer
2248 4822 2424 4898 ma
2458 4777 2900 4950 foiblejfe
2904 4874 2928 4904 .
