3854 5610
741 301 838 403 33

1797 293 2595 434 MEDUSE,’

1091 727 1925 866 SCENE
2119 736 3384 883 SECONDE.

804 999 1645 1131 MEDUSE,
1746 1004 2629 1147 ORPHISE,
2730 1017 3658 1141 MELANTE.

1770 1247 2672 1357 MELANTE.

764 1385 1035 1623 ]^J
1055 1474 1206 1583 Os
1265 1473 1740 1592 Amants
1752 1474 2187 1640 fugitifs
2214 1488 2472 1637 font
2515 1529 2637 1600 en
2679 1491 3011 1652 vofire
3050 1498 3525 1658 pouvoir.

1896 1688 2655 1799 MEDUSE.

770 1862 967 1982 Ah
988 1870 1225 2027 !fur
1215 1904 1655 2035 prenant
1696 1876 2147 1996 bonheur
2166 1899 2203 2004 !
2228 1890 2723 2056 triomphe
2764 1936 2941 2007 ma
2994 1935 3571 2058 vengeance
3574 1980 3598 2010 .

1775 2113 2668 2221 MELANTE.

1097 2297 1392 2405 Four
1439 2295 1580 2408 les
1643 2297 1972 2419 livrer
2017 2308 2090 2422 à
2143 2349 2338 2424 vos
2371 2313 2694 2464 juftes
2726 2314 3158 2477 fureurs
3185 2407 3215 2452 ,

1255 2459 1760 2622 Neptune
1811 2509 1958 2581 au
2007 2503 2456 2634 pouvoir
2513 2473 2638 2589 de
2679 2519 2878 2589 vos
2925 2494 3270 2597 Sœurs
3305 2569 3343 2617 ,

1255 2621 1373 2730 A
1417 2632 1616 2733 mis
1679 2636 2042 2742 Persée
2113 2635 2225 2758 ft)
2247 2638 2390 2786 fd
2435 2639 2934 2794 Princejfe
2937 2726 2967 2757 .

1885 2842 2613 2952 MEDUSE.

767 3020 1267 3138 Dis-leur
1302 3032 1711 3190 quefur
1739 3064 1965 3148 tous
2030 3038 2311 3156 deux
2370 3040 2589 3156 elles
2644 3043 3073 3162 veillent
3078 3048 3337 3213 fans
3394 3049 3669 3210 cejfe;

765 3183 1305 3301 Fais-leur
1357 3198 1597 3307 voir
1635 3191 1757 3305 de
1796 3199 2040 3354 quel
2058 3209 2291 3365 prix
2341 3211 2719 3319 Persée
2759 3211 2896 3364 efi
2935 3212 3008 3323 d
3055 3255 3263 3326 mes
3308 3253 3569 3363 yeux
3577 3298 3599 3320 .

1780 3411 2690 3523 MELANTE.

1254 3555 1593 3668 Mais
1648 3562 1967 3714 quelle
2028 3562 2547 3722 efperance
2584 3573 2720 3726 efi
2770 3566 2879 3683 la
2936 3606 3237 3693 votre
3264 3582 3323 3689 ?

1255 3713 1374 3818 F
1364 3708 1611 3867 fi-ce
1663 3757 1805 3825 un
1860 3729 2177 3874 trefor
2218 3718 2445 3839 bien
2488 3738 2955 3892 pretieux
2982 3817 3021 3861 ,

1239 3871 1697 4010 Lorfaue
1740 3878 1923 4014 fin
1979 3923 2249 3994 cœur
2299 3892 2430 4000 e(l
2482 3923 2735 4022 pour
2783 3935 2981 4009 une
3028 3929 3327 4017 autre
3358 3909 3414 4020 ?

1846 4070 2615 4185 MEDUSE.

765 4196 892 4306 Si
926 4211 1032 4348 je
1087 4241 1314 4367 nay
1358 4240 1543 4373 pas
1556 4218 1755 4367 fon
1797 4257 2071 4330 cœur
2105 4263 2253 4334 au
2305 4269 2633 4341 moins
2713 4230 3116 4397 malgré
3164 4237 3699 4411 luy-meme

1412 4359 1526 4515 Je
1581 4369 2130 4537 difpoferay
2181 4382 2305 4497 de
2328 4385 2537 4543 fon
2558 4392 2794 4547 fort
2814 4453 2857 4526 ;

751 4508 868 4626 Il
913 4557 1328 4634 mourra
1355 4572 1390 4634 :
1439 4575 1706 4656 mais
1753 4535 2082 4656 helas\
2132 4575 2394 4706 pour
2439 4549 2608 4711 luy
2657 4553 3044 4672 donner
3087 4560 3193 4677 la
3235 4601 3502 4687 mort
3522 4647 3553 4698 ,

737 4672 1342 4835 Ilfaudroit
1375 4690 1466 4807 le
1503 4692 1746 4818 haïr
1789 4725 1928 4839 &
1940 4721 2060 4864 je
2062 4708 2324 4872 fins
2360 4756 2554 4878 que
2584 4760 2702 4875 je
2749 4718 3121 4846 l'aime.
