3854 5610
825 307 949 391 14

1923 257 2673 359 MEDUSE.

1911 447 2677 553 MINERVE.

1469 647 1775 767 Plein
1829 637 2075 755 d'un
2097 645 2221 795 fi
2253 641 2511 753 beau
2543 645 3115 801 fintiment

1471 819 1665 923 Vn
1689 799 2047 967 grand
2089 847 2359 917 cœur
2393 837 2635 955 peut
2681 803 3249 923 noblement

1467 983 1607 1089 Se
1655 973 1987 1083 livrer
2033 963 2105 1077 à
2159 963 2263 1075 la
2323 969 2669 1081 tendre
2647 961 2787 1121 fie
2817 1053 2855 1099 ,

1465 1141 1665 1247 Vn
1713 1169 2085 1239 amour
2133 1163 2309 1287 qui
2333 1123 2571 1289 fuit
2613 1129 2699 1241 le
2739 1167 3071 1295 repos,

1463 1299 1631 1409 Et
1671 1287 2167 1407 s’accorde
2235 1325 2499 1399 avec
2551 1285 2653 1399 la
2679 1287 3119 1449 Jdgcfie,

1461 1461 1741 1571 Bien
1793 1451 1999 1563 loin
2067 1447 2407 1605 d'eflre
2455 1447 2557 1557 la
2597 1449 3095 1607 fotblefie,

1465 1621 1647 1775 Efi
1713 1615 1815 1729 la
1865 1611 2179 1775 gloire
2231 1621 2401 1723 des
2451 1613 2795 1729 Héros
2809 1701 2831 1729 .

1105 2333 1841 2469 SCENE
2035 2325 2435 2495 CIN
2481 2327 2921 2511 QJJI
2967 2329 3281 2459 E’M
3341 2331 3479 2461 E.

813 2605 1545 2729 PERSE’E,
1603 2597 1701 2707 fa
1755 2597 2041 2709 Suite
2081 2629 2365 2705 entre
2421 2591 2671 2705 dans
2733 2587 2827 2699 le
2891 2591 3349 2745 Temple
3401 2593 3547 2711 où
3605 2599 3729 2709 eft

1129 2761 1227 2871 la
1265 2763 1635 2873 Statue
1675 2757 1803 2867 de
1861 2751 2247 2883 Pallas,
2283 2767 2393 2871 &
2443 2789 2753 2905 porte
2797 2749 2977 2863 des
3019 2753 3427 2909 prefens

1855 2913 2017 3023 fur
2063 2913 2247 3021 ion
2301 2907 2669 3029 Autel.

1243 3169 1457 3267 UN
1543 3161 2299 3267 MINISTRE
2379 3167 2591 3265 DU
2659 3157 3339 3263 TEMPLE.

819 3391 1103 3683 R
1137 3401 1315 3509 ien
1379 3397 1639 3505 neft
1673 3387 1777 3539 fi
1829 3383 2379 3503 charmant
2405 3431 2599 3551 que
2669 3391 3017 3505 Pallas
3043 3435 3081 3497 :

1103 3545 1519 3717 Jupiter
1567 3557 1751 3713 qui
1803 3551 1907 3661 la
1927 3549 2079 3703 fit
2099 3551 2219 3699 fi
2251 3545 2547 3681 belle,

1451 3717 1695 3827 Prit
1733 3705 2081 3873 platfir
2145 3705 2747 3863 d’affembler
2797 3753 2919 3819 en
2961 3713 3193 3843 elle,

1443 3877 1609 3985 Et
1655 3869 1797 3979 les
1855 3903 2217 3981 vertus
2289 3895 2431 3995 &
2491 3871 2625 3983 les
2675 3901 2993 4031 appas
3017 3957 3049 4001 ,

805 4037 1051 4179 Que
1111 4031 1311 4149 Ion
1379 4039 1615 4149 voit
1639 4027 2101 4193 feparez,
2149 4029 2409 4143 dans
2461 4029 2563 4141 la
2613 4033 3029 4193 'Troupe
3081 4041 3653 4155 immortelle
3675 4095 3707 4169 ;

1465 4201 1625 4313 ha
1685 4231 1995 4349 grâce
2059 4233 2329 4307 avec
2377 4187 2485 4301 la
2543 4195 2975 4349 majefté
3003 4283 3031 4329 ,

1447 4361 1603 4467 Le
1643 4355 2087 4503 fçavoir
2121 4375 2261 4481 &
2317 4353 2425 4465 là
2469 4357 3037 4517 puifiance,

1443 4519 1619 4627 La
1685 4509 2067 4621 valeur
2121 4537 2259 4641 &
2323 4515 2429 4625 la
2477 4517 3045 4675 prudence,

1447 4681 1621 4789 La
1655 4673 1917 4839 fige
1893 4675 2033 4833 fie
2085 4679 2193 4801 tt)
2237 4679 2341 4791 la
2399 4675 2787 4801 beauté.

3317 4847 3717 4955 SCENE
