3854 5610
1824 274 2629 410 MEDUSE,
751 323 894 415 40
1151 1009 1935 1158 SCENE
2103 1008 3323 1167 TOISIE’ME.

979 1281 1823 1414 MEDUSE,
1907 1280 2211 1396 LES
2303 1287 3499 1407 HESPERIDES.

1872 1544 2608 1652 MEDUSE.

761 1765 1141 2063 M
1175 1766 1321 1875 Es
1379 1770 1719 1874 Sœurs
1759 1762 1849 1910 f
1855 1761 2133 1868 aime
2181 1753 2553 1911 Terfi'e
2595 1800 2625 1888 ,
2689 1761 3475 1928 expliquez*-luj
3545 1803 3713 1873 ma

1271 1921 1745 2081 flamme.
1413 2072 1968 2235 Dites-luy
2002 2107 2032 2239 ,
2079 2107 2340 2239 pour
2373 2070 2790 2192 toucher
2795 2086 3000 2242 fin
3036 2133 3270 2204 ame
3296 2175 3338 2221 ,

754 2259 922 2367 Et
976 2274 1206 2363 tout
1262 2284 1366 2352 ce
1422 2282 1616 2402 que
1644 2258 1762 2396 je
1814 2276 1988 2406 put
1996 2283 2104 2365 s,
2152 2233 2266 2359 ft)
2292 2265 2528 2351 tout
2554 2282 2656 2352 ce
2690 2286 2890 2404 que
2894 2252 3256 2410 jefins
3282 2295 3324 2361 :

1074 2401 1532 2566 Joignez*
1586 2404 1690 2514 la
1746 2437 2158 2513 menace
2212 2441 2286 2509 a
2342 2395 2448 2509 la
2496 2398 2888 2563 plainte
2910 2454 2952 2518 :

754 2577 1092 2693 Mais
1130 2608 1406 2679 avec
1448 2604 1602 2674 ces
1660 2556 2104 2716 dtfiours
2178 2557 2588 2671 tendres
2808 2599 3462 2722 menaçants,

752 2722 1471 2880 Donnezj-luj
1510 2720 1675 2834 s'il
1696 2726 1819 2876 fi
1844 2749 2089 2876 peut
2116 2715 2349 2877 plus
2394 2717 2879 2838 d'amour
2902 2770 3097 2888 que
3128 2728 3253 2842 de
3288 2737 3705 2855 crainte.

745 2889 863 3009 Il
901 2899 1209 3005 vient
1245 2924 1283 3014 ,
1349 2892 2093 2996 retirons-nous
2107 2877 2377 3033 fans
2425 2881 2735 3027 forttr
2785 2884 2909 3000 de
2949 2934 3101 3004 ces
3139 2890 3429 3009 lieux
3431 2983 3459 3013 .

749 3053 995 3201 Que
1035 3091 1155 3163 ne
1207 3086 1369 3162 me
1421 3037 2009 3161 trouvent'il
2059 3083 2167 3155 ce
2209 3037 2471 3197 quil
2497 3042 2639 3201 eflt
2675 3044 2747 3160 à
2785 3094 2995 3170 mes
2983 3095 3289 3220 jeux
3315 3067 3363 3173 !

3219 4885 3697 5005 SCENE
