3854 5360
3013 323 3066 433 §

1103 304 2091 411 PROLOGUE.

1408 500 1839 596 IRIS.

424 677 696 778 Vont
738 669 1012 790 allez*
1048 685 1282 789 voir
1318 721 1454 790 un
1463 678 1952 834 fietfacle
1998 668 2446 835 agréable
2478 758 2510 805 ,

225 817 391 937 Où
439 823 521 931 le
561 820 921 972 jaloux
987 836 1395 944 Amour
1449 840 1701 943 dans
1723 833 1923 982 fin
1983 857 2677 991 emportement

224 983 555 1093 Attire
594 982 771 1126 fur
822 979 1277 1135 Aiedufe
1332 1031 1470 1100 un
1506 988 1879 1155 fùplice
1926 980 2431 1143 effroyable

827 1145 1052 1247 Par
1095 1178 1236 1249 un
1283 1114 1692 1256 horrible
1744 1139 2380 1299 changement
2386 1222 2410 1244 .

1305 1357 1931 1465 TIRCIS.

826 1559 1092 1663 Sans
1124 1548 1752 1709 l’amoureufi
1784 1545 2236 1697 tendrejfe

223 1693 515 1843 Quels
515 1690 861 1854 feront
897 1745 1069 1816 nos
1105 1746 1533 1824 concerts
1555 1752 1587 1843 ,
1633 1749 1801 1821 nos
1843 1708 2219 1868 plaifirs
2281 1726 2415 1836 &
2475 1743 2645 1817 nos
2669 1713 2925 1856 jeux
2953 1705 3007 1811 ?

1430 1915 1802 2012 IRIS.

519 2078 840 2188 Nous
871 2082 1407 2238 goûterons
1445 2088 1533 2196 le
1545 2096 1774 2241 firt
1805 2089 1890 2200 le
1937 2088 2160 2244 flus
2209 2085 2699 2208 heureux,

679 2244 941 2344 Sans
956 2238 1373 2385 jaloufie
1438 2264 1577 2366 &
1594 2244 1847 2397 fans
1904 2241 2301 2398 foibleffe
2332 2296 2373 2368 s

230 2384 526 2497 Nous
570 2382 1144 2502 chanterons
1194 2439 1332 2505 un
1386 2410 1592 2556 Roy
1648 2401 1822 2551 qui
1872 2400 2152 2510 borne
2188 2403 2342 2550 fès
2372 2391 2832 2555 fiuhaits

681 2556 802 2659 A
865 2545 1233 2656 donner
1279 2549 1361 2657 le
1409 2554 1721 2662 calme
1763 2553 1832 2662 à
1875 2554 1977 2662 la
2017 2582 2267 2663 terre
2297 2632 2329 2678 ,

676 2703 961 2850 Prefi
1008 2746 1079 2810 a
1134 2705 1515 2857 quitter
1530 2708 1727 2855 fin
1782 2737 2295 2834 tonnerre,

674 2859 796 2963 Si
848 2853 980 2964 les
1020 2865 1450 2968 ennemis
1496 2860 1614 2969 de
1666 2859 1766 2969 la
1813 2872 2066 3020 paix

423 3007 615 3116 Ne
667 3004 753 3114 le
771 3009 1255 3163 forçoient
1291 3057 1363 3123 a
1409 3012 1623 3122 leur
1655 3013 1915 3167 faire
1951 3016 2051 3123 la
2073 3057 2463 3171 guerre*■

1110 3217 1295 3313 LE
1406 3217 2122 3317 CHOEUR.

237 3389 785 3529 Chantons,
819 3399 1291 3523 chantons
1327 3455 1463 3524 un
1497 3428 1707 3571 Roy
1735 3422 1912 3573 qui
1939 3413 2385 3574 bornefis
2389 3421 2845 3579 fiuhaits
2877 3504 2905 3550 ,

678 3572 801 3671 A
840 3559 1211 3674 donner
1256 3565 1343 3675 le
1382 3574 1697 3679 calme
1728 3581 1797 3683 à
1840 3574 1941 3680 la
1982 3604 2229 3685 terre
2258 3630 2301 3698 ;

678 3717 962 3864 Prefi
1010 3716 1078 3824 à
1128 3725 1498 3869 quitter
1510 3728 1710 3873 fin
1764 3755 2216 3835 tonnerre
2248 3809 2280 3852 ,

685 3871 810 3979 Si
861 3865 995 3978 les
1047 3878 1479 3984 ennemis
1543 3872 1663 3985 de
1713 3877 1811 3985 la
1847 3886 2093 4032 paix

444 4011 631 4130 Ne
680 4016 765 4131 le
776 4021 1269 4175 forçoient
1304 4069 1373 4134 a
1416 4024 1629 4139 leur
1642 4031 1909 4183 faire
1946 4030 2045 4140 la
2064 4071 2448 4189 guerre,

711 4333 1001 4450 FIN
1119 4333 1381 4445 DU
1497 4340 2531 4460 PROLOGUE.
