3854 5610
655 330 773 445 r6
1750 309 2556 442 médusé;

1513 565 1586 664 P
1633 562 1706 663 E
1757 563 1848 670 R
1889 566 1944 662 S
1987 562 2083 657 E’
2117 561 2192 658 E
2259 558 2760 655 continue.

991 794 1476 927 Arrêtez*
1524 837 1562 926 »
1615 783 2266 918 arrête&
2315 792 2818 948 craignez*
2855 817 3032 897 ma
3065 774 3444 937 fureur
3448 855 3474 885 .

1735 1042 2554 1146 NEPTUNE.

682 1307 1159 1432 yeux-tu
1234 1270 1787 1403 combattre
1854 1319 1997 1391 un
2060 1281 2355 1397 Dieu
2406 1282 2461 1387 ?
2516 1265 2835 1436 cruelle
2912 1267 3043 1424 efi
3124 1292 3303 1378 ton
3370 1254 3634 1419 info¬

842 1460 927 1573 ie
934 1496 1113 1568 nee
1162 1465 1203 1570 !

1823 1606 1892 1701 P
1933 1603 2006 1700 E
2043 1604 2132 1707 R
2177 1599 2232 1697 S
2269 1595 2482 1699 E’E.

683 1779 960 1894 Non
983 1845 1024 1891 j
1053 1770 1168 1909 je
1213 1797 1265 1833 a
1237 1788 1416 1908 Joy
1479 1791 1652 1862 ma
1690 1742 2124 1904 foiblejfe
2179 1764 2218 1875 ,
2277 1763 2416 1870 &
2443 1752 2567 1891 je
2598 1734 2829 1891 fèns
2879 1760 2995 1844 ta
3043 1737 3523 1897 prejence•

1014 1918 1485 2071 Jidaifire
1534 1907 1707 2021 des
1782 1918 2157 2023 Dieux
2200 1946 2325 2015 ne
2376 1944 2481 2013 m
2516 1889 3223 2014 abandonnez*
3272 1924 3461 2055 pas
3486 1944 3527 2020 s

1344 2075 1791 2227 VangeX
1846 2066 1985 2178 les
2060 2061 2439 2181 Autels
2502 2053 2625 2168 de
2698 2065 2781 2170 P
2784 2052 3045 2165 allais

1345 2237 1510 2346 Et
1557 2233 1662 2342 la
1690 2229 2016 2390 glaire
2063 2224 2182 2339 de
2232 2261 2406 2337 ma
2460 2214 2962 2373 naijfance
2974 2299 2998 2326 .

791 2453 910 2539 Le
971 2438 1166 2531 Ciel
1214 2425 1768 2530 s’obfcurcit,
1805 2427 1868 2517 il
1921 2418 2220 2514 éclaire
2262 2492 2286 2535 ,
2333 2425 2396 2510 il
2437 2446 2748 2526 tonne,
2803 2417 2884 2503 la
2929 2417 3162 2505 Suite
3215 2411 3320 2501 de
3365 2399 3654 2500 Perfée

705 2574 1051 2659 revient.

1567 2765 1636 2864 P
1683 2766 1752 2860 E
1789 2764 1878 2867 R
1913 2766 1968 2860 S
2013 2757 2189 2859 E’E
2285 2748 2787 2850 continue.

1357 3001 1602 3142 Que
1661 2992 1784 3107 de
1809 2994 2158 3155 feux,
2221 3025 2412 3147 que
2461 2976 2924 3095 d'éclairs

1363 3155 1968 3278 S’allument
2032 3150 2291 3267 dans
2340 3145 2479 3256 les
2529 3145 2741 3256 airs
2767 3153 2814 3256 !

1713 3361 1891 3462 LE
1995 3351 2667 3461 CHOEUR.

1364 3506 1605 3656 Que
1662 3502 1785 3614 de
1812 3502 2077 3661 feux
2103 3544 2129 3664 ,
2170 3543 2365 3664 que
2402 3489 2871 3609 d’éclairs

1372 3659 1983 3780 S’allument
2046 3664 2311 3777 dans
2352 3657 2493 3768 les
2546 3655 2761 3765 airs
2766 3735 2793 3760 .

1426 3880 2181 3987 NEPTUNE
2270 3907 2391 3972 en
2436 3870 2629 3966 s’en
2668 3851 2993 3963 allant.

734 4121 1361 4288 Triomphe,
1408 4098 1873 4284 Jupiter,
1920 4112 2323 4268 malgré
2364 4139 2526 4263 toy
2578 4140 2755 4216 ma
2818 4096 3311 4256 Princeffe

740 4352 761 4410 <
760 4351 815 4414 l
814 4308 909 4409 4
948 4331 1237 4404 receu
1288 4282 1429 4398 les
1468 4278 1971 4397 honneurs
2026 4252 2353 4437 offerts
2406 4315 2481 4383 a
2538 4262 2643 4376 la
2707 4257 3047 4416 Deeffe
3050 4343 3077 4375 .
