<?xml version="1.0" encoding="UTF-8" standalone="yes"?>
<PcGts xmlns="http://schema.primaresearch.org/PAGE/gts/pagecontent/2013-07-15" xmlns:xsi="http://www.w3.org/2001/XMLSchema-instance" xsi:schemaLocation="http://schema.primaresearch.org/PAGE/gts/pagecontent/2013-07-15 http://schema.primaresearch.org/PAGE/gts/pagecontent/2013-07-15/pagecontent.xsd">
    <Metadata>
        <Creator></Creator>
        <Created>2019-01-31T09:38:52.223+01:00</Created>
        <LastChange>2019-02-17T14:14:52.798+01:00</LastChange>
        <Comments>
                Measurement unit: pixel
                PrimaryLanguage: English
                Language: FrenchStandard
                Producer: ABBYY FineReader Engine 11</Comments>
        <TranskribusMetadata docId="188203" pageId="7475976" pageNr="38" tsid="13140590" status="DONE" userId="10612" imgUrl="https://files.transkribus.eu/Get?id=LLHNJWIUMMJJIZLKDQGHPHHB&amp;fileType=view" xmlUrl="https://files.transkribus.eu/Get?id=GGHGAFYNLPFCGUXKFYIFEFSM" imageId="2612567"/>
    </Metadata>
    <Page imageFilename="Boyer1697_Meduse_cb30152139c_corrected_0038.png" imageWidth="3854" imageHeight="5610">
        <PrintSpace>
            <Coords points="707,315 3690,310 3690,4882 707,4887"/>
        </PrintSpace>
        <ReadingOrder>
            <OrderedGroup id="ro_1604224911586" caption="Regions reading order">
                <RegionRefIndexed index="0" regionRef="r_1_1"/>
                <RegionRefIndexed index="1" regionRef="r_1_2"/>
                <RegionRefIndexed index="2" regionRef="r_1_3"/>
                <RegionRefIndexed index="3" regionRef="r_1_4"/>
                <RegionRefIndexed index="4" regionRef="r_1_5"/>
                <RegionRefIndexed index="5" regionRef="r_1_6"/>
                <RegionRefIndexed index="6" regionRef="r_1_7"/>
                <RegionRefIndexed index="7" regionRef="r_1_8"/>
                <RegionRefIndexed index="8" regionRef="r_1_9"/>
                <RegionRefIndexed index="9" regionRef="r_1_10"/>
                <RegionRefIndexed index="10" regionRef="r_1_11"/>
                <RegionRefIndexed index="11" regionRef="r_1_12"/>
                <RegionRefIndexed index="12" regionRef="r_1_13"/>
                <RegionRefIndexed index="13" regionRef="r_1_14"/>
                <RegionRefIndexed index="14" regionRef="r_1_15"/>
                <RegionRefIndexed index="15" regionRef="r_1_16"/>
                <RegionRefIndexed index="16" regionRef="r_2_1"/>
            </OrderedGroup>
        </ReadingOrder>
        <TextRegion type="paragraph" id="r_1_1" custom="readingOrder {index:0;}">
            <Coords points="751,331 2643,331 2643,477 751,477"/>
            <TextLine id="tl_1" primaryLanguage="English" custom="readingOrder {index:0;}">
                <Coords points="752,332 2642,332 2642,476 752,476"/>
                <Baseline points="752,470 862,458 2642,474"/>
                <Word id="w_w2aab1b1b2b1b1ab1" language="English" custom="readingOrder {index:0;}">
                    <Coords points="752,374 862,374 862,470 752,470"/>
                    <TextEquiv>
                        <Unicode>z§</Unicode>
                    </TextEquiv>
                    <TextStyle fontFamily="Times New Roman" fontSize="11.0" bold="true"/>
                </Word>
                <Word id="w_w2aab1b1b2b1b1ab7" language="English" custom="readingOrder {index:1;}">
                    <Coords points="1844,337 2642,337 2642,474 1844,474"/>
                    <TextEquiv>
                        <Unicode>MEDUSE;</Unicode>
                    </TextEquiv>
                    <TextStyle fontFamily="Times New Roman" fontSize="11.0" bold="true"/>
                </Word>
                <TextEquiv>
                    <Unicode>36 MEDUSE;</Unicode>
                </TextEquiv>
                <TextStyle fontFamily="Times New Roman" fontSize="11.0" bold="true"/>
            </TextLine>
            <TextEquiv>
                <Unicode>36 MEDUSE;</Unicode>
            </TextEquiv>
        </TextRegion>
        <TextRegion type="paragraph" id="r_1_2" custom="readingOrder {index:1;}">
            <Coords points="1398,485 3091,485 3091,662 1398,662"/>
            <TextLine id="tl_2" primaryLanguage="English" custom="readingOrder {index:0;}">
                <Coords points="1399,486 3090,486 3090,661 1399,661"/>
                <Baseline points="1399,614 1625,613 1827,605 2147,610 2325,627 2669,610 2928,650 3089,621"/>
                <Word id="w_w2aab1b1b2b3b1ab1" language="English" custom="readingOrder {index:0;}">
                    <Coords points="1399,506 1625,506 1625,614 1399,614"/>
                    <TextEquiv>
                        <Unicode>Par</Unicode>
                    </TextEquiv>
                    <TextStyle fontFamily="Times New Roman" fontSize="10.0" italic="true"/>
                </Word>
                <Word id="w_w2aab1b1b2b3b1ab9" language="English" custom="readingOrder {index:1;}">
                    <Coords points="1679,535 1827,535 1827,609 1679,609"/>
                    <TextEquiv>
                        <Unicode>un</Unicode>
                    </TextEquiv>
                    <TextStyle fontFamily="Times New Roman" fontSize="10.0" italic="true"/>
                </Word>
                <Word id="w_w2aab1b1b2b3b1ac15" language="English" custom="readingOrder {index:2;}">
                    <Coords points="1871,503 2147,503 2147,610 1871,610"/>
                    <TextEquiv>
                        <Unicode>doux</Unicode>
                    </TextEquiv>
                    <TextStyle fontFamily="Times New Roman" fontSize="10.0" italic="true"/>
                </Word>
                <Word id="w_w2aab1b1b2b3b1ac25" language="English" custom="readingOrder {index:3;}">
                    <Coords points="2185,524 2325,524 2325,627 2185,627"/>
                    <TextEquiv>
                        <Unicode>&amp;</Unicode>
                    </TextEquiv>
                    <TextStyle fontFamily="Times New Roman" fontSize="10.0" italic="true"/>
                </Word>
                <Word id="w_w2aab1b1b2b3b1ac29" language="English" custom="readingOrder {index:4;}">
                    <Coords points="2331,503 2669,503 2669,655 2331,655"/>
                    <TextEquiv>
                        <Unicode>fecret</Unicode>
                    </TextEquiv>
                    <TextStyle fontFamily="Times New Roman" fontSize="10.0" italic="true"/>
                </Word>
                <Word id="w_w2aab1b1b2b3b1ac43" language="English" custom="readingOrder {index:5;}">
                    <Coords points="2691,490 3029,490 3029,660 2691,660"/>
                    <TextEquiv>
                        <Unicode>poifbn</Unicode>
                    </TextEquiv>
                    <TextStyle fontFamily="Times New Roman" fontSize="10.0" italic="true"/>
                </Word>
                <Word id="w_w2aab1b1b2b3b1b1b1" language="English" custom="readingOrder {index:6;}">
                    <Coords points="3059,573 3089,573 3089,621 3059,621"/>
                    <TextEquiv>
                        <Unicode>,</Unicode>
                    </TextEquiv>
                    <TextStyle fontFamily="Times New Roman" fontSize="10.0" bold="true"/>
                </Word>
                <TextEquiv>
                    <Unicode>Par un doux &amp; ſecret poiſon,</Unicode>
                </TextEquiv>
            </TextLine>
            <TextEquiv>
                <Unicode>Par un doux &amp; ſecret poiſon,</Unicode>
            </TextEquiv>
        </TextRegion>
        <TextRegion type="paragraph" id="r_1_3" custom="readingOrder {index:2;}">
            <Coords points="742,641 3436,641 3436,827 742,827"/>
            <TextLine id="tl_3" primaryLanguage="English" custom="readingOrder {index:0;}">
                <Coords points="743,642 3435,642 3435,826 743,826"/>
                <Baseline points="743,776 873,776 1059,773 1613,773 1997,774 2137,770 2467,771 2597,811 2789,770 2903,814 3367,764 3435,762"/>
                <Word id="w_w2aab1b1b2b5b1ab1" language="English" custom="readingOrder {index:0;}">
                    <Coords points="743,668 873,668 873,776 743,776"/>
                    <TextEquiv>
                        <Unicode>A</Unicode>
                    </TextEquiv>
                    <TextStyle fontFamily="Times New Roman" fontSize="10.0" italic="true"/>
                </Word>
                <Word id="w_w2aab1b1b2b5b1ab5" language="English" custom="readingOrder {index:1;}">
                    <Coords points="939,659 1059,659 1059,773 939,773"/>
                    <TextEquiv>
                        <Unicode>de</Unicode>
                    </TextEquiv>
                    <TextStyle fontFamily="Times New Roman" fontSize="10.0" italic="true"/>
                </Word>
                <Word id="w_w2aab1b1b2b5b1ac11" language="English" custom="readingOrder {index:2;}">
                    <Coords points="1099,658 1613,658 1613,773 1099,773"/>
                    <TextEquiv>
                        <Unicode>moindres</Unicode>
                    </TextEquiv>
                    <TextStyle fontFamily="Times New Roman" fontSize="10.0" italic="true"/>
                </Word>
                <Word id="w_w2aab1b1b2b5b1ac29" language="English" custom="readingOrder {index:3;}">
                    <Coords points="1677,691 1997,691 1997,821 1677,821"/>
                    <TextEquiv>
                        <Unicode>appas</Unicode>
                    </TextEquiv>
                    <TextStyle fontFamily="Times New Roman" fontSize="10.0" italic="true"/>
                </Word>
                <Word id="w_w2aab1b1b2b5b1ac41" language="English" custom="readingOrder {index:4;}">
                    <Coords points="2049,654 2137,654 2137,770 2049,770"/>
                    <TextEquiv>
                        <Unicode>le</Unicode>
                    </TextEquiv>
                    <TextStyle fontFamily="Times New Roman" fontSize="10.0" italic="true"/>
                </Word>
                <Word id="w_w2aab1b1b2b5b1ac47" language="English" custom="readingOrder {index:5;}">
                    <Coords points="2195,699 2467,699 2467,771 2195,771"/>
                    <TextEquiv>
                        <Unicode>cœur</Unicode>
                    </TextEquiv>
                    <TextStyle fontFamily="Times New Roman" fontSize="10.0" italic="true"/>
                </Word>
                <Word id="w_w2aab1b1b2b5b1ac57" language="English" custom="readingOrder {index:6;}">
                    <Coords points="2477,657 2597,657 2597,811 2477,811"/>
                    <TextEquiv>
                        <Unicode>fi</Unicode>
                    </TextEquiv>
                    <TextStyle fontFamily="Times New Roman" fontSize="10.0" italic="true"/>
                </Word>
                <Word id="w_w2aab1b1b2b5b1ac63" language="English" custom="readingOrder {index:7;}">
                    <Coords points="2641,658 2789,658 2789,770 2641,770"/>
                    <TextEquiv>
                        <Unicode>lai</Unicode>
                    </TextEquiv>
                    <TextStyle fontFamily="Times New Roman" fontSize="10.0" italic="true"/>
                </Word>
                <Word id="w_w2aab1b1b2b5b1ac71" language="English" custom="readingOrder {index:8;}">
                    <Coords points="2779,658 2903,658 2903,814 2779,814"/>
                    <TextEquiv>
                        <Unicode>fi</Unicode>
                    </TextEquiv>
                    <TextStyle fontFamily="Times New Roman" fontSize="10.0" italic="true"/>
                </Word>
                <Word id="w_w2aab1b1b2b5b1ac77" language="English" custom="readingOrder {index:9;}">
                    <Coords points="2937,649 3367,649 3367,819 2937,819"/>
                    <TextEquiv>
                        <Unicode>prendre</Unicode>
                    </TextEquiv>
                    <TextStyle fontFamily="Times New Roman" fontSize="10.0" italic="true"/>
                </Word>
                <Word id="w_w2aab1b1b2b5b1ac93" language="English" custom="readingOrder {index:10;}">
                    <Coords points="3397,698 3435,698 3435,762 3397,762"/>
                    <TextEquiv>
                        <Unicode>:</Unicode>
                    </TextEquiv>
                    <TextStyle fontFamily="Times New Roman" fontSize="10.0" italic="true"/>
                </Word>
                <TextEquiv>
                    <Unicode>A de moindres appas le cœur ſe laiſſe prendre:</Unicode>
                </TextEquiv>
                <TextStyle fontFamily="Times New Roman" fontSize="10.0" italic="true"/>
            </TextLine>
            <TextEquiv>
                <Unicode>A de moindres appas le cœur ſe laiſſe prendre:</Unicode>
            </TextEquiv>
        </TextRegion>
        <TextRegion type="paragraph" id="r_1_4" custom="readingOrder {index:3;}">
            <Coords points="743,793 3493,793 3493,1153 743,1153"/>
            <TextLine id="tl_4" primaryLanguage="English" custom="readingOrder {index:0;}">
                <Coords points="1392,794 3343,794 3343,982 1392,982"/>
                <Baseline points="1392,934 1561,932 1961,930 2463,937 2703,932 3011,925 3343,884"/>
                <Word id="w_w2aab1b1b2b7b1ab1" language="English" custom="readingOrder {index:0;}">
                    <Coords points="1392,828 1561,828 1561,934 1392,934"/>
                    <TextEquiv>
                        <Unicode>La</Unicode>
                    </TextEquiv>
                    <TextStyle fontFamily="Times New Roman" fontSize="10.0" italic="true"/>
                </Word>
                <Word id="w_w2aab1b1b2b7b1ab7" language="English" custom="readingOrder {index:1;}">
                    <Coords points="1624,827 1961,827 1961,969 1624,969"/>
                    <TextEquiv>
                        <Unicode>raifon</Unicode>
                    </TextEquiv>
                    <TextStyle fontFamily="Times New Roman" fontSize="10.0" italic="true"/>
                </Word>
                <Word id="w_w2aab1b1b2b7b1ac21" language="English" custom="readingOrder {index:2;}">
                    <Coords points="2004,825 2463,825 2463,978 2004,978"/>
                    <TextEquiv>
                        <Unicode>pourroit</Unicode>
                    </TextEquiv>
                    <TextStyle fontFamily="Times New Roman" fontSize="10.0" italic="true"/>
                </Word>
                <Word id="w_w2aab1b1b2b7b1ac39" language="English" custom="readingOrder {index:3;}">
                    <Coords points="2506,815 2703,815 2703,932 2506,932"/>
                    <TextEquiv>
                        <Unicode>l'en</Unicode>
                    </TextEquiv>
                    <TextStyle fontFamily="Times New Roman" fontSize="10.0" italic="true"/>
                </Word>
                <Word id="w_w2aab1b1b2b7b1ac49" language="English" custom="readingOrder {index:4;}">
                    <Coords points="2762,798 3269,798 3269,980 2762,980"/>
                    <TextEquiv>
                        <Unicode>deffendre</Unicode>
                    </TextEquiv>
                    <TextStyle fontFamily="Times New Roman" fontSize="10.0" italic="true"/>
                </Word>
                <Word id="w_w2aab1b1b2b7b1b1b3" language="English" custom="readingOrder {index:5;}">
                    <Coords points="3298,867 3343,867 3343,939 3298,939"/>
                    <TextEquiv>
                        <Unicode>,*</Unicode>
                    </TextEquiv>
                    <TextStyle fontFamily="Times New Roman" fontSize="10.0" bold="true"/>
                </Word>
                <TextEquiv>
                    <Unicode>La raiſon pourroit l'en deffendre;</Unicode>
                </TextEquiv>
            </TextLine>
            <TextLine id="tl_5" primaryLanguage="English" custom="readingOrder {index:1;}">
                <Coords points="744,962 3492,962 3492,1152 744,1152"/>
                <Baseline points="744,1103 1078,1095 1252,1094 1430,1092 1748,1095 1972,1094 2294,1097 2672,1098 2916,1094 3066,1089 3492,1086"/>
                <Word id="w_w2aab1b1b2b7b3ab1" language="English" custom="readingOrder {index:0;}">
                    <Coords points="744,989 1078,989 1078,1103 744,1103"/>
                    <TextEquiv>
                        <Unicode>Mais</Unicode>
                    </TextEquiv>
                    <TextStyle fontFamily="Times New Roman" fontSize="10.0" italic="true"/>
                </Word>
                <Word id="w_w2aab1b1b2b7b3ac11" language="English" custom="readingOrder {index:1;}">
                    <Coords points="1126,1021 1252,1021 1252,1095 1126,1095"/>
                    <TextEquiv>
                        <Unicode>on</Unicode>
                    </TextEquiv>
                    <TextStyle fontFamily="Times New Roman" fontSize="10.0" italic="true"/>
                </Word>
                <Word id="w_w2aab1b1b2b7b3ac17" language="English" custom="readingOrder {index:2;}">
                    <Coords points="1308,1020 1430,1020 1430,1092 1308,1092"/>
                    <TextEquiv>
                        <Unicode>en</Unicode>
                    </TextEquiv>
                    <TextStyle fontFamily="Times New Roman" fontSize="10.0" italic="true"/>
                </Word>
                <Word id="w_w2aab1b1b2b7b3ac23" language="English" custom="readingOrder {index:3;}">
                    <Coords points="1490,985 1748,985 1748,1095 1490,1095"/>
                    <TextEquiv>
                        <Unicode>croit</Unicode>
                    </TextEquiv>
                    <TextStyle fontFamily="Times New Roman" fontSize="10.0" italic="true"/>
                </Word>
                <Word id="w_w2aab1b1b2b7b3ac35" language="English" custom="readingOrder {index:4;}">
                    <Coords points="1762,981 1972,981 1972,1141 1762,1141"/>
                    <TextEquiv>
                        <Unicode>fin</Unicode>
                    </TextEquiv>
                    <TextStyle fontFamily="Times New Roman" fontSize="10.0" italic="true"/>
                </Word>
                <Word id="w_w2aab1b1b2b7b3ac43" language="English" custom="readingOrder {index:5;}">
                    <Coords points="2020,1024 2294,1024 2294,1098 2020,1098"/>
                    <TextEquiv>
                        <Unicode>cœur</Unicode>
                    </TextEquiv>
                    <TextStyle fontFamily="Times New Roman" fontSize="10.0" italic="true"/>
                </Word>
                <Word id="w_w2aab1b1b2b7b3ac53" language="English" custom="readingOrder {index:6;}">
                    <Coords points="2330,979 2672,979 2672,1149 2330,1149"/>
                    <TextEquiv>
                        <Unicode>plutôt</Unicode>
                    </TextEquiv>
                    <TextStyle fontFamily="Times New Roman" fontSize="10.0" italic="true"/>
                </Word>
                <Word id="w_w2aab1b1b2b7b3ac67" language="English" custom="readingOrder {index:7;}">
                    <Coords points="2722,1024 2916,1024 2916,1146 2722,1146"/>
                    <TextEquiv>
                        <Unicode>que</Unicode>
                    </TextEquiv>
                    <TextStyle fontFamily="Times New Roman" fontSize="10.0" italic="true"/>
                </Word>
                <Word id="w_w2aab1b1b2b7b3ac75" language="English" custom="readingOrder {index:8;}">
                    <Coords points="2924,980 3066,980 3066,1141 2924,1141"/>
                    <TextEquiv>
                        <Unicode>fit</Unicode>
                    </TextEquiv>
                    <TextStyle fontFamily="Times New Roman" fontSize="10.0" italic="true"/>
                </Word>
                <Word id="w_w2aab1b1b2b7b3ac83" language="English" custom="readingOrder {index:9;}">
                    <Coords points="3126,969 3492,969 3492,1130 3126,1130"/>
                    <TextEquiv>
                        <Unicode>raifion.</Unicode>
                    </TextEquiv>
                    <TextStyle fontFamily="Times New Roman" fontSize="10.0" italic="true"/>
                </Word>
                <TextEquiv>
                    <Unicode>Mais on en croit ſon cœur plutôt que ſa raiſon.</Unicode>
                </TextEquiv>
                <TextStyle fontFamily="Times New Roman" fontSize="10.0" italic="true"/>
            </TextLine>
            <TextEquiv>
                <Unicode>La raiſon pourroit l'en deffendre;
Mais on en croit ſon cœur plutôt que ſa raiſon.</Unicode>
            </TextEquiv>
        </TextRegion>
        <TextRegion type="paragraph" id="r_1_5" custom="readingOrder {index:4;}">
            <Coords points="1874,1234 2582,1234 2582,1338 1874,1338"/>
            <TextLine id="tl_6" primaryLanguage="English" custom="readingOrder {index:0;}">
                <Coords points="1875,1235 2581,1235 2581,1337 1875,1337"/>
                <Baseline points="1875,1334 2581,1335"/>
                <Word id="w_w2aab1b1b2b9b1ab1" language="English" custom="readingOrder {index:0;}">
                    <Coords points="1875,1235 2581,1235 2581,1337 1875,1337"/>
                    <TextEquiv>
                        <Unicode>MEDUSE.</Unicode>
                    </TextEquiv>
                    <TextStyle fontFamily="Times New Roman" fontSize="11.0" bold="true"/>
                </Word>
                <TextEquiv>
                    <Unicode>MEDUSE.</Unicode>
                </TextEquiv>
                <TextStyle fontFamily="Times New Roman" fontSize="11.0" bold="true"/>
            </TextLine>
            <TextEquiv>
                <Unicode>MEDUSE.</Unicode>
            </TextEquiv>
        </TextRegion>
        <TextRegion type="paragraph" id="r_1_6" custom="readingOrder {index:5;}">
            <Coords points="1059,1460 3188,1460 3188,1638 1059,1638"/>
            <TextLine id="tl_7" primaryLanguage="English" custom="readingOrder {index:0;}">
                <Coords points="1060,1461 3187,1461 3187,1637 1060,1637"/>
                <Baseline points="1060,1587 1327,1584 1467,1582 2035,1634 2345,1583 3187,1593"/>
                <Word id="w_w2aab1b1b2c11b1ab1" language="English" custom="readingOrder {index:0;}">
                    <Coords points="1060,1461 1327,1461 1327,1587 1060,1587"/>
                    <TextEquiv>
                        <Unicode>Ah!</Unicode>
                    </TextEquiv>
                    <TextStyle fontFamily="Times New Roman" fontSize="10.0" italic="true"/>
                </Word>
                <Word id="w_w2aab1b1b2c11b1ab9" language="English" custom="readingOrder {index:1;}">
                    <Coords points="1344,1482 1467,1482 1467,1624 1344,1624"/>
                    <TextEquiv>
                        <Unicode>je</Unicode>
                    </TextEquiv>
                    <TextStyle fontFamily="Times New Roman" fontSize="10.0" italic="true"/>
                </Word>
                <Word id="w_w2aab1b1b2c11b1ac15" language="English" custom="readingOrder {index:2;}">
                    <Coords points="1516,1471 2035,1471 2035,1634 1516,1634"/>
                    <TextEquiv>
                        <Unicode>vaincray</Unicode>
                    </TextEquiv>
                    <TextStyle fontFamily="Times New Roman" fontSize="10.0" italic="true"/>
                </Word>
                <Word id="w_w2aab1b1b2c11b1ac33" language="English" custom="readingOrder {index:3;}">
                    <Coords points="2092,1500 2345,1500 2345,1587 2092,1587"/>
                    <TextEquiv>
                        <Unicode>cette</Unicode>
                    </TextEquiv>
                    <TextStyle fontFamily="Times New Roman" fontSize="10.0" italic="true"/>
                </Word>
                <Word id="w_w2aab1b1b2c11b1ac45" language="English" custom="readingOrder {index:4;}">
                    <Coords points="2384,1465 3187,1465 3187,1626 2384,1626"/>
                    <TextEquiv>
                        <Unicode>heaute'fatale,</Unicode>
                    </TextEquiv>
                    <TextStyle fontFamily="Times New Roman" fontSize="10.0" italic="true"/>
                </Word>
                <TextEquiv>
                    <Unicode>Ah! je vaincray cette beauté fatale,</Unicode>
                </TextEquiv>
                <TextStyle fontFamily="Times New Roman" fontSize="10.0" italic="true"/>
            </TextLine>
            <TextEquiv>
                <Unicode>Ah! je vaincray cette beauté fatale,</Unicode>
            </TextEquiv>
        </TextRegion>
        <TextRegion type="paragraph" id="r_1_7" custom="readingOrder {index:6;}">
            <Coords points="1059,1622 3333,1622 3333,1798 1059,1798"/>
            <TextLine id="tl_8" primaryLanguage="English" custom="readingOrder {index:0;}">
                <Coords points="1060,1623 3332,1623 3332,1797 1060,1797"/>
                <Baseline points="1060,1775 1292,1746 1640,1741 1814,1743 2142,1746 2378,1747 2816,1742 3260,1739 3332,1733"/>
                <Word id="w_w2aab1b1b2c13b1ab1" language="English" custom="readingOrder {index:0;}">
                    <Coords points="1060,1637 1292,1637 1292,1775 1060,1775"/>
                    <TextEquiv>
                        <Unicode>Qui</Unicode>
                    </TextEquiv>
                    <TextStyle fontFamily="Times New Roman" fontSize="10.0" italic="true"/>
                </Word>
                <Word id="w_w2aab1b1b2c13b1ab9" language="English" custom="readingOrder {index:1;}">
                    <Coords points="1342,1624 1640,1624 1640,1746 1342,1746"/>
                    <TextEquiv>
                        <Unicode>m'ôte</Unicode>
                    </TextEquiv>
                    <TextStyle fontFamily="Times New Roman" fontSize="10.0" italic="true"/>
                </Word>
                <Word id="w_w2aab1b1b2c13b1ac21" language="English" custom="readingOrder {index:2;}">
                    <Coords points="1672,1675 1814,1675 1814,1743 1672,1743"/>
                    <TextEquiv>
                        <Unicode>un</Unicode>
                    </TextEquiv>
                    <TextStyle fontFamily="Times New Roman" fontSize="10.0" italic="true"/>
                </Word>
                <Word id="w_w2aab1b1b2c13b1ac27" language="English" custom="readingOrder {index:3;}">
                    <Coords points="1868,1675 2142,1675 2142,1746 1868,1746"/>
                    <TextEquiv>
                        <Unicode>cœur</Unicode>
                    </TextEquiv>
                    <TextStyle fontFamily="Times New Roman" fontSize="10.0" italic="true"/>
                </Word>
                <Word id="w_w2aab1b1b2c13b1ac37" language="English" custom="readingOrder {index:4;}">
                    <Coords points="2194,1637 2378,1637 2378,1794 2194,1794"/>
                    <TextEquiv>
                        <Unicode>qui</Unicode>
                    </TextEquiv>
                    <TextStyle fontFamily="Times New Roman" fontSize="10.0" italic="true"/>
                </Word>
                <Word id="w_w2aab1b1b2c13b1ac45" language="English" custom="readingOrder {index:5;}">
                    <Coords points="2430,1633 2816,1633 2816,1748 2430,1748"/>
                    <TextEquiv>
                        <Unicode>métoit</Unicode>
                    </TextEquiv>
                    <TextStyle fontFamily="Times New Roman" fontSize="10.0" italic="true"/>
                </Word>
                <Word id="w_w2aab1b1b2c13b1ac59" language="English" custom="readingOrder {index:6;}">
                    <Coords points="2864,1630 3260,1630 3260,1785 2864,1785"/>
                    <TextEquiv>
                        <Unicode>referme</Unicode>
                    </TextEquiv>
                    <TextStyle fontFamily="Times New Roman" fontSize="10.0" italic="true"/>
                </Word>
                <Word id="w_w2aab1b1b2c13b1ac75" language="English" custom="readingOrder {index:7;}">
                    <Coords points="3296,1673 3332,1673 3332,1733 3296,1733"/>
                    <TextEquiv>
                        <Unicode>:</Unicode>
                    </TextEquiv>
                    <TextStyle fontFamily="Times New Roman" fontSize="10.0" italic="true"/>
                </Word>
                <TextEquiv>
                    <Unicode>Qui m'ôte un cœur qui m'étoit reſervé:</Unicode>
                </TextEquiv>
                <TextStyle fontFamily="Times New Roman" fontSize="10.0" italic="true"/>
            </TextLine>
            <TextEquiv>
                <Unicode>Qui m'ôte un cœur qui m'étoit reſervé:</Unicode>
            </TextEquiv>
        </TextRegion>
        <TextRegion type="paragraph" id="r_1_8" custom="readingOrder {index:7;}">
            <Coords points="738,1779 3341,1779 3341,2121 738,2121"/>
            <TextLine id="tl_9" primaryLanguage="English" custom="readingOrder {index:0;}">
                <Coords points="739,1780 3340,1780 3340,1956 739,1956"/>
                <Baseline points="740,1910 866,1906 1294,1904 1478,1906 2054,1908 2568,1903 2812,1900 3174,1903 3340,1924"/>
                <Word id="w_w2aab1b1b2c15b1ab1" language="English" custom="readingOrder {index:0;}">
                    <Coords points="740,1798 866,1798 866,1910 740,1910"/>
                    <TextEquiv>
                        <Unicode>Si</Unicode>
                    </TextEquiv>
                    <TextStyle fontFamily="Times New Roman" fontSize="10.0" italic="true"/>
                </Word>
                <Word id="w_w2aab1b1b2c15b1ab7" language="English" custom="readingOrder {index:1;}">
                    <Coords points="930,1793 1294,1793 1294,1947 930,1947"/>
                    <TextEquiv>
                        <Unicode>Perfide</Unicode>
                    </TextEquiv>
                    <TextStyle fontFamily="Times New Roman" fontSize="10.0" italic="true"/>
                </Word>
                <Word id="w_w2aab1b1b2c15b1ac23" language="English" custom="readingOrder {index:2;}">
                    <Coords points="1338,1794 1478,1794 1478,1950 1338,1950"/>
                    <TextEquiv>
                        <Unicode>eft</Unicode>
                    </TextEquiv>
                    <TextStyle fontFamily="Times New Roman" fontSize="10.0" italic="true"/>
                </Word>
                <Word id="w_w2aab1b1b2c15b1ac31" language="English" custom="readingOrder {index:3;}">
                    <Coords points="1532,1797 2054,1797 2054,1908 1532,1908"/>
                    <TextEquiv>
                        <Unicode>contraint</Unicode>
                    </TextEquiv>
                    <TextStyle fontFamily="Times New Roman" fontSize="10.0" italic="true"/>
                </Word>
                <Word id="w_w2aab1b1b2c15b1ac51" language="English" custom="readingOrder {index:4;}">
                    <Coords points="2098,1792 2568,1792 2568,1907 2098,1907"/>
                    <TextEquiv>
                        <Unicode>d'adorer</Unicode>
                    </TextEquiv>
                    <TextStyle fontFamily="Times New Roman" fontSize="10.0" italic="true"/>
                </Word>
                <Word id="w_w2aab1b1b2c15b1ac69" language="English" custom="readingOrder {index:5;}">
                    <Coords points="2636,1832 2812,1832 2812,1906 2636,1906"/>
                    <TextEquiv>
                        <Unicode>ma</Unicode>
                    </TextEquiv>
                    <TextStyle fontFamily="Times New Roman" fontSize="10.0" italic="true"/>
                </Word>
                <Word id="w_w2aab1b1b2c15b1ac75" language="English" custom="readingOrder {index:6;}">
                    <Coords points="2890,1787 3272,1787 3272,1908 2890,1908"/>
                    <TextEquiv>
                        <Unicode>Rivale</Unicode>
                    </TextEquiv>
                    <TextStyle fontFamily="Times New Roman" fontSize="10.0" italic="true"/>
                </Word>
                <Word id="w_w2aab1b1b2c15b1b1b1" language="English" custom="readingOrder {index:7;}">
                    <Coords points="3306,1875 3340,1875 3340,1924 3306,1924"/>
                    <TextEquiv>
                        <Unicode>,</Unicode>
                    </TextEquiv>
                    <TextStyle fontFamily="Times New Roman" fontSize="10.0" bold="true"/>
                </Word>
                <TextEquiv>
                    <Unicode>Si Perfide eſt contraint d'adorer ma Rivale,</Unicode>
                </TextEquiv>
            </TextLine>
            <TextLine id="tl_10" primaryLanguage="English" custom="readingOrder {index:1;}">
                <Coords points="739,1944 2955,1944 2955,2120 739,2120"/>
                <Baseline points="739,2068 1225,2068 1411,2064 1765,2063 1997,2062 2219,2062 2521,2063 2955,2058"/>
                <Word id="w_w2aab1b1b2c15b3ab1" language="English" custom="readingOrder {index:0;}">
                    <Coords points="739,1951 1225,1951 1225,2109 739,2109"/>
                    <TextEquiv>
                        <Unicode>Perijfent</Unicode>
                    </TextEquiv>
                    <TextStyle fontFamily="Times New Roman" fontSize="10.0" italic="true"/>
                </Word>
                <Word id="w_w2aab1b1b2c15b3ac21" language="English" custom="readingOrder {index:1;}">
                    <Coords points="1271,1950 1411,1950 1411,2066 1271,2066"/>
                    <TextEquiv>
                        <Unicode>les</Unicode>
                    </TextEquiv>
                    <TextStyle fontFamily="Times New Roman" fontSize="10.0" italic="true"/>
                </Word>
                <Word id="w_w2aab1b1b2c15b3ac29" language="English" custom="readingOrder {index:2;}">
                    <Coords points="1449,1983 1765,1983 1765,2117 1449,2117"/>
                    <TextEquiv>
                        <Unicode>appas</Unicode>
                    </TextEquiv>
                    <TextStyle fontFamily="Times New Roman" fontSize="10.0" italic="true"/>
                </Word>
                <Word id="w_w2aab1b1b2c15b3ac41" language="English" custom="readingOrder {index:3;}">
                    <Coords points="1813,1956 1997,1956 1997,2113 1813,2113"/>
                    <TextEquiv>
                        <Unicode>qui</Unicode>
                    </TextEquiv>
                    <TextStyle fontFamily="Times New Roman" fontSize="10.0" italic="true"/>
                </Word>
                <Word id="w_w2aab1b1b2c15b3ac49" language="English" custom="readingOrder {index:4;}">
                    <Coords points="2061,1996 2219,1996 2219,2066 2061,2066"/>
                    <TextEquiv>
                        <Unicode>me</Unicode>
                    </TextEquiv>
                    <TextStyle fontFamily="Times New Roman" fontSize="10.0" italic="true"/>
                </Word>
                <Word id="w_w2aab1b1b2c15b3ac55" language="English" custom="readingOrder {index:5;}">
                    <Coords points="2273,1952 2521,1952 2521,2065 2273,2065"/>
                    <TextEquiv>
                        <Unicode>l'ont</Unicode>
                    </TextEquiv>
                    <TextStyle fontFamily="Times New Roman" fontSize="10.0" italic="true"/>
                </Word>
                <Word id="w_w2aab1b1b2c15b3ac67" language="English" custom="readingOrder {index:6;}">
                    <Coords points="2559,1950 2955,1950 2955,2066 2559,2066"/>
                    <TextEquiv>
                        <Unicode>enlevé.</Unicode>
                    </TextEquiv>
                    <TextStyle fontFamily="Times New Roman" fontSize="10.0" italic="true"/>
                </Word>
                <TextEquiv>
                    <Unicode>Periſſent les appas qui me l'ont enlevé.</Unicode>
                </TextEquiv>
                <TextStyle fontFamily="Times New Roman" fontSize="10.0" italic="true"/>
            </TextLine>
            <TextEquiv>
                <Unicode>Si Perfide eſt contraint d'adorer ma Rivale,
Periſſent les appas qui me l'ont enlevé.</Unicode>
            </TextEquiv>
        </TextRegion>
        <TextRegion type="paragraph" id="r_1_9" custom="readingOrder {index:8;}">
            <Coords points="1395,2195 3018,2195 3018,2330 1395,2330"/>
            <TextLine id="tl_11" primaryLanguage="English" custom="readingOrder {index:0;}">
                <Coords points="1396,2196 3017,2196 3017,2329 1396,2329"/>
                <Baseline points="1396,2304 2132,2326 3017,2303"/>
                <Word id="w_w2aab1b1b2c17b1ab1" language="English" custom="readingOrder {index:0;}">
                    <Coords points="1396,2202 2132,2202 2132,2326 1396,2326"/>
                    <TextEquiv>
                        <Unicode>ORPHISE,</Unicode>
                    </TextEquiv>
                    <TextStyle fontFamily="Times New Roman" fontSize="11.0" bold="true"/>
                </Word>
                <Word id="w_w2aab1b1b2c17b1ac19" language="English" custom="readingOrder {index:1;}">
                    <Coords points="2206,2199 3017,2199 3017,2310 2206,2310"/>
                    <TextEquiv>
                        <Unicode>MELANTE.</Unicode>
                    </TextEquiv>
                    <TextStyle fontFamily="Times New Roman" fontSize="11.0" bold="true"/>
                </Word>
                <TextEquiv>
                    <Unicode>ORPHISE, MELANTE.</Unicode>
                </TextEquiv>
                <TextStyle fontFamily="Times New Roman" fontSize="11.0" bold="true"/>
            </TextLine>
            <TextEquiv>
                <Unicode>ORPHISE, MELANTE.</Unicode>
            </TextEquiv>
        </TextRegion>
        <TextRegion type="paragraph" id="r_1_10" custom="readingOrder {index:9;}">
            <Coords points="733,2419 3443,2419 3443,3081 733,3081"/>
            <TextLine id="tl_12" primaryLanguage="English" custom="readingOrder {index:0;}">
                <Coords points="734,2420 3442,2420 3442,2604 734,2604"/>
                <Baseline points="734,2552 858,2550 1274,2550 1596,2549 1864,2549 2102,2572 2508,2549 2978,2554 3442,2546"/>
                <Word id="w_w2aab1b1b2c19b1ab1" language="English" custom="readingOrder {index:0;}">
                    <Coords points="734,2440 858,2440 858,2552 734,2552"/>
                    <TextEquiv>
                        <Unicode>Si</Unicode>
                    </TextEquiv>
                    <TextStyle fontFamily="Times New Roman" fontSize="10.0" italic="true"/>
                </Word>
                <Word id="w_w2aab1b1b2c19b1ab7" language="English" custom="readingOrder {index:1;}">
                    <Coords points="914,2433 1274,2433 1274,2591 914,2591"/>
                    <TextEquiv>
                        <Unicode>Perfide</Unicode>
                    </TextEquiv>
                    <TextStyle fontFamily="Times New Roman" fontSize="10.0" italic="true"/>
                </Word>
                <Word id="w_w2aab1b1b2c19b1ac23" language="English" custom="readingOrder {index:2;}">
                    <Coords points="1322,2444 1596,2444 1596,2552 1322,2552"/>
                    <TextEquiv>
                        <Unicode>aime</Unicode>
                    </TextEquiv>
                    <TextStyle fontFamily="Times New Roman" fontSize="10.0" italic="true"/>
                </Word>
                <Word id="w_w2aab1b1b2c19b1ac33" language="English" custom="readingOrder {index:3;}">
                    <Coords points="1634,2433 2044,2433 2044,2555 1634,2555"/>
                    <TextEquiv>
                        <Unicode>ailleurs</Unicode>
                    </TextEquiv>
                    <TextStyle fontFamily="Times New Roman" fontSize="10.0" italic="true"/>
                </Word>
                <Word id="w_w2aab1b1b2c19b1b1b1" language="English" custom="readingOrder {index:4;}">
                    <Coords points="2072,2478 2102,2478 2102,2600 2072,2600"/>
                    <TextEquiv>
                        <Unicode>,</Unicode>
                    </TextEquiv>
                    <TextStyle fontFamily="Times New Roman" fontSize="10.0" bold="true"/>
                </Word>
                <Word id="w_w2aab1b1b2c19b1b2b1" language="English" custom="readingOrder {index:5;}">
                    <Coords points="2160,2437 2508,2437 2508,2600 2160,2600"/>
                    <TextEquiv>
                        <Unicode>quelle</Unicode>
                    </TextEquiv>
                    <TextStyle fontFamily="Times New Roman" fontSize="10.0" italic="true"/>
                </Word>
                <Word id="w_w2aab1b1b2c19b1b2c15" language="English" custom="readingOrder {index:6;}">
                    <Coords points="2552,2443 2978,2443 2978,2602 2552,2602"/>
                    <TextEquiv>
                        <Unicode>rigueur</Unicode>
                    </TextEquiv>
                    <TextStyle fontFamily="Times New Roman" fontSize="10.0" italic="true"/>
                </Word>
                <Word id="w_w2aab1b1b2c19b1b2c31" language="English" custom="readingOrder {index:7;}">
                    <Coords points="3000,2427 3442,2427 3442,2557 3000,2557"/>
                    <TextEquiv>
                        <Unicode>extrême</Unicode>
                    </TextEquiv>
                    <TextStyle fontFamily="Times New Roman" fontSize="10.0" italic="true"/>
                </Word>
                <TextEquiv>
                    <Unicode>Si Perſée aime ailleurs, qu'elle rigueur extrême</Unicode>
                </TextEquiv>
            </TextLine>
            <TextLine id="tl_13" primaryLanguage="English" custom="readingOrder {index:1;}">
                <Coords points="1055,2593 3082,2593 3082,2769 1055,2769"/>
                <Baseline points="1055,2711 1191,2705 1505,2710 1859,2709 2385,2711 2621,2711 2805,2768 3082,2709"/>
                <Word id="w_w2aab1b1b2c19b3ab1" language="English" custom="readingOrder {index:0;}">
                    <Coords points="1055,2605 1191,2605 1191,2711 1055,2711"/>
                    <TextEquiv>
                        <Unicode>Le</Unicode>
                    </TextEquiv>
                    <TextStyle fontFamily="Times New Roman" fontSize="10.0" italic="true"/>
                </Word>
                <Word id="w_w2aab1b1b2c19b3ab7" language="English" custom="readingOrder {index:1;}">
                    <Coords points="1237,2630 1505,2630 1505,2714 1237,2714"/>
                    <TextEquiv>
                        <Unicode>veut</Unicode>
                    </TextEquiv>
                    <TextStyle fontFamily="Times New Roman" fontSize="10.0" italic="true"/>
                </Word>
                <Word id="w_w2aab1b1b2c19b3ac17" language="English" custom="readingOrder {index:2;}">
                    <Coords points="1537,2600 1859,2600 1859,2757 1537,2757"/>
                    <TextEquiv>
                        <Unicode>forcer</Unicode>
                    </TextEquiv>
                    <TextStyle fontFamily="Times New Roman" fontSize="10.0" italic="true"/>
                </Word>
                <Word id="w_w2aab1b1b2c19b3ac31" language="English" custom="readingOrder {index:3;}">
                    <Coords points="1915,2595 2385,2595 2385,2713 1915,2713"/>
                    <TextEquiv>
                        <Unicode>d'adorer</Unicode>
                    </TextEquiv>
                    <TextStyle fontFamily="Times New Roman" fontSize="10.0" italic="true"/>
                </Word>
                <Word id="w_w2aab1b1b2c19b3ac49" language="English" custom="readingOrder {index:4;}">
                    <Coords points="2427,2643 2621,2643 2621,2713 2427,2713"/>
                    <TextEquiv>
                        <Unicode>vos</Unicode>
                    </TextEquiv>
                    <TextStyle fontFamily="Times New Roman" fontSize="10.0" italic="true"/>
                </Word>
                <Word id="w_w2aab1b1b2c19b3ac57" language="English" custom="readingOrder {index:5;}">
                    <Coords points="2671,2640 2991,2640 2991,2768 2671,2768"/>
                    <TextEquiv>
                        <Unicode>appas</Unicode>
                    </TextEquiv>
                    <TextStyle fontFamily="Times New Roman" fontSize="10.0" italic="true"/>
                </Word>
                <Word id="w_w2aab1b1b2c19b3b1b3" language="English" custom="readingOrder {index:6;}">
                    <Coords points="3025,2609 3082,2609 3082,2709 3025,2709"/>
                    <TextEquiv>
                        <Unicode>?</Unicode>
                    </TextEquiv>
                    <TextStyle fontFamily="Times New Roman" fontSize="10.0" bold="true"/>
                </Word>
                <TextEquiv>
                    <Unicode>Le veut forcer d'adorer vos appas?</Unicode>
                </TextEquiv>
            </TextLine>
            <TextLine id="tl_14" primaryLanguage="English" custom="readingOrder {index:2;}">
                <Coords points="1389,2758 3087,2758 3087,2921 1389,2921"/>
                <Baseline points="1389,2878 2137,2870 2445,2869 2769,2876 3087,2871"/>
                <Word id="w_w2aab1b1b2c19b5ab1" language="English" custom="readingOrder {index:0;}">
                    <Coords points="1389,2761 2137,2761 2137,2879 1389,2879"/>
                    <TextEquiv>
                        <Unicode>Foulez-vous</Unicode>
                    </TextEquiv>
                    <TextStyle fontFamily="Times New Roman" fontSize="10.0" italic="true"/>
                </Word>
                <Word id="w_w2aab1b1b2c19b5ac25" language="English" custom="readingOrder {index:1;}">
                    <Coords points="2187,2761 2445,2761 2445,2918 2187,2918"/>
                    <TextEquiv>
                        <Unicode>quil</Unicode>
                    </TextEquiv>
                    <TextStyle fontFamily="Times New Roman" fontSize="10.0" italic="true"/>
                </Word>
                <Word id="w_w2aab1b1b2c19b5ac35" language="English" custom="readingOrder {index:2;}">
                    <Coords points="2501,2805 2769,2805 2769,2876 2501,2876"/>
                    <TextEquiv>
                        <Unicode>vous</Unicode>
                    </TextEquiv>
                    <TextStyle fontFamily="Times New Roman" fontSize="10.0" italic="true"/>
                </Word>
                <Word id="w_w2aab1b1b2c19b5ac45" language="English" custom="readingOrder {index:3;}">
                    <Coords points="2811,2801 3087,2801 3087,2877 2811,2877"/>
                    <TextEquiv>
                        <Unicode>aime</Unicode>
                    </TextEquiv>
                    <TextStyle fontFamily="Times New Roman" fontSize="10.0" italic="true"/>
                </Word>
                <TextEquiv>
                    <Unicode>Voulez-vous qu'il vous aime</Unicode>
                </TextEquiv>
                <TextStyle fontFamily="Times New Roman" fontSize="10.0" italic="true"/>
            </TextLine>
            <TextLine id="tl_15" primaryLanguage="English" custom="readingOrder {index:3;}">
                <Coords points="1390,2918 2719,2918 2719,3080 1390,3080"/>
                <Baseline points="1390,3032 1515,3032 1819,3033 1969,3030 2416,3077 2631,3037 2719,3034"/>
                <Word id="w_w2aab1b1b2c19b7ab1" language="English" custom="readingOrder {index:0;}">
                    <Coords points="1390,2924 1515,2924 1515,3032 1390,3032"/>
                    <TextEquiv>
                        <Unicode>Si</Unicode>
                    </TextEquiv>
                    <TextStyle fontFamily="Times New Roman" fontSize="10.0" italic="true"/>
                </Word>
                <Word id="w_w2aab1b1b2c19b7ab7" language="English" custom="readingOrder {index:1;}">
                    <Coords points="1546,2960 1819,2960 1819,3035 1546,3035"/>
                    <TextEquiv>
                        <Unicode>vous</Unicode>
                    </TextEquiv>
                    <TextStyle fontFamily="Times New Roman" fontSize="10.0" italic="true"/>
                </Word>
                <Word id="w_w2aab1b1b2c19b7ac17" language="English" custom="readingOrder {index:2;}">
                    <Coords points="1848,2961 1969,2961 1969,3030 1848,3030"/>
                    <TextEquiv>
                        <Unicode>ne</Unicode>
                    </TextEquiv>
                    <TextStyle fontFamily="Times New Roman" fontSize="10.0" italic="true"/>
                </Word>
                <Word id="w_w2aab1b1b2c19b7ac23" language="English" custom="readingOrder {index:3;}">
                    <Coords points="2006,2920 2416,2920 2416,3077 2006,3077"/>
                    <TextEquiv>
                        <Unicode>l'aimel^</Unicode>
                    </TextEquiv>
                    <TextStyle fontFamily="Times New Roman" fontSize="10.0" italic="true"/>
                </Word>
                <Word id="w_w2aab1b1b2c19b7ac41" language="English" custom="readingOrder {index:4;}">
                    <Coords points="2448,2959 2631,2959 2631,3079 2448,3079"/>
                    <TextEquiv>
                        <Unicode>pas</Unicode>
                    </TextEquiv>
                    <TextStyle fontFamily="Times New Roman" fontSize="10.0" italic="true"/>
                </Word>
                <Word id="w_w2aab1b1b2c19b7ac49" language="English" custom="readingOrder {index:5;}">
                    <Coords points="2662,2930 2719,2930 2719,3034 2662,3034"/>
                    <TextEquiv>
                        <Unicode>?</Unicode>
                    </TextEquiv>
                    <TextStyle fontFamily="Times New Roman" fontSize="10.0" italic="true"/>
                </Word>
                <TextEquiv>
                    <Unicode>Si vous ne l'aimeZ pas?</Unicode>
                </TextEquiv>
                <TextStyle fontFamily="Times New Roman" fontSize="10.0" italic="true"/>
            </TextLine>
            <TextEquiv>
                <Unicode>Si Perſée aime ailleurs, qu'elle rigueur extrême
Le veut forcer d'adorer vos appas?
Voulez-vous qu'il vous aime
Si vous ne l'aimeZ pas?</Unicode>
            </TextEquiv>
        </TextRegion>
        <TextRegion type="paragraph" id="r_1_11" custom="readingOrder {index:10;}">
            <Coords points="1845,3082 2603,3082 2603,3192 1845,3192"/>
            <TextLine id="tl_16" primaryLanguage="English" custom="readingOrder {index:0;}">
                <Coords points="1846,3083 2602,3083 2602,3191 1846,3191"/>
                <Baseline points="1846,3182 1958,3182 2076,3182 2212,3182 2344,3185 2446,3191 2602,3183"/>
                <Word id="w_w2aab1b1b2c21b1ab1" language="English" custom="readingOrder {index:0;}">
                    <Coords points="1846,3083 1958,3083 1958,3182 1846,3182"/>
                    <TextEquiv>
                        <Unicode>M</Unicode>
                    </TextEquiv>
                    <TextStyle fontFamily="Times New Roman" fontSize="11.0" bold="true"/>
                </Word>
                <Word id="w_w2aab1b1b2c21b1ab5" language="English" custom="readingOrder {index:1;}">
                    <Coords points="2006,3088 2076,3088 2076,3182 2006,3182"/>
                    <TextEquiv>
                        <Unicode>E</Unicode>
                    </TextEquiv>
                    <TextStyle fontFamily="Times New Roman" fontSize="11.0" bold="true"/>
                </Word>
                <Word id="w_w2aab1b1b2c21b1ab9" language="English" custom="readingOrder {index:2;}">
                    <Coords points="2120,3086 2212,3086 2212,3182 2120,3182"/>
                    <TextEquiv>
                        <Unicode>D</Unicode>
                    </TextEquiv>
                    <TextStyle fontFamily="Times New Roman" fontSize="11.0" bold="true"/>
                </Word>
                <Word id="w_w2aab1b1b2c21b1ac13" language="English" custom="readingOrder {index:3;}">
                    <Coords points="2256,3092 2344,3092 2344,3185 2256,3185"/>
                    <TextEquiv>
                        <Unicode>U</Unicode>
                    </TextEquiv>
                    <TextStyle fontFamily="Times New Roman" fontSize="11.0" bold="true"/>
                </Word>
                <Word id="w_w2aab1b1b2c21b1ac17" language="English" custom="readingOrder {index:4;}">
                    <Coords points="2394,3095 2446,3095 2446,3191 2394,3191"/>
                    <TextEquiv>
                        <Unicode>S</Unicode>
                    </TextEquiv>
                    <TextStyle fontFamily="Times New Roman" fontSize="11.0" bold="true"/>
                </Word>
                <Word id="w_w2aab1b1b2c21b1ac21" language="English" custom="readingOrder {index:5;}">
                    <Coords points="2496,3089 2602,3089 2602,3185 2496,3185"/>
                    <TextEquiv>
                        <Unicode>E.</Unicode>
                    </TextEquiv>
                    <TextStyle fontFamily="Times New Roman" fontSize="11.0" bold="true"/>
                </Word>
                <TextEquiv>
                    <Unicode>MEDUSE.</Unicode>
                </TextEquiv>
                <TextStyle fontFamily="Times New Roman" fontSize="11.0" bold="true"/>
            </TextLine>
            <TextEquiv>
                <Unicode>MEDUSE.</Unicode>
            </TextEquiv>
        </TextRegion>
        <TextRegion type="paragraph" id="r_1_12" custom="readingOrder {index:11;}">
            <Coords points="738,3215 3287,3215 3287,3394 738,3394"/>
            <TextLine id="tl_17" primaryLanguage="English" custom="readingOrder {index:0;}">
                <Coords points="739,3216 3286,3216 3286,3393 739,3393"/>
                <Baseline points="739,3342 1020,3335 1340,3334 1540,3336 1746,3337 2142,3340 2256,3338 2466,3339 2638,3342 2826,3384 2954,3392 3214,3347 3286,3365"/>
                <Word id="w_w2aab1b1b2c23b1ab1" language="English" custom="readingOrder {index:0;}">
                    <Coords points="739,3240 1020,3240 1020,3342 739,3342"/>
                    <TextEquiv>
                        <Unicode>Aux</Unicode>
                    </TextEquiv>
                    <TextStyle fontFamily="Times New Roman" fontSize="10.0" italic="true"/>
                </Word>
                <Word id="w_w2aab1b1b2c23b1ab9" language="English" custom="readingOrder {index:1;}">
                    <Coords points="1037,3263 1340,3263 1340,3383 1037,3383"/>
                    <TextEquiv>
                        <Unicode>yeux</Unicode>
                    </TextEquiv>
                    <TextStyle fontFamily="Times New Roman" fontSize="10.0" italic="true"/>
                </Word>
                <Word id="w_w2aab1b1b2c23b1ac19" language="English" custom="readingOrder {index:2;}">
                    <Coords points="1415,3220 1540,3220 1540,3336 1415,3336"/>
                    <TextEquiv>
                        <Unicode>de</Unicode>
                    </TextEquiv>
                    <TextStyle fontFamily="Times New Roman" fontSize="10.0" italic="true"/>
                </Word>
                <Word id="w_w2aab1b1b2c23b1ac25" language="English" custom="readingOrder {index:3;}">
                    <Coords points="1593,3255 1746,3255 1746,3337 1593,3337"/>
                    <TextEquiv>
                        <Unicode>cet</Unicode>
                    </TextEquiv>
                    <TextStyle fontFamily="Times New Roman" fontSize="10.0" italic="true"/>
                </Word>
                <Word id="w_w2aab1b1b2c23b1ac33" language="English" custom="readingOrder {index:4;}">
                    <Coords points="1785,3233 2142,3233 2142,3388 1785,3388"/>
                    <TextEquiv>
                        <Unicode>ingrat</Unicode>
                    </TextEquiv>
                    <TextStyle fontFamily="Times New Roman" fontSize="10.0" italic="true"/>
                </Word>
                <Word id="w_w2aab1b1b2c23b1ac47" language="English" custom="readingOrder {index:5;}">
                    <Coords points="2215,3248 2256,3248 2256,3338 2215,3338"/>
                    <TextEquiv>
                        <Unicode>!</Unicode>
                    </TextEquiv>
                    <TextStyle fontFamily="Times New Roman" fontSize="10.0" italic="true"/>
                </Word>
                <Word id="w_w2aab1b1b2c23b1ac51" language="English" custom="readingOrder {index:6;}">
                    <Coords points="2229,3228 2466,3228 2466,3387 2229,3387"/>
                    <TextEquiv>
                        <Unicode>fine</Unicode>
                    </TextEquiv>
                    <TextStyle fontFamily="Times New Roman" fontSize="10.0" italic="true"/>
                </Word>
                <Word id="w_w2aab1b1b2c23b1ac61" language="English" custom="readingOrder {index:7;}">
                    <Coords points="2471,3239 2638,3239 2638,3343 2471,3343"/>
                    <TextEquiv>
                        <Unicode>nie</Unicode>
                    </TextEquiv>
                    <TextStyle fontFamily="Times New Roman" fontSize="10.0" italic="true"/>
                </Word>
                <Word id="w_w2aab1b1b2c23b1ac69" language="English" custom="readingOrder {index:8;}">
                    <Coords points="2693,3230 2826,3230 2826,3384 2693,3384"/>
                    <TextEquiv>
                        <Unicode>eft</Unicode>
                    </TextEquiv>
                    <TextStyle fontFamily="Times New Roman" fontSize="10.0" italic="true"/>
                </Word>
                <Word id="w_w2aab1b1b2c23b1ac77" language="English" custom="readingOrder {index:9;}">
                    <Coords points="2835,3224 2954,3224 2954,3392 2835,3392"/>
                    <TextEquiv>
                        <Unicode>fi</Unicode>
                    </TextEquiv>
                    <TextStyle fontFamily="Times New Roman" fontSize="10.0" italic="true"/>
                </Word>
                <Word id="w_w2aab1b1b2c23b1ac83" language="English" custom="readingOrder {index:10;}">
                    <Coords points="2981,3222 3214,3222 3214,3347 2981,3347"/>
                    <TextEquiv>
                        <Unicode>belle</Unicode>
                    </TextEquiv>
                    <TextStyle fontFamily="Times New Roman" fontSize="10.0" italic="true"/>
                </Word>
                <Word id="w_w2aab1b1b2c23b1ac95" language="English" custom="readingOrder {index:11;}">
                    <Coords points="3243,3317 3286,3317 3286,3365 3243,3365"/>
                    <TextEquiv>
                        <Unicode>,</Unicode>
                    </TextEquiv>
                    <TextStyle fontFamily="Times New Roman" fontSize="10.0" italic="true"/>
                </Word>
                <TextEquiv>
                    <Unicode>Aux yeux de cet ingrat Iſmenie eſt ſi belle,</Unicode>
                </TextEquiv>
                <TextStyle fontFamily="Times New Roman" fontSize="10.0" italic="true"/>
            </TextLine>
            <TextEquiv>
                <Unicode>Aux yeux de cet ingrat Iſmenie eſt ſi belle,</Unicode>
            </TextEquiv>
        </TextRegion>
        <TextRegion type="paragraph" id="r_1_13" custom="readingOrder {index:12;}">
            <Coords points="730,3381 3690,3380 3690,3711 730,3712"/>
            <TextLine id="tl_18" primaryLanguage="English" custom="readingOrder {index:0;}">
                <Coords points="731,3382 3690,3382 3690,3560 731,3560"/>
                <Baseline points="731,3534 1049,3499 1407,3494 1667,3497 2197,3496 2463,3505 2883,3502 3317,3511 3689,3511"/>
                <Word id="w_w2aab1b1b2c25b1ab1" language="English" custom="readingOrder {index:0;}">
                    <Coords points="731,3387 1049,3387 1049,3534 731,3534"/>
                    <TextEquiv>
                        <Unicode>Qu'il</Unicode>
                    </TextEquiv>
                    <TextStyle fontFamily="Times New Roman" fontSize="10.0" italic="true"/>
                </Word>
                <Word id="w_w2aab1b1b2c25b1ac13" language="English" custom="readingOrder {index:1;}">
                    <Coords points="1079,3383 1407,3383 1407,3499 1079,3499"/>
                    <TextEquiv>
                        <Unicode>brave</Unicode>
                    </TextEquiv>
                    <TextStyle fontFamily="Times New Roman" fontSize="10.0" italic="true"/>
                </Word>
                <Word id="w_w2aab1b1b2c25b1ac25" language="English" custom="readingOrder {index:2;}">
                    <Coords points="1429,3428 1667,3428 1667,3499 1429,3499"/>
                    <TextEquiv>
                        <Unicode>mon</Unicode>
                    </TextEquiv>
                    <TextStyle fontFamily="Times New Roman" fontSize="10.0" italic="true"/>
                </Word>
                <Word id="w_w2aab1b1b2c25b1ac33" language="English" custom="readingOrder {index:3;}">
                    <Coords points="1699,3429 2197,3429 2197,3500 1699,3500"/>
                    <TextEquiv>
                        <Unicode>courroux</Unicode>
                    </TextEquiv>
                    <TextStyle fontFamily="Times New Roman" fontSize="10.0" italic="true"/>
                </Word>
                <Word id="w_w2aab1b1b2c25b1ac51" language="English" custom="readingOrder {index:4;}">
                    <Coords points="2217,3394 2463,3394 2463,3543 2217,3543"/>
                    <TextEquiv>
                        <Unicode>fans</Unicode>
                    </TextEquiv>
                    <TextStyle fontFamily="Times New Roman" fontSize="10.0" italic="true"/>
                </Word>
                <Word id="w_w2aab1b1b2c25b1ac61" language="English" custom="readingOrder {index:5;}">
                    <Coords points="2499,3390 2883,3390 2883,3506 2499,3506"/>
                    <TextEquiv>
                        <Unicode>trouble</Unicode>
                    </TextEquiv>
                    <TextStyle fontFamily="Times New Roman" fontSize="10.0" italic="true"/>
                </Word>
                <Word id="w_w2aab1b1b2c25b1ac77" language="English" custom="readingOrder {index:6;}">
                    <Coords points="2921,3397 3317,3397 3317,3549 2921,3549"/>
                    <TextEquiv>
                        <Unicode>&amp;fiam</Unicode>
                    </TextEquiv>
                    <TextStyle fontFamily="Times New Roman" fontSize="10.0" italic="true"/>
                </Word>
                <Word id="w_w2aab1b1b2c25b1ac89" language="English" custom="readingOrder {index:7;}">
                    <Coords points="3349,3396 3637,3396 3637,3560 3349,3560"/>
                    <TextEquiv>
                        <Unicode>effroy</Unicode>
                    </TextEquiv>
                    <TextStyle fontFamily="Times New Roman" fontSize="10.0" italic="true"/>
                </Word>
                <TextEquiv>
                    <Unicode>Qu'il brave mon courroux ſans trouble &amp; ſans effroy:</Unicode>
                </TextEquiv>
                <TextStyle fontFamily="Times New Roman" fontSize="10.0" italic="true"/>
            </TextLine>
            <TextLine id="tl_19" primaryLanguage="English" custom="readingOrder {index:1;}">
                <Coords points="1056,3547 3153,3547 3153,3711 1056,3711"/>
                <Baseline points="1057,3667 1169,3657 1479,3658 1883,3661 2335,3657 2599,3667 2899,3662 3019,3667 3153,3689"/>
                <Word id="w_w2aab1b1b2c25b3ab1" language="English" custom="readingOrder {index:0;}">
                    <Coords points="1057,3547 1169,3547 1169,3667 1057,3667"/>
                    <TextEquiv>
                        <Unicode>Il</Unicode>
                    </TextEquiv>
                    <TextStyle fontFamily="Times New Roman" fontSize="10.0" italic="true"/>
                </Word>
                <Word id="w_w2aab1b1b2c25b3ab7" language="English" custom="readingOrder {index:1;}">
                    <Coords points="1205,3550 1479,3550 1479,3660 1205,3660"/>
                    <TextEquiv>
                        <Unicode>aime</Unicode>
                    </TextEquiv>
                    <TextStyle fontFamily="Times New Roman" fontSize="10.0" italic="true"/>
                </Word>
                <Word id="w_w2aab1b1b2c25b3ac17" language="English" custom="readingOrder {index:2;}">
                    <Coords points="1529,3553 1883,3553 1883,3661 1529,3661"/>
                    <TextEquiv>
                        <Unicode>mieux</Unicode>
                    </TextEquiv>
                    <TextStyle fontFamily="Times New Roman" fontSize="10.0" italic="true"/>
                </Word>
                <Word id="w_w2aab1b1b2c25b3ac29" language="English" custom="readingOrder {index:3;}">
                    <Coords points="1943,3552 2335,3552 2335,3708 1943,3708"/>
                    <TextEquiv>
                        <Unicode>rifiquer</Unicode>
                    </TextEquiv>
                    <TextStyle fontFamily="Times New Roman" fontSize="10.0" italic="true"/>
                </Word>
                <Word id="w_w2aab1b1b2c25b3ac47" language="English" custom="readingOrder {index:4;}">
                    <Coords points="2373,3583 2599,3583 2599,3667 2373,3667"/>
                    <TextEquiv>
                        <Unicode>tout</Unicode>
                    </TextEquiv>
                    <TextStyle fontFamily="Times New Roman" fontSize="10.0" italic="true"/>
                </Word>
                <Word id="w_w2aab1b1b2c25b3ac57" language="English" custom="readingOrder {index:5;}">
                    <Coords points="2631,3596 2899,3596 2899,3670 2631,3670"/>
                    <TextEquiv>
                        <Unicode>avec</Unicode>
                    </TextEquiv>
                    <TextStyle fontFamily="Times New Roman" fontSize="10.0" italic="true"/>
                </Word>
                <Word id="w_w2aab1b1b2c25b3ac67" language="English" custom="readingOrder {index:6;}">
                    <Coords points="2923,3555 3091,3555 3091,3667 2923,3667"/>
                    <TextEquiv>
                        <Unicode>elle</Unicode>
                    </TextEquiv>
                    <TextStyle fontFamily="Times New Roman" fontSize="10.0" italic="true"/>
                </Word>
                <Word id="w_w2aab1b1b2c25b3b1b1" language="English" custom="readingOrder {index:7;}">
                    <Coords points="3115,3643 3153,3643 3153,3689 3115,3689"/>
                    <TextEquiv>
                        <Unicode>,</Unicode>
                    </TextEquiv>
                    <TextStyle fontFamily="Times New Roman" fontSize="10.0" bold="true"/>
                </Word>
                <TextEquiv>
                    <Unicode>Il aime mieux riſquer tout avec elle,</Unicode>
                </TextEquiv>
            </TextLine>
            <TextEquiv>
                <Unicode>Qu'il brave mon courroux ſans trouble &amp; ſans effroy:
Il aime mieux riſquer tout avec elle,</Unicode>
            </TextEquiv>
        </TextRegion>
        <TextRegion type="paragraph" id="r_1_14" custom="readingOrder {index:13;}">
            <Coords points="1385,3709 2673,3709 2673,3881 1385,3881"/>
            <TextLine id="tl_20" primaryLanguage="English" custom="readingOrder {index:0;}">
                <Coords points="1386,3710 2672,3710 2672,3880 1386,3880"/>
                <Baseline points="1386,3852 1638,3819 2054,3820 2372,3823 2672,3832"/>
                <Word id="w_w2aab1b1b2c27b1ab1" language="English" custom="readingOrder {index:0;}">
                    <Coords points="1386,3710 1638,3710 1638,3852 1386,3852"/>
                    <TextEquiv>
                        <Unicode>Que</Unicode>
                    </TextEquiv>
                    <TextStyle fontFamily="Times New Roman" fontSize="10.0" italic="true"/>
                </Word>
                <Word id="w_w2aab1b1b2c27b1ab9" language="English" custom="readingOrder {index:1;}">
                    <Coords points="1702,3749 2054,3749 2054,3867 1702,3867"/>
                    <TextEquiv>
                        <Unicode>regner</Unicode>
                    </TextEquiv>
                    <TextStyle fontFamily="Times New Roman" fontSize="10.0" italic="true"/>
                </Word>
                <Word id="w_w2aab1b1b2c27b1ac23" language="English" custom="readingOrder {index:2;}">
                    <Coords points="2102,3750 2372,3750 2372,3823 2102,3823"/>
                    <TextEquiv>
                        <Unicode>avec</Unicode>
                    </TextEquiv>
                    <TextStyle fontFamily="Times New Roman" fontSize="10.0" italic="true"/>
                </Word>
                <Word id="w_w2aab1b1b2c27b1ac33" language="English" custom="readingOrder {index:3;}">
                    <Coords points="2410,3757 2672,3757 2672,3880 2410,3880"/>
                    <TextEquiv>
                        <Unicode>moy.</Unicode>
                    </TextEquiv>
                    <TextStyle fontFamily="Times New Roman" fontSize="10.0" italic="true"/>
                </Word>
                <TextEquiv>
                    <Unicode>Que regner avec moy.</Unicode>
                </TextEquiv>
                <TextStyle fontFamily="Times New Roman" fontSize="10.0" italic="true"/>
            </TextLine>
            <TextEquiv>
                <Unicode>Que regner avec moy.</Unicode>
            </TextEquiv>
        </TextRegion>
        <TextRegion type="paragraph" id="r_1_15" custom="readingOrder {index:14;}">
            <Coords points="1052,3922 2957,3922 2957,4103 1052,4103"/>
            <TextLine id="tl_21" primaryLanguage="English" custom="readingOrder {index:0;}">
                <Coords points="1053,3923 2956,3923 2956,4102 1053,4102"/>
                <Baseline points="1053,4045 1254,4038 1484,4042 1924,4062 2414,4047 2876,4054 2956,4056"/>
                <Word id="w_w2aab1b1b2c29b1ab1" language="English" custom="readingOrder {index:0;}">
                    <Coords points="1053,3931 1254,3931 1254,4045 1053,4045"/>
                    <TextEquiv>
                        <Unicode>Tu</Unicode>
                    </TextEquiv>
                    <TextStyle fontFamily="Times New Roman" fontSize="10.0" italic="true"/>
                </Word>
                <Word id="w_w2aab1b1b2c29b1ab7" language="English" custom="readingOrder {index:1;}">
                    <Coords points="1323,3970 1484,3970 1484,4042 1323,4042"/>
                    <TextEquiv>
                        <Unicode>me</Unicode>
                    </TextEquiv>
                    <TextStyle fontFamily="Times New Roman" fontSize="10.0" italic="true"/>
                </Word>
                <Word id="w_w2aab1b1b2c29b1ac13" language="English" custom="readingOrder {index:2;}">
                    <Coords points="1535,3925 1924,3925 1924,4062 1535,4062"/>
                    <TextEquiv>
                        <Unicode>trahis,</Unicode>
                    </TextEquiv>
                    <TextStyle fontFamily="Times New Roman" fontSize="10.0" italic="true"/>
                </Word>
                <Word id="w_w2aab1b1b2c29b1ac29" language="English" custom="readingOrder {index:3;}">
                    <Coords points="1981,3930 2414,3930 2414,4088 1981,4088"/>
                    <TextEquiv>
                        <Unicode>infideüe</Unicode>
                    </TextEquiv>
                    <TextStyle fontFamily="Times New Roman" fontSize="10.0" italic="true"/>
                </Word>
                <Word id="w_w2aab1b1b2c29b1ac47" language="English" custom="readingOrder {index:4;}">
                    <Coords points="2437,3937 2876,3937 2876,4101 2437,4101"/>
                    <TextEquiv>
                        <Unicode>fortune</Unicode>
                    </TextEquiv>
                    <TextStyle fontFamily="Times New Roman" fontSize="10.0" italic="true"/>
                </Word>
                <Word id="w_w2aab1b1b2c29b1ac63" language="English" custom="readingOrder {index:5;}">
                    <Coords points="2915,3952 2956,3952 2956,4056 2915,4056"/>
                    <TextEquiv>
                        <Unicode>!</Unicode>
                    </TextEquiv>
                    <TextStyle fontFamily="Times New Roman" fontSize="10.0" italic="true"/>
                </Word>
                <TextEquiv>
                    <Unicode>Tu me trahis, infidelle fortune!</Unicode>
                </TextEquiv>
                <TextStyle fontFamily="Times New Roman" fontSize="10.0" italic="true"/>
            </TextLine>
            <TextEquiv>
                <Unicode>Tu me trahis, infidelle fortune!</Unicode>
            </TextEquiv>
        </TextRegion>
        <TextRegion type="paragraph" id="r_1_16" custom="readingOrder {index:15;}">
            <Coords points="723,4087 3682,4087 3682,4598 723,4598"/>
            <TextLine id="tl_22" primaryLanguage="English" custom="readingOrder {index:0;}">
                <Coords points="729,4088 3686,4087 3686,4265 729,4266"/>
                <Baseline points="729,4203 1059,4199 1243,4200 1437,4200 1733,4203 2399,4209 2827,4216 3101,4217 3682,4218"/>
                <Word id="w_w2aab1b1b2c31b1ab1" language="English" custom="readingOrder {index:0;}">
                    <Coords points="729,4090 1059,4090 1059,4203 729,4203"/>
                    <TextEquiv>
                        <Unicode>Mais</Unicode>
                    </TextEquiv>
                    <TextStyle fontFamily="Times New Roman" fontSize="10.0" italic="true"/>
                </Word>
                <Word id="w_w2aab1b1b2c31b1ac11" language="English" custom="readingOrder {index:1;}">
                    <Coords points="1123,4123 1243,4123 1243,4201 1123,4201"/>
                    <TextEquiv>
                        <Unicode>tu</Unicode>
                    </TextEquiv>
                    <TextStyle fontFamily="Times New Roman" fontSize="10.0" italic="true"/>
                </Word>
                <Word id="w_w2aab1b1b2c31b1ac17" language="English" custom="readingOrder {index:2;}">
                    <Coords points="1315,4132 1437,4132 1437,4200 1315,4200"/>
                    <TextEquiv>
                        <Unicode>ne</Unicode>
                    </TextEquiv>
                    <TextStyle fontFamily="Times New Roman" fontSize="10.0" italic="true"/>
                </Word>
                <Word id="w_w2aab1b1b2c31b1ac23" language="English" custom="readingOrder {index:3;}">
                    <Coords points="1487,4125 1733,4125 1733,4250 1487,4250"/>
                    <TextEquiv>
                        <Unicode>peut</Unicode>
                    </TextEquiv>
                    <TextStyle fontFamily="Times New Roman" fontSize="10.0" italic="true"/>
                </Word>
                <Word id="w_w2aab1b1b2c31b1ac33" language="English" custom="readingOrder {index:4;}">
                    <Coords points="1785,4091 2399,4091 2399,4263 1785,4263"/>
                    <TextEquiv>
                        <Unicode>long-temps</Unicode>
                    </TextEquiv>
                    <TextStyle fontFamily="Times New Roman" fontSize="10.0" italic="true"/>
                </Word>
                <Word id="w_w2aab1b1b2c31b1ac55" language="English" custom="readingOrder {index:5;}">
                    <Coords points="2467,4100 2827,4100 2827,4216 2467,4216"/>
                    <TextEquiv>
                        <Unicode>cacher</Unicode>
                    </TextEquiv>
                    <TextStyle fontFamily="Times New Roman" fontSize="10.0" italic="true"/>
                </Word>
                <Word id="w_w2aab1b1b2c31b1ac69" language="English" custom="readingOrder {index:6;}">
                    <Coords points="2889,4148 3101,4148 3101,4217 2889,4217"/>
                    <TextEquiv>
                        <Unicode>mes</Unicode>
                    </TextEquiv>
                    <TextStyle fontFamily="Times New Roman" fontSize="10.0" italic="true"/>
                </Word>
                <Word id="w_w2aab1b1b2c31b1ac77" language="English" custom="readingOrder {index:7;}">
                    <Coords points="3183,4108 3621,4108 3621,4220 3183,4220"/>
                    <TextEquiv>
                        <Unicode>ennemis</Unicode>
                    </TextEquiv>
                    <TextStyle fontFamily="Times New Roman" fontSize="10.0" italic="true"/>
                </Word>
                <TextEquiv>
                    <Unicode>Mais tu ne peut long-temps cacher mes ennemis;</Unicode>
                </TextEquiv>
                <TextStyle fontFamily="Times New Roman" fontSize="10.0" italic="true"/>
            </TextLine>
            <TextLine id="tl_23" primaryLanguage="English" custom="readingOrder {index:1;}">
                <Coords points="724,4248 3607,4248 3607,4434 724,4434"/>
                <Baseline points="725,4361 1053,4359 1249,4364 2051,4368 2303,4365 2467,4371 2777,4378 2967,4376 3335,4384 3607,4396"/>
                <Word id="w_w2aab1b1b2c31b3ab1" language="English" custom="readingOrder {index:0;}">
                    <Coords points="725,4250 1053,4250 1053,4361 725,4361"/>
                    <TextEquiv>
                        <Unicode>Mous</Unicode>
                    </TextEquiv>
                    <TextStyle fontFamily="Times New Roman" fontSize="10.0" italic="true"/>
                </Word>
                <Word id="w_w2aab1b1b2c31b3ac11" language="English" custom="readingOrder {index:1;}">
                    <Coords points="1109,4249 1249,4249 1249,4364 1109,4364"/>
                    <TextEquiv>
                        <Unicode>les</Unicode>
                    </TextEquiv>
                    <TextStyle fontFamily="Times New Roman" fontSize="10.0" italic="true"/>
                </Word>
                <Word id="w_w2aab1b1b2c31b3ac19" language="English" custom="readingOrder {index:2;}">
                    <Coords points="1315,4250 2051,4250 2051,4368 1315,4368"/>
                    <TextEquiv>
                        <Unicode>découvrirons</Unicode>
                    </TextEquiv>
                    <TextStyle fontFamily="Times New Roman" fontSize="10.0" italic="true"/>
                </Word>
                <Word id="w_w2aab1b1b2c31b3ac45" language="English" custom="readingOrder {index:3;}">
                    <Coords points="2106,4288 2303,4288 2303,4422 2106,4422"/>
                    <TextEquiv>
                        <Unicode>par</Unicode>
                    </TextEquiv>
                    <TextStyle fontFamily="Times New Roman" fontSize="10.0" italic="true"/>
                </Word>
                <Word id="w_w2aab1b1b2c31b3ac53" language="English" custom="readingOrder {index:4;}">
                    <Coords points="2331,4259 2467,4259 2467,4373 2331,4373"/>
                    <TextEquiv>
                        <Unicode>les</Unicode>
                    </TextEquiv>
                    <TextStyle fontFamily="Times New Roman" fontSize="10.0" italic="true"/>
                </Word>
                <Word id="w_w2aab1b1b2c31b3ac61" language="English" custom="readingOrder {index:5;}">
                    <Coords points="2486,4261 2777,4261 2777,4417 2486,4417"/>
                    <TextEquiv>
                        <Unicode>foins</Unicode>
                    </TextEquiv>
                    <TextStyle fontFamily="Times New Roman" fontSize="10.0" italic="true"/>
                </Word>
                <Word id="w_w2aab1b1b2c31b3ac73" language="English" custom="readingOrder {index:6;}">
                    <Coords points="2843,4264 2967,4264 2967,4376 2843,4376"/>
                    <TextEquiv>
                        <Unicode>de</Unicode>
                    </TextEquiv>
                    <TextStyle fontFamily="Times New Roman" fontSize="10.0" italic="true"/>
                </Word>
                <Word id="w_w2aab1b1b2c31b3ac79" language="English" custom="readingOrder {index:7;}">
                    <Coords points="3033,4271 3533,4271 3533,4433 3033,4433"/>
                    <TextEquiv>
                        <Unicode>Neptune</Unicode>
                    </TextEquiv>
                    <TextStyle fontFamily="Times New Roman" fontSize="10.0" italic="true"/>
                </Word>
                <Word id="w_w2aab1b1b2c31b3b1b3" language="English" custom="readingOrder {index:8;}">
                    <Coords points="3568,4322 3607,4322 3607,4396 3568,4396"/>
                    <TextEquiv>
                        <Unicode>;</Unicode>
                    </TextEquiv>
                    <TextStyle fontFamily="Times New Roman" fontSize="10.0" bold="true"/>
                </Word>
                <TextEquiv>
                    <Unicode>Nous les découvrirons par les ſoins de Neptune;</Unicode>
                </TextEquiv>
            </TextLine>
            <TextLine id="tl_24" primaryLanguage="English" custom="readingOrder {index:2;}">
                <Coords points="1370,4408 3130,4408 3130,4597 1370,4597"/>
                <Baseline points="1370,4526 1482,4518 1934,4530 2094,4530 2410,4533 2668,4536 3130,4535"/>
                <Word id="w_w2aab1b1b2c31b5ab1" language="English" custom="readingOrder {index:0;}">
                    <Coords points="1370,4408 1482,4408 1482,4526 1370,4526"/>
                    <TextEquiv>
                        <Unicode>Il</Unicode>
                    </TextEquiv>
                    <TextStyle fontFamily="Times New Roman" fontSize="10.0" italic="true"/>
                </Word>
                <Word id="w_w2aab1b1b2c31b5ab7" language="English" custom="readingOrder {index:1;}">
                    <Coords points="1518,4411 1934,4411 1934,4530 1518,4530"/>
                    <TextEquiv>
                        <Unicode>tiendra</Unicode>
                    </TextEquiv>
                    <TextStyle fontFamily="Times New Roman" fontSize="10.0" italic="true"/>
                </Word>
                <Word id="w_w2aab1b1b2c31b5ac23" language="English" custom="readingOrder {index:2;}">
                    <Coords points="1992,4460 2094,4460 2094,4530 1992,4530"/>
                    <TextEquiv>
                        <Unicode>ce</Unicode>
                    </TextEquiv>
                    <TextStyle fontFamily="Times New Roman" fontSize="10.0" italic="true"/>
                </Word>
                <Word id="w_w2aab1b1b2c31b5ac29" language="English" custom="readingOrder {index:3;}">
                    <Coords points="2150,4419 2410,4419 2410,4580 2150,4580"/>
                    <TextEquiv>
                        <Unicode>quil</Unicode>
                    </TextEquiv>
                    <TextStyle fontFamily="Times New Roman" fontSize="10.0" italic="true"/>
                </Word>
                <Word id="w_w2aab1b1b2c31b5ac39" language="English" custom="readingOrder {index:4;}">
                    <Coords points="2462,4467 2668,4467 2668,4537 2462,4537"/>
                    <TextEquiv>
                        <Unicode>ma</Unicode>
                    </TextEquiv>
                    <TextStyle fontFamily="Times New Roman" fontSize="10.0" italic="true"/>
                </Word>
                <Word id="w_w2aab1b1b2c31b5ac45" language="English" custom="readingOrder {index:5;}">
                    <Coords points="2722,4431 3130,4431 3130,4596 2722,4596"/>
                    <TextEquiv>
                        <Unicode>promis.</Unicode>
                    </TextEquiv>
                    <TextStyle fontFamily="Times New Roman" fontSize="10.0" italic="true"/>
                </Word>
                <TextEquiv>
                    <Unicode>Il tiendra ce qu'il m'a promis.</Unicode>
                </TextEquiv>
                <TextStyle fontFamily="Times New Roman" fontSize="10.0" italic="true"/>
            </TextLine>
            <TextEquiv>
                <Unicode>Mais tu ne peut long-temps cacher mes ennemis;
Nous les découvrirons par les ſoins de Neptune;
Il tiendra ce qu'il m'a promis.</Unicode>
            </TextEquiv>
        </TextRegion>
        <TextRegion type="paragraph" id="r_2_1" custom="readingOrder {index:16;}">
            <Coords points="952,4728 3479,4728 3479,4873 952,4873"/>
            <TextLine id="tl_25" primaryLanguage="English" custom="readingOrder {index:0;}">
                <Coords points="953,4729 3478,4729 3478,4872 953,4872"/>
                <Baseline points="953,4839 1252,4846 1624,4851 2833,4864 3477,4862"/>
                <Word id="w_w2aab1b3b2b1b1ab1" language="English" custom="readingOrder {index:0;}">
                    <Coords points="953,4729 1252,4729 1252,4846 953,4846"/>
                    <TextEquiv>
                        <Unicode>FIN</Unicode>
                    </TextEquiv>
                    <TextStyle fontFamily="Times New Roman" fontSize="12.0" bold="true"/>
                </Word>
                <Word id="w_w2aab1b3b2b1b1ab9" language="English" custom="readingOrder {index:1;}">
                    <Coords points="1357,4736 1624,4736 1624,4851 1357,4851"/>
                    <TextEquiv>
                        <Unicode>DU</Unicode>
                    </TextEquiv>
                    <TextStyle fontFamily="Times New Roman" fontSize="12.0" bold="true"/>
                </Word>
                <Word id="w_w2aab1b3b2b1b1ac15" language="English" custom="readingOrder {index:2;}">
                    <Coords points="1745,4737 2833,4737 2833,4864 1745,4864"/>
                    <TextEquiv>
                        <Unicode>TROISIEME</Unicode>
                    </TextEquiv>
                    <TextStyle fontFamily="Times New Roman" fontSize="12.0" bold="true"/>
                </Word>
                <Word id="w_w2aab1b3b2b1b1ac35" language="English" custom="readingOrder {index:3;}">
                    <Coords points="2949,4755 3477,4755 3477,4872 2949,4872"/>
                    <TextEquiv>
                        <Unicode>ACTE.</Unicode>
                    </TextEquiv>
                    <TextStyle fontFamily="Times New Roman" fontSize="12.0" bold="true"/>
                </Word>
                <TextEquiv>
                    <Unicode>FIN DU TROISIE'ME ACTE.</Unicode>
                </TextEquiv>
                <TextStyle fontFamily="Times New Roman" fontSize="12.0" bold="true"/>
            </TextLine>
            <TextEquiv>
                <Unicode>FIN DU TROISIE'ME ACTE.</Unicode>
            </TextEquiv>
        </TextRegion>
    </Page>
</PcGts>
