3854 5360
2907 300 2991 393 H

1105 277 2047 384 TRAGEDIE.

1218 470 1952 568 MEDUSE.

506 608 818 718 Aime
868 610 952 718 P
956 605 1260 733 allas,
1306 603 1844 716 l’ambition
1900 608 2052 714 eïï
2106 599 2358 710 belle,

652 759 1064 870 Tandis
1128 803 1314 915 que
1376 793 1616 871 cette
1684 758 2252 868 immortelle

504 909 1156 1068 Triomphera
1214 913 1374 1023 des
1400 915 1774 1071 foûpirs
1826 950 2014 1066 que
2070 942 2186 1022 tu
2246 905 2584 1067 perds,

648 1070 777 1176 Le
831 1071 1103 1176 Dieu
1157 1073 1331 1221 qui
1366 1067 1467 1177 la
1522 1065 1735 1173 hait
1789 1088 1923 1188 &
1969 1070 2143 1222 qui
2199 1067 2597 1173 m'aime
2625 1141 2665 1187 ,

649 1226 825 1326 Ira
879 1220 1129 1329 dans
1145 1225 1343 1371 fin
1393 1216 1815 1376 Temple
1871 1262 2019 1328 me
1993 1222 2221 1370 fine

219 1381 759 1485 Couronner
797 1415 997 1484 mes
1043 1407 1343 1535 appas
1385 1417 1591 1487 aux
1609 1416 1735 1530 y
1741 1412 1877 1480 ux
1931 1374 2039 1484 de
2089 1372 2657 1484 l'Univers,

452 1882 1156 2018 SCENE
1344 1883 2690 2017 TROISIEME.

264 2120 1046 2249 MEDUSE,
1106 2127 2032 2250 MELANTE,
2098 2128 2206 2232 O
2244 2129 2338 2234 R
2378 2117 2668 2225 PHI
2706 2113 2920 2221 SE.

1214 2341 1947 2439 MEDUSE.

215 2516 343 2807 I
371 2532 453 2634 L
503 2556 775 2638 court
813 2570 951 2636 au
995 2529 1411 2685 Temple
1459 2551 1591 2651 &
1619 2534 1825 2640 rien
1849 2522 2287 2634 nétonne
2293 2523 2487 2669 fin
2519 2555 2925 2677 courage
2951 2570 2993 2642 s

371 2686 671 2790 Mais
689 2684 845 2792 s'il
859 2690 1119 2792 aime
1131 2691 1627 2793 Minerve
1647 2686 1911 2830 efi-ce
1929 2720 2063 2790 un
2049 2682 2161 2826 fi
2151 2671 2493 2832 grand
2511 2667 2957 2785 malheur
2961 2704 2991 2782 ?

647 2832 931 2946 D'où
979 2841 1267 2949 vient
1313 2877 1499 2993 que
1521 2851 1625 2987 je
1635 2836 1871 2988 fins
1909 2864 2057 2942 cet
2109 2865 2567 2981 outrage,

215 2988 504 3094 Avec
544 3016 774 3098 tant
827 2990 1150 3146 dépit,
1201 2987 1316 3097 de
1363 2991 1648 3101 honte
1696 3012 1828 3112 &
1887 2986 2004 3096 de
2055 2983 2464 3096 douleur
2487 2987 2540 3087 ?

208 3140 662 3296 Neptune
686 3184 890 3252 aux
874 3184 1152 3298 jeux
1180 3141 1296 3249 de
1316 3175 1528 3257 tous
1552 3140 1980 3255 viendra
2002 3184 2152 3254 me
2172 3133 2514 3248 rendre
2540 3129 2990 3291 bornage:

644 3304 826 3404 Vn
892 3303 1158 3406 Dieu
1208 3299 1734 3459 s'explique
1774 3338 1890 3408 en
1936 3338 2104 3408 ma
2150 3300 2524 3446 faveur
2552 3371 2590 3415 ,

632 3438 742 3592 Je
772 3454 1006 3600 fins
1060 3493 1160 3559 ce
1178 3449 1580 3605 fuperbe
1624 3482 2144 3606 avantage
2170 3492 2206 3554 :

642 3603 1217 3758 Cependant
1244 3611 1351 3749 fi
1397 3649 1495 3713 ce
1543 3606 1877 3755 grand
1928 3600 2361 3712 honneur

215 3752 407 3865 Me
445 3762 781 3866 venoit
825 3754 943 3860 de
997 3765 1345 3867 Persée
1385 3759 1467 3867 il
1513 3754 1915 3913 plairoit
1975 3754 2561 3909 davantage
2567 3833 2589 3861 .

213 3959 256 4017 A
280 3964 533 4024 Mêlante.

217 4050 375 4159 Va
419 4086 683 4154 cours
721 4090 789 4156 a
831 4077 977 4158 cet
1005 4049 1343 4203 ingrat
1367 4099 1405 4167 s
1455 4044 1741 4157 tache
1797 4044 1915 4154 de
1959 4051 2313 4158 retenir

373 4210 508 4310 Ce
543 4204 764 4320 z^ele
815 4199 1182 4314 ardent
1235 4201 1476 4353 qu'il
1531 4245 1596 4311 a
1649 4236 1892 4358 pour
1943 4196 2042 4304 la
2103 4191 2470 4355 Déeffe.

1176 4360 2010 4459 MELANTE.

214 4491 434 4631 Que
466 4528 862 4654 peut-on
906 4499 1274 4662 oppofir
1314 4497 1380 4609 à
1424 4498 1850 4612 l'ardeur
1898 4504 2072 4658 qui
2126 4496 2208 4610 le
2246 4497 2512 4664 prejfe
2552 4533 2588 4613 ?
