3854 5360
1180 260 2141 365 TRAGEDIE.
2993 293 3073 373 ,/

464 488 1177 615 SCbNH
1362 488 1685 651 QU
1742 484 2189 610 ATR
2252 479 2857 606 1E’ME.

679 666 1710 788 PALEMON,
1829 657 2669 767 MEDUSE.

362 817 770 956 Troupe
806 811 932 915 de
976 820 1386 924 Tritons
1420 812 2242 938 ôtdeNeieïdes,
2274 807 2534 920 &de
2566 801 2976 953 Peuples

426 964 1025 1079 Maritimes.
1064 974 1207 1075 La
1262 981 1489 1076 Mer
1518 966 1653 1071 elt
1678 1000 2157 1072 couverte
2190 964 2315 1068 de
2346 952 2905 1069 VaiEèaux.

1225 1122 2077 1222 PALEMON.

712 1281 945 1556 P
1010 1272 1146 1369 Ar
1162 1260 1336 1372 l’or
1338 1279 1504 1369 dre
1534 1262 1668 1369 du
1686 1263 2026 1414 grand
2068 1258 2336 1368 Dieu
2365 1253 2528 1361 des
2574 1254 2942 1373 Eaux,

960 1403 1079 1573 je
1126 1413 1523 1527 conduis
1580 1454 1721 1524 ces
1774 1409 2079 1522 riches
2126 1405 2647 1559 Vaiffeaux
2688 1484 2727 1526 ,

709 1575 933 1710 Qui
977 1605 1419 1724 'voguent
1455 1564 1639 1717 fer
1685 1563 2051 1680 l’Onde
2101 1558 2655 1717 tranquille.

711 1730 910 1832 Les
971 1722 1374 1878 Peuples
1427 1725 1554 1831 les
1598 1720 1822 1878 plus
1873 1721 2330 1873 éloignez,

712 1884 929 1988 Ont
984 1874 1315 2029 quitté
1326 1909 1571 2036 pour
1608 1914 1865 1980 'vous
1916 1871 2165 1980 leurs
2216 1875 2611 2021 rivages
2626 1908 2669 1984 ;

271 2023 727 2179 Neptune
787 2028 913 2134 les
971 2068 1335 2182 envoyé
1385 2073 1499 2139 en
1551 2068 1695 2135 ces
1741 2026 2003 2135 lieux
2029 2028 2527 2177 fortunes
2553 2100 2589 2144 ,

717 2190 992 2290 Vous
1022 2213 1474 2336 préparer
1508 2212 1698 2337 par
1739 2176 1994 2285 leurs
2047 2176 2606 2323 hommages

270 2334 514 2437 Aux
530 2331 976 2488 fîiperbes
1034 2329 1508 2444 honneurs
1558 2328 1802 2481 qu’il
1832 2371 2082 2439 vous
2122 2370 2186 2434 a
2226 2327 2703 2473 defitnez^

981 2493 1065 2583 C
1095 2492 1191 2583 H
1225 2495 1393 2588 OE
1429 2499 1507 2587 U
1541 2494 1627 2589 R
1699 2480 1851 2580 des
1909 2476 2315 2618 Peuples.

863 2625 1046 2735 Ah
1073 2646 1110 2737 !
1159 2669 1346 2778 que
1395 2626 1834 2778 Meduje
1881 2631 2008 2773 efi
2055 2630 2328 2731 belle!

268 2771 624 2914 Quelle
664 2778 789 2926 efi
838 2777 1128 2935 digne
1180 2780 1318 2886 du
1392 2785 1654 2887 Dieu
1706 2783 1886 2926 qui
1918 2774 2298 2930 foûpire
2338 2803 2588 2929 pour
2632 2765 2802 2880 elle
2830 2779 2866 2877 !

1065 2935 1353 3032 UNE
1447 2935 2139 3032 NEREIDE.

699 3072 1246 3182 L'Amour
1267 3071 1468 3222 fait
1517 3109 1856 3224 regner
1905 3071 2038 3177 les
2065 3064 2518 3210 Plaifirs,

700 3225 878 3334 Où
920 3232 1286 3381 regnoit
1338 3223 1800 3335 l’horreur
1848 3219 2012 3329 des
2044 3217 2572 3372 naufrages
2578 3294 2606 3322 .

686 3386 877 3488 Les
916 3389 1229 3493 Fents
1269 3383 1439 3534 qui
1481 3376 1877 3526 caufent
1938 3371 2067 3485 les
2115 3409 2447 3524 orages
2475 3451 2505 3495 ,

699 3540 968 3640 Font
1005 3528 1276 3683 place
1319 3569 1526 3636 aux
1565 3523 2034 3638 aimables
2071 3525 2516 3678 Zephirs.

694 3688 824 3792 IJ
828 3689 1216 3792 Amour
1258 3684 1450 3830 fait
1494 3719 1830 3832 regner
1880 3679 2008 3783 les
2062 3676 2464 3818 Plaifirs
2498 3754 2526 3799 ,

704 3829 887 3946 Où
933 3842 1303 3985 regnoit
1352 3825 1803 3939 l’horreur
1842 3827 2005 3933 des
2046 3825 2599 3977 naufrages.

695 3992 847 4094 Le
857 3985 1085 4132 fieul
1121 3982 1381 4094 bruit
1435 3983 1597 4091 des
1635 3979 2023 4088 tendres
2029 3980 2415 4134 foupirs
2441 4055 2475 4097 ,

696 4131 1138 4250 Trouble
1194 4136 1294 4242 la
1344 4143 1578 4291 paix
1628 4130 1744 4240 de
1792 4173 1934 4245 ces
1982 4136 2412 4288 rivages.

698 4290 827 4402 V
848 4305 1241 4400 Amour
1278 4291 1475 4440 fait
1522 4329 1857 4442 regner
1894 4287 2025 4397 les
2074 4284 2473 4428 Plaifirs
2505 4364 2539 4409 ,

701 4439 877 4552 Où
931 4446 1301 4599 regnoit
1337 4439 1799 4553 l'horreur
1839 4439 2001 4551 des
2039 4419 2561 4595 naufrages
2567 4516 2591 4542 .

612 4606 736 4699 Le
778 4593 1130 4700 Chœur
1172 4605 1520 4740 répété,
1570 4594 1770 4701 Ah]
1810 4635 1968 4738 que
2006 4596 2380 4724 Medufe
2400 4613 2432 4711 ,
2484 4612 2682 4709 &c.
