3854 5327
1125 267 2093 375 TRAGEDIE.
2917 303 3016 387 z-

1197 483 1961 583 ORPHISE,

831 689 1095 803 Vous
1137 693 1313 841 qui
1353 727 1681 843 voyez.»
1719 687 1787 797 d
1823 727 2007 797 vos
2025 721 2427 843 genoux
2451 765 2483 809 ,

227 841 655 999 Soupirer
693 867 921 949 tant
973 845 1533 953 d’dînants
1551 849 1805 991 Jans
1857 883 1973 947 en
2025 841 2251 993 efire
2299 833 2741 947 charmée
2773 919 2807 961 ,

669 1001 937 1101 Vous
997 1003 1491 1113 aimeriez»
1533 999 1769 1141 fans
1829 999 2055 1145 eflre
2117 995 2431 1101 aimée
2461 1045 2499 1113 s

231 1137 467 1259 Non
529 1187 627 1253 ce
679 1151 897 1299 nefi
941 1157 1217 1307 point
1265 1189 1621 1263 amour
1657 1195 1709 1257 c
1723 1153 1869 1301 'efi
1905 1191 2041 1255 un
2085 1145 2343 1305 dépit
2383 1143 2763 1293 jaloux.

1229 1377 1975 1473 MEDUSE.

233 1575 467 1703 Non
493 1665 515 1703 t
535 1583 613 1721 f
619 1579 875 1685 aime
913 1609 1059 1689 cet
1101 1581 1491 1735 ingrat,
1537 1599 1669 1703 &
1703 1597 1813 1729 je
1859 1573 2245 1685 cherche
2295 1571 2363 1683 d
2419 1575 2571 1731 luy
2619 1571 2925 1733 plaire
2961 1657 2989 1701 ,

231 1729 599 1859 Quand
641 1753 741 1877 je
797 1731 1003 1841 dois
1073 1733 1155 1839 le
1223 1733 1451 1843 hair
1507 1775 1763 1843 avec
1813 1733 2025 1893 plus
2093 1729 2207 1839 de
2259 1729 2629 1877 fureur.

209 1871 537 2039 Jevoy
575 1881 791 1997 bien
819 1927 1127 2043 quun
1179 1929 1529 1997 amour
1575 1885 1785 2045 plus
1817 1891 2031 2039 fort
2081 1923 2265 2039 que
2315 1921 2483 1997 ma
2539 1881 2887 2009 colere,

653 2049 803 2151 Et
843 2045 1023 2195 qui
1075 2079 1191 2149 ne
1231 2045 1653 2189 fçauroit
1683 2039 1901 2199 plus
1909 2035 2027 2189 fe
2069 2073 2319 2145 taire
2349 2119 2385 2159 ,

879 2205 1011 2305 Se
1045 2195 1421 2307 cachoit
1469 2193 1721 2303 dans
1775 2233 1999 2299 mon
2057 2231 2343 2299 cœur.

1173 2423 1265 2515 O
1321 2429 1407 2521 R
1447 2427 1509 2515 P
1561 2423 1653 2517 H
1709 2425 1743 2513 I
1785 2425 1835 2513 S
1889 2421 1987 2513 E.

411 2597 575 2701 On
615 2609 845 2741 peut
901 2591 1211 2693 aimer
1263 2585 1609 2741 quand
1667 2625 1785 2695 on
1829 2585 1953 2731 efi
1965 2597 2211 2731 Jeur
2255 2575 2373 2685 de
2415 2581 2757 2739 plaire.

221 2747 535 2855 Persée
581 2745 651 2855 à
697 2781 883 2851 vos
933 2737 1215 2887 de/îrs
1255 2739 1615 2893 peut-il
1659 2745 1885 2889 efire
1943 2741 2425 2845 contraire
2467 2747 2517 2847 ?

225 2903 467 3011 Vous
513 2935 803 3011 avez»
853 2897 1105 3005 dans
1165 2935 1313 3001 ces
1369 2895 1633 3003 lieux
1685 2921 1903 3003 tout
1929 2929 2029 2995 ce
2053 2893 2229 3043 qui
2251 2921 2481 3041 peut
2507 2885 2989 3017 charmer,

507 3059 789 3165 Tous
843 3049 971 3157 les
1013 3045 1391 3207 plaifirs
1415 3081 1447 3171 ,
1505 3079 1721 3157 tout
1767 3091 1865 3155 ce
1909 3085 2083 3201 qui
2111 3043 2325 3191 fait
2373 3051 2721 3155 aimer.

359 3213 519 3313 On
565 3237 793 3361 peut
845 3211 1157 3315 aimer
1207 3201 1561 3351 quand
1595 3247 1713 3311 on
1751 3203 2145 3355 efljeur
2183 3197 2301 3305 de
2347 3197 2657 3353 plaire
2669 3275 2687 3297 .

1241 3361 1925 3459 MEDUSE.

225 3497 315 3625 Q
329 3533 429 3597 ue
491 3497 603 3603 de
661 3505 1181 3655 tranfports
1239 3499 1577 3605 divers
1635 3537 1857 3605 mon
1913 3539 2173 3605 cœur
2219 3497 2349 3643 efi
2393 3493 2673 3647 agité
2687 3509 2723 3603 !

201 3637 325 3795 Je
361 3657 665 3757 crains
695 3663 811 3793 fi
815 3689 1069 3755 aime
1095 3665 1239 3797 ,je
1269 3649 1479 3755 hais
1505 3673 1535 3773 ,
1571 3673 1701 3771 &
1735 3651 2083 3805 quand
2109 3647 2489 3799 malgré
2517 3689 2679 3757 ma
2709 3643 2995 3763 haine

645 3795 763 3953 Je
813 3799 1037 3907 cede
1089 3803 1151 3907 d
1205 3803 1609 3909 l'amour
1645 3809 1815 3955 qui
1859 3845 1955 3909 m
1989 3801 2433 3911 entraîne
2461 3881 2497 3925 ,

227 3949 393 4053 V)n
443 3961 655 4091 rejie
701 3955 817 4063 de
865 3985 1167 4063 vertu
1193 3951 1223 4073 ,
1275 3951 1389 4107 de
1411 3955 1717 4107 gloire
1747 3975 1781 4077 ,
1845 3975 1975 4075 &
2039 3953 2155 4061 de
2179 3951 2483 4099 fierté

227 4103 495 4207 Pend
539 4151 699 4217 ma
743 4103 1087 4217 bouche
1145 4139 1507 4215 muette
1565 4133 1697 4227 &
1757 4149 1925 4215 ma
1945 4107 2367 4259 flamme
2421 4109 2953 4219 incertaine
2957 4187 2987 4219 •

227 4249 437 4397 Que
489 4261 599 4369 de
649 4263 1179 4423 tranfports
1229 4261 1567 4373 divers
1629 4305 1853 4373 mon
1913 4305 2163 4373 cœur
2207 4265 2327 4417 efi
2377 4263 2661 4417 agité
2685 4279 2721 4373 !
