3854 5610
1898 331 2680 465 MEDUSE,
801 385 921 450 22
1084 796 1826 934 SCENE
2092 796 3468 930 TROISIEME.

1111 1076 1186 1178 P
1221 1074 1302 1176 E
1337 1072 1442 1180 R
1483 1068 1546 1180 S
1587 1066 1792 1176 E’E
1857 1074 1972 1177 &
2029 1059 2128 1173 fa
2185 1067 2537 1197 Suite,
2595 1075 2716 1179 &
2765 1061 2860 1174 le
2939 1060 3397 1180 Chœur.

1871 1282 1957 1375 C
2003 1279 2105 1373 H
2151 1279 2325 1377 OE
2369 1283 2455 1377 U
2495 1279 2615 1379 R.

809 1425 1119 1714 V
1147 1430 1249 1538 E
1253 1466 1529 1552 nez*,
1597 1426 2185 1545 Minerve,
2249 1441 2387 1545 &
2447 1457 2639 1579 par
2679 1418 3005 1564 vofare
3061 1416 3507 1584 prefence

1145 1592 1517 1710 Venez*
1543 1586 1817 1742 faire
1873 1575 2343 1694 trembler
2379 1575 2845 1693 l'audace
2903 1578 3075 1692 des
3151 1576 3669 1709 Mortels;

781 1761 965 1867 De
1019 1745 1123 1858 la
1155 1742 1407 1900 fiere
1469 1740 1933 1892 Medufè
1971 1737 2395 1861 arrêtez*
2451 1739 3003 1897 l'infblence
3031 1824 3069 1870 ,

988 1917 1424 2036 Venez*,
1448 1906 1900 2060 faauvez*
1944 1899 2465 2015 /’honneur
2506 1901 2629 2013 de
2666 1943 2863 2014 vos
2928 1900 3332 2016 Autels.

780 2119 1276 2227 Minerve
1338 2104 1786 2218 defcend
1850 2104 1994 2217 du
2068 2105 2340 2221 Ciel.

1030 2628 1760 2762 SCENE
1960 2624 3430 2797 (QUATRIEME.

1345 2891 2205 3002 MINERVE
2283 2975 2311 3021 ,
2405 2894 3147 3004 PERSE’E.

1827 3098 2627 3207 MINERVE.

855 3299 1091 3582 P
1127 3298 1443 3414 Rince
1505 3304 1969 3446 toujours
2031 3289 2103 3405 à
2155 3335 2363 3405 mes
2425 3293 2633 3409 loix
2651 3290 3127 3448 fafidelle
3151 3380 3191 3426 ,

1105 3462 1441 3572 Héros
1475 3452 1837 3608 forme'
1875 3450 2015 3563 du
2057 3451 2287 3617 plus
2351 3451 2607 3567 beau
2633 3465 2913 3616 Jung
2965 3456 3137 3566 des
3175 3456 3533 3570 Dieux
3565 3540 3593 3588 ,

1418 3616 1644 3726 Dés
1704 3652 1900 3768 que
1952 3647 2064 3723 ta
2126 3653 2392 3725 voix
2450 3620 2990 3779 m'appelle,

1384 3756 1500 3932 fa
1502 3768 2106 3885 abandonne
2176 3773 2316 3883 les
2380 3785 2750 3889 deux.

774 3937 1028 4097 C'efa
1082 3930 1350 4082 ainfi
1392 3974 1584 4090 que
1618 3948 1724 4082 je
1766 3970 2058 4045 veux
2096 3933 2576 4097 répondre
2622 3935 2694 4047 d
2742 3978 2844 4046 ce
2872 3928 3134 4048 beau
3190 3934 3484 4062 z*ele,

1406 4092 1640 4236 Qui
1694 4122 2030 4202 contre
2072 4135 2270 4205 une
2276 4091 2532 4247 fiere
2580 4096 3022 4210 mortelle

1416 4258 1738 4360 Vient
1776 4254 1930 4401 icy
1956 4257 2418 4397 (outemr
2470 4299 2678 4367 mes
2734 4255 3054 4372 droits
3070 4342 3092 4370 .

1389 4392 1518 4552 fae
1565 4442 1610 4520 t
1643 4448 1774 4562 ay
1831 4407 2156 4559 confié
2197 4459 2370 4527 ma
2417 4413 2744 4575 gloire
2769 4474 2814 4546 j

767 4571 1097 4689 Mais
1117 4564 1437 4718 j'euffe
1491 4564 1817 4678 voulu
1867 4575 2109 4681 voir
2155 4605 2333 4685 ton
2397 4617 2661 4685 cœur
2721 4599 2865 4706 &
2919 4612 3031 4694 ta
3091 4586 3579 4696 mémoire.

771 4745 1269 4894 Occuper
1263 4722 1839 4878 feulement
1893 4726 2063 4843 des
2081 4737 2371 4889 Joins
2427 4779 2625 4895 que
2675 4771 2799 4854 tu
2855 4786 3013 4854 me
3075 4740 3291 4856 dois
3289 4818 3309 4850 »
