3854 5360
2893 331 2984 392 II

1107 270 2031 388 TRAGEDIE.

1183 488 1224 578 1
1269 491 1320 585 S
1371 486 1582 586 ME
1625 490 1939 587 NIE.

783 675 1146 783 Prince
1173 706 1197 830 ,
1246 706 1432 831 far
1463 712 1612 786 cet
1659 708 2344 833 emportement

787 834 1062 941 Vous
1109 830 1870 987 offenfeT^nofire
1929 836 2256 989 Deejfe
2259 923 2284 953 .

1259 1040 1886 1140 PERSE’E.

193 1171 561 1323 Quand
622 1166 703 1280 le
739 1170 956 1330 plus
1007 1177 1347 1333 grand
1422 1182 1588 1288 des
1650 1219 1981 1288 maux
2050 1221 2446 1293 menace
2522 1229 2690 1299 ma
2754 1222 2918 1307 ten
2922 1266 2968 1286 -

325 1330 656 1479 drefie,

389 1489 917 1598 L'Amour
961 1526 1097 1597 au
1159 1484 1617 1645 defefpoir
1663 1490 2012 1646 agit-il
2043 1524 2607 1614 autrement
2634 1513 2694 1615 ?

1231 1690 1903 1789 ISMENIE.

187 1886 329 1992 La
365 1887 669 2036 raifon
715 1881 923 1997 doit
972 1885 1279 2043 regler
1313 1887 1443 1996 les
1484 1899 2013 2050 tranfports
2060 1895 2295 2009 d'un
2334 1937 2693 2023 amant
2694 1995 2721 2022 .

1250 2110 1849 2215 PERSE’E.

182 2310 321 2412 La
358 2305 663 2454 raifon
706 2301 975 2462 parle
1012 2342 1125 2411 en
1162 2311 1421 2414 vain
1458 2310 1811 2463 quand
1844 2313 2265 2431 l'amour
2300 2325 2427 2479 efi
2468 2329 2948 2472 extrême,

309 2461 451 2568 Et
491 2503 587 2572 ce
635 2466 732 2571 ri
737 2463 864 2611 efi
914 2471 1151 2616 qu'a
1205 2460 1689 2572 l'Amour
1724 2507 1909 2624 que
1957 2472 2041 2581 le
2083 2519 2345 2588 cœur
2376 2481 2633 2603 obéit
2634 2565 2659 2591 .

753 2623 1024 2724 Peut
1071 2655 1194 2722 on
1267 2615 1650 2724 écouter
1689 2626 2040 2776 quand
2089 2673 2212 2740 on
2253 2642 2520 2748 aime

746 2787 760 2826 1
757 2767 1036 2879 Tout
1083 2809 1186 2878 ce
1233 2808 1418 2923 que
1459 2769 1558 2876 la
1611 2785 1928 2926 raijon
1971 2827 2214 2894 nous
2265 2789 2420 2902 dit
2453 2825 2486 2903 ?

1213 2976 1858 3076 ISMENIE.

171 3141 341 3259 Ah
369 3162 400 3260 !
419 3148 525 3297 fi
545 3183 784 3300 pour
842 3153 1392 3310 s'épargner
1441 3155 2124 3320 d'importunes
2179 3171 2628 3287 allarmes

178 3310 329 3410 On
372 3304 707 3417 bannit
754 3309 851 3418 la
910 3308 1227 3457 raifon
1276 3349 1391 3417 en
1441 3313 1817 3461 faveur
1876 3319 1988 3432 de
2042 3327 2500 3441 l'Amour
2534 3384 2580 3458 ;

744 3467 979 3608 Que
1028 3462 1145 3567 de
1184 3473 1643 3622 repentirs
1676 3511 1705 3624 ,
1740 3512 1929 3624 que
1986 3478 2101 3585 de
2140 3478 2497 3595 larmes

746 3613 1134 3761 Quand
1185 3614 1285 3719 la
1337 3619 1659 3772 raifon
1717 3630 1844 3773 efi
1893 3627 2009 3738 de
2063 3662 2391 3744 retour
2413 3655 2453 3747 !

173 3762 388 3870 Vers
443 3762 524 3869 le
581 3762 706 3873 T
703 3765 994 3921 emple
1029 3780 1134 3911 je
1185 3804 1380 3918 voy
1413 3766 1496 3875 le
1545 3774 1878 3930 peuple
1931 3793 2104 3938 qui
2133 3790 2250 3935 fe
2292 3797 2603 3948 prejfe.

444 3926 824 4067 Fuyons
878 3917 1038 4026 des
1053 3957 1342 4070 jeux
1398 3930 1824 4034 ennemis
1864 3975 1984 4039 ou
2027 3938 2432 4081 jaloux,

444 4074 595 4181 Et
640 4112 895 4186 vous
948 4074 1463 4234 aüefaux
1514 4075 1785 4234 pieds
1844 4085 1961 4193 de
2018 4089 2121 4196 la
2184 4104 2506 4253 DeeJJe

739 4232 1153 4344 ittirer
1184 4232 1331 4381 (es
1376 4224 1933 4389 bonteT^fur
1984 4284 2254 4369 nous.
