3854 5610
741 329 853 422 34

1855 288 2615 424 MEDUSE,

1886 520 2536 634 MEDUSE.

1400 763 1501 872 O
1576 755 1809 875 Ciel
1830 773 1867 868 !
1900 802 2097 922 que
2136 808 2297 878 me
2352 758 2811 931 reproche
2812 805 3228 888 z,-vous
3256 774 3309 880 ?

741 938 1038 1097 Jldoy
1197 958 1406 1033 dur
1403 923 1550 1031 ois
1605 914 1728 1031 de
1771 917 2212 1039 ïamour
2239 962 2498 1092 pour
2545 928 3054 1047 l'Amant
3091 929 3190 1043 d*
3211 930 3698 1084 Ifmenie?

746 1099 895 1208 Le
954 1081 1329 1201 traître
1388 1121 1511 1195 en
1544 1086 2113 1230 foutenant
2162 1091 2267 1202 la
2330 1088 2703 1205 beauté
2742 1087 2865 1205 de
2924 1106 3017 1210 P
3024 1093 3283 1208 allas
3310 1176 3346 1222 ,

1395 1244 1914 1407 Soûpiroit
1957 1284 2218 1409 pour
2271 1250 2720 1365 d'autres
2769 1287 3084 1420 appas
3107 1307 3150 1379 i

1394 1403 1503 1521 Il
1546 1402 1855 1521 adore
1910 1452 2151 1525 mon
2200 1422 2677 1530 ennemie.

1393 1573 1678 1684 Vous
1733 1574 1922 1733 qui
1971 1606 2406 1735 pouvez,
2459 1573 2598 1688 les
2655 1577 3096 1705 arrêter,

747 1725 1037 1848 Vous
1093 1712 1453 1883 laijfez,
1507 1728 1579 1842 d
1635 1772 1809 1843 ma
1863 1726 2171 1849 haine
2223 1732 2645 1903 échaper
2697 1734 2911 1852 l'un
2970 1758 3111 1869 &
3159 1735 3521 1855 l'autre
3527 1819 3557 1851 .

1815 1983 2627 2089 NEPTUNE.

728 2165 1008 2286 Non
1016 2257 1044 2301 >
1076 2208 1276 2280 non
1310 2199 1342 2321 ,
1376 2199 1636 2321 pour
1662 2200 2180 2285 contenter
2200 2218 2376 2289 ma
2408 2215 3014 2337 vangeance
3052 2194 3191 2303 &
3226 2173 3332 2288 la
3362 2211 3658 2296 votre
3662 2272 3694 2320 ,

883 2318 1119 2499 J'ay
1173 2326 1446 2485 brifé
1487 2325 1578 2438 le
1651 2330 2129 2486 Vaijfeau
2189 2348 2372 2496 qui
2431 2339 2565 2452 les
2625 2328 2980 2455 devoit
3007 2371 3373 2505 porter.

1542 2499 2267 2604 MEDUSE
2332 2488 2387 2599 à
2428 2495 2517 2604 fa
2560 2508 2856 2605 Suite.

735 2635 978 2786 Que
995 2639 1432 2793 font-ils
1491 2643 1950 2756 devenus
1997 2688 2024 2749 i
2075 2683 2401 2777 vous,
2427 2683 2682 2809 pour
2715 2653 3060 2805 fervir
3105 2691 3280 2763 ma
3325 2644 3626 2764 haine
3663 2734 3701 2780 ,

1060 2811 1459 2923 Courez
1450 2842 1550 2938 ,,
1610 2803 1991 2964 voleT^*
2030 2803 2613 2973 précipitez,
2660 2852 2853 2923 vos
2912 2846 3095 2978 pas
3124 2861 3165 2937 ;

739 2961 1250 3084 Amenez,
1299 2990 2042 3131 promptement
2091 3003 2316 3076 aux
2363 2970 2654 3135 pieds
2717 2969 2838 3083 de
2885 3002 3186 3086 votre
3239 2984 3638 3139 Reyne,

1384 3137 1581 3243 Zdn
1650 3166 1917 3241 cœur
1966 3127 2155 3281 qui
2217 3120 2547 3242 brave
2590 3140 2745 3286 fes
2800 3167 3117 3300 appas
3120 3217 3145 3241 .

1814 3289 2610 3393 NEPTUNE.

1383 3441 1563 3546 De
1616 3474 1877 3593 quoy
1925 3429 2541 3595 s'embarajfe
2609 3441 3155 3593 Medufe?

1380 3601 1484 3707 V
1494 3626 1706 3706 otre
1768 3577 1890 3706 de
1882 3602 2048 3746 for
2056 3595 2232 3705 dre
2284 3644 2444 3711 me
2480 3604 3032 3771 Jurprend.

735 3741 1301 3900 Regardez,
1343 3747 1477 3861 les
1541 3754 1957 3917 refpects
1999 3796 2199 3913 que
2261 3766 2769 3919 Neptune
2819 3808 3087 3880 vous
3127 3766 3443 3903 rend,

720 3907 876 4014 Et
924 3905 1430 4067 méprifez,
1484 3909 1900 4024 l'encens
1956 3958 2100 4077 qu
2138 3963 2278 4034 un
2334 3924 2703 4037 mortel
2738 3969 3000 4043 vous
3060 3933 3382 4090 refuje
3390 4016 3418 4043 .

717 4065 852 4173 Le
911 4060 1349 4181 Maître
1385 4071 1951 4203 (buveram
2001 4072 2123 4185 de
2183 4125 2287 4194 ce
2345 4089 2637 4242 vafte
2695 4087 3123 4205 element
3155 4145 3197 4217 s

1052 4231 1205 4338 Le
1274 4235 1565 4343 Dieu
1622 4237 1809 4391 qui
1846 4238 2057 4390 fait
2098 4241 2207 4366 ft)
2230 4245 2556 4362 calme
2598 4250 2738 4365 les
2792 4249 3264 4419 tempêtes
3296 4348 3326 4392 ,

721 4384 960 4538 S'ejl
1005 4427 1234 4498 aux
1271 4427 1538 4543 yeux
1603 4376 1728 4503 de
1777 4398 2132 4515 Pallas
2183 4403 2592 4526 déclaré
2625 4457 2761 4527 vo
2821 4453 2927 4522 re
2965 4452 3344 4536 amant
3357 4474 3399 4550 ;

1054 4551 1217 4656 Et
1262 4590 1533 4660 vous
1582 4596 1890 4676 avez,
1946 4558 2437 4730 l'indigne
2494 4575 3227 4739 emprejjement

1061 4713 1238 4818 De
1273 4708 1558 4863 faire
1617 4712 1740 4827 de
1783 4723 2279 4842 moindre,
2357 4732 2923 4898 conquêtes.
