3854 5648
698 356 748 436 8
1784 324 2582 448 MEDUSE,

1744 523 2652 629 MELANTE.

1040 730 1277 877 Qui
1324 752 1579 892 peut
1630 717 2083 836 troubler
2118 762 2261 832 un
2304 730 2519 870 fort
2542 715 2665 872 fi
2672 711 3153 879 glorieux
3178 722 3233 826 ?

1365 886 1727 1036 Eft-ce
1785 885 1891 997 la
1957 884 2451 1042 Princejfe
2527 881 3017 1036 Ifimenie,

1363 1050 1611 1192 Qui
1645 1081 1985 1163 receut
2029 1047 2149 1161 de
2193 1042 2297 1156 la
2341 1048 2639 1158 main
2683 1037 2855 1153 des
2895 1040 3281 1153 "Dieux
3323 1112 3361 1158 ,

1359 1220 1610 1322 "Vne
1649 1203 2014 1323 beauté
2065 1205 2372 1368 digne
2433 1202 2844 1316 d'envie
2873 1211 2928 1315 ?

1366 1382 1606 1488 Par
1652 1375 2036 1539 reffett
2086 1372 2258 1487 elle
2310 1372 2522 1524 s’efl
2576 1359 2948 1477 bannie
2976 1445 3016 1491 ,

708 1547 872 1658 Et
926 1579 1048 1651 ne
1096 1529 1518 1651 balance
1554 1534 1784 1704 plus
1834 1533 1924 1647 le
1970 1534 2424 1701 pouvoir
2468 1524 2596 1640 de
2636 1563 2830 1641 vos
2856 1564 3178 1691 yeux*

1777 1765 1875 1861 O
1923 1767 2011 1867 R
2055 1767 2123 1861 P
2167 1764 2269 1862 H
2317 1766 2357 1858 I
2403 1766 2457 1860 S
2499 1762 2605 1858 E.

1037 1915 1403 2067 Ejl-ce
1451 1912 1993 2028 Minerve
2047 1906 2417 2019 adorée
2471 1948 2597 2018 en
2647 1941 2801 2015 ces
2859 1897 3207 2009 lieux?

713 2073 980 2229 C'eft
1023 2069 1116 2189 le
1157 2072 1398 2235 plus
1445 2068 1750 2234 digne
1807 2063 2068 2221 objet
2125 2062 2250 2179 de
2301 2068 2636 2222 vojtre
2663 2056 3104 2221 jaloufie
3112 2144 3136 2170 .

1736 2235 2050 2333 MET
2134 2230 2208 2329 A,
2248 2234 2354 2330 N
2394 2234 2634 2330 TE.

1036 2379 1278 2535 Qui
1318 2410 1570 2544 peut
1622 2375 2078 2494 troubler
2132 2420 2278 2489 un
2296 2378 2534 2536 fiort
2552 2375 2678 2522 fi
2696 2367 3172 2535 glorieux
3200 2372 3252 2480 ?

894 2542 1309 2697 Quand
1346 2582 1613 2652 vous
1648 2573 2093 2706 pouvez,
2124 2578 2401 2652 avec
2444 2580 2643 2650 une
2688 2526 3289 2649 immortelle
3327 2618 3359 2662 ,

1367 2702 1879 2860 Difputer
1931 2741 2151 2813 aux
2187 2742 2465 2862 yeux
2517 2696 2639 2810 de
2687 2729 2919 2809 tous
2951 2781 2989 2825 ,

1363 2866 1517 2974 La
1537 2858 1861 3022 gloire
1909 2859 2253 3017 d'efire
2309 2858 2415 2970 la
2465 2858 2697 3026 plus
2751 2853 3047 2983 belle,

711 3031 1040 3142 Dans
1092 3065 1192 3135 ce
1207 3020 1674 3183 fameux
1726 3015 2138 3137 combat
2174 3052 2456 3134 entre
2503 3036 2596 3138 P
2600 3021 2858 3135 allas
2915 3041 3058 3147 &
3108 3056 3446 3140 vous,

1362 3186 1882 3344 Neptune
1930 3180 2262 3343 prend
2314 3186 2650 3340 vojlre
2702 3180 3124 3347 querelle
3130 3272 3152 3296 .

1838 3350 2578 3450 MEDUSE.

1370 3490 1791 3644 Quand
1830 3501 2343 3663 Neptune
2381 3500 2513 3650 efi
2549 3521 2889 3606 contre
2932 3501 3025 3609 P
3033 3488 3357 3616 allas,

713 3653 829 3772 Il
877 3691 999 3765 en
1059 3654 1319 3765 croit
1375 3658 1699 3766 moins
1751 3655 2191 3769 l'amour
2239 3654 2507 3816 quil
2549 3699 2617 3768 a
2667 3687 2929 3817 pour
2975 3696 3187 3766 mes
3245 3682 3563 3816 appas
3599 3735 3631 3785 -

1365 3822 1615 3970 Que
1659 3814 1765 3930 la
1807 3811 2115 3933 haine
2157 3812 2419 3980 quil
2465 3858 2535 3928 a
2585 3855 2845 3982 pour
2897 3815 3067 3931 elle
3099 3858 3135 3922 :

676 3965 934 4137 fiay
994 3965 1450 4088 d'autres
1506 3970 2028 4142 deplaifirs
2084 4018 2282 4139 que
2336 4020 2606 4092 vous
2652 4021 2774 4089 ne
2816 3977 3230 4131 fçavezj
3272 4014 3496 4148 pas.

1374 4142 1712 4252 Mais
1772 4181 2040 4253 vous
2100 4140 2544 4300 diray-je
2604 4183 2782 4256 ma
2828 4133 3248 4300 foiblejfe
3286 4152 3340 4256 ?

1372 4288 1732 4454 Perfiée
1780 4303 2094 4417 adore
2160 4300 2268 4412 la
2344 4307 2690 4462 Deejfe
2718 4387 2753 4433 ,

717 4465 873 4580 Et
927 4455 1091 4613 luy
1143 4453 1471 4570 donne
1525 4462 1599 4574 à
1653 4507 1865 4581 mes
1883 4505 2191 4635 yeux
2249 4462 2339 4576 le
2381 4500 2625 4630 prix
2683 4465 2807 4581 de
2865 4459 2971 4575 la
3027 4454 3407 4588 beauté
3413 4526 3459 4602 s

919 4615 1183 4775 C'eft
1235 4660 1377 4730 un
1423 4620 1805 4782 affront
1855 4635 2045 4795 qui
2101 4659 2679 4744 tourmente
2709 4631 2973 4789 fans
3029 4630 3255 4788 cefjé
3277 4714 3311 4762 y

1037 4789 1288 4917 Ma
1343 4786 1778 4912 délicate
1841 4817 1990 4929 &
2021 4788 2424 4954 jaloufie
2453 4788 2796 4948 fierté.

3144 4963 3692 5076 ORPHISE
