3854 5360
1105 232 2063 343 TRAGEDIE.
2941 278 3002 355 -

625 438 1370 542 ORPHISE
1447 450 1540 539 &
1621 437 2500 538 MELANTE.

472 624 865 768 Quand
900 629 985 739 il
1022 624 1320 739 adore
1368 666 1556 735 une
1616 632 2176 755 Divinité,

187 778 280 896 Il
313 776 631 936 brigue
669 787 787 933 fa
835 782 1217 934 faveur
1273 803 1407 904 &
1461 820 1655 890 non
1691 814 1873 942 pas
1893 783 2019 934 fa
2071 782 2519 935 tendrejfe
2523 874 2543 898 .

1144 987 1950 1088 ORPHISE.

176 1174 661 1288 Minerve
710 1170 973 1283 rieût
988 1181 1373 1323 jamais
1426 1174 1527 1283 la
1548 1171 1971 1332 foibleffe
2026 1170 2497 1284 d'aimer:

343 1337 468 1439 L
477 1335 876 1440 Amour
925 1369 1088 1439 na
1141 1334 1350 1437 rien
1403 1374 1470 1438 a
1519 1327 2030 1493 prétendre
2049 1330 2248 1481 fur
2297 1330 2497 1442 elle.

1162 1546 1888 1650 MEDUSE.

166 1729 271 1836 A
312 1722 721 1836 lamour
768 1726 921 1841 tôt
964 1767 1087 1839 ou
1134 1727 1379 1839 tard
1422 1770 1545 1838 on
1568 1735 1689 1884 fe
1738 1730 1987 1884 laijfe
2034 1731 2609 1883 enflammer
2634 1788 2665 1851 :

591 1883 816 1991 Elle
821 1884 948 2035 fe
985 1889 1276 2041 pique
1331 1881 1652 2037 d’efire
1719 1884 2007 2014 belle,

584 2044 737 2145 Et
784 2044 991 2187 cefi
1034 2028 1306 2188 ajfezj
1346 2069 1601 2196 pour
1642 2043 2280 2156 m’allarmer.

587 2194 810 2339 Qui
853 2223 1104 2302 veut
1157 2195 1384 2343 ejlre
1433 2190 1658 2307 belle
1707 2229 1958 2306 veut
1991 2198 2306 2356 plaire
2325 2252 2367 2325 ;

156 2339 297 2446 Et
330 2342 673 2495 quand
722 2386 905 2454 une
956 2341 1323 2455 beauté
1354 2383 1615 2459 veut
1662 2350 2032 2463 donner
2076 2353 2192 2465 de
2250 2356 2728 2489 l’amour,

579 2503 801 2611 Elle
849 2494 1237 2606 cherche
1287 2497 1354 2610 à
1399 2508 1503 2649 fe
1515 2505 1703 2655 fat
1705 2511 2041 2659 isfaire

578 2666 776 2767 Au
814 2651 1061 2808 péril
1114 2652 1524 2767 d'aimer
1574 2661 1645 2768 à
1666 2662 1862 2811 fin
1922 2693 2180 2773 tour.

1115 2858 1911 2959 ORPHISE.

575 3044 894 3151 Mais
947 3045 1410 3191 oferay-je
1459 3088 1718 3158 vous
1767 3052 1854 3161 le
1909 3049 2118 3166 dire
2143 3063 2196 3163 ?

148 3189 399 3300 Vous
434 3229 720 3311 avezj
764 3223 1011 3352 pour
1050 3199 1391 3347 Perfée
1438 3244 1629 3309 une
1680 3208 2117 3361 inquiété
2166 3210 2566 3330 ardeur.

1137 3398 1885 3505 MEDUSE.

118 3503 240 3666 fe
272 3523 726 3637 voudrois
746 3531 940 3680 fur
974 3536 1302 3685 Perfie
1334 3545 1726 3652 étendre
1768 3590 1994 3656 mon
2040 3562 2400 3712 empire
2432 3645 2460 3689 ,

143 3677 393 3779 Pour
445 3710 649 3788 oter
695 3725 763 3789 a
835 3690 1339 3797 Minerve
1395 3736 1531 3801 un
1573 3699 1669 3826 f
1694 3702 2037 3850 grand
2087 3671 2643 3868 deffenjeur.

416 3838 532 3942 Si
576 3832 736 3943 des
745 3835 1142 3997 fiupirs
1182 3841 1640 4000 échapent
1694 3856 1810 3955 de
1858 3895 2086 3964 mon
2146 3899 2400 3969 cœur
2425 3949 2456 3991 ,

573 4000 713 4097 Ce
777 3999 1027 4101 neft
1074 4030 1257 4144 que
1321 3997 1789 4155 d'orgueil
1836 4008 2083 4159 qu’il
2126 4014 2537 4177 foûpire.

130 4129 448 4281 Perfée
480 4146 628 4247 eft
664 4139 748 4247 le
779 4142 1000 4300 plus
1029 4147 1372 4300 grand
1401 4152 1428 4278 ,
1472 4152 1556 4257 le
1589 4154 1808 4314 plus
1819 4157 2018 4310 fier
2067 4163 2230 4276 des
2283 4176 2672 4289 mortels
2699 4227 2742 4291 :

317 4290 499 4398 Tu
551 4305 775 4403 vois
834 4303 1065 4450 quel
1111 4296 1377 4413 bruit
1404 4346 1435 4461 ,
1494 4312 1795 4461 quelle
1828 4313 2137 4469 gloire
2184 4326 2677 4446 éclatante

563 4451 798 4564 Suit
857 4452 1084 4605 déjà
1119 4458 1240 4603 fa
1297 4462 1658 4572 valeur
1709 4465 2180 4622 naiffante
2189 4561 2209 4589 ,

2404 4643 2471 4733 L
