3854 5648
761 329 849 389 Il

1855 279 2667 409 MEDUSE,

1898 486 2638 587 MEDUSE,

777 707 995 815 Par
1033 689 1269 812 z>ele
1329 701 1471 810 &
1513 715 1709 847 far
1743 681 2109 844 rejpett
2143 721 2407 794 vous
2453 712 2893 842 pouvez,
2949 663 3057 780 lu
3113 662 3613 834 dejfendre
3639 724 3683 798 ;

970 858 1302 970 Mais
1358 887 1622 961 vous
1659 844 2090 966 l'aimez*
2154 867 2296 972 &
2360 881 2628 955 vous
2684 854 2930 993 ojez,
2974 829 3510 991 prétendre
3536 916 3572 960 -

766 1025 1015 1167 Que
1074 1023 1167 1129 P
1175 1010 1435 1127 allas
1446 1008 1883 1169 jufquâ
1943 1048 2211 1121 vous
2290 1003 2669 1166 daigne
2712 993 3057 1156 baijjer
3096 993 3239 1111 les
3247 1034 3587 1160 jeux.

1884 1249 1954 1339 P
1994 1246 2064 1339 E
2112 1240 2200 1346 R
2240 1245 2294 1343 S
2344 1240 2442 1339 E’
2488 1240 2594 1336 E.

977 1447 1351 1616 faime
1407 1467 1505 1576 P
1509 1458 1769 1575 allas
1799 1457 2061 1614 fans
2101 1453 2409 1618 efloir
2437 1450 2465 1614 ,
2493 1449 2761 1614 fans
2787 1439 3235 1608 foiblejfe
3277 1530 3315 1578 ,

764 1637 932 1747 Et
954 1644 1074 1786 je
1132 1666 1354 1785 croj
1406 1663 1602 1788 que
1650 1620 1740 1734 le
1798 1623 2016 1738 Fils
2078 1626 2224 1738 du
2270 1619 2504 1787 plus
2550 1616 2994 1782 pmjjant
3042 1613 3214 1728 des
3272 1611 3654 1728 Dieux

1251 1796 1537 1901 Peut
1589 1778 1967 1898 adorer
2017 1827 2217 1894 une
2281 1764 2671 1938 Détjje.

1217 1934 1652 2112 Jupiter
1704 1987 1962 2058 nous
2021 1942 2370 2056 donna
2417 1938 2506 2054 le
2537 1957 2796 2096 jour
2820 1996 2864 2070 ;

1252 2118 1353 2225 P
1350 2150 1419 2220 a
1426 2107 1499 2220 II
1492 2155 1611 2225 as
1668 2104 1759 2218 le
1818 2105 2039 2221 doit
2092 2102 2163 2220 à
2186 2103 2795 2266 Jajagejjfè,

1249 2274 1414 2386 Et
1443 2285 1562 2424 je
1629 2268 1718 2380 le
1775 2267 1996 2383 dois
2053 2266 2128 2384 à
2161 2269 2368 2426 fon
2425 2304 2806 2380 amour
2808 2352 2832 2378 .

1866 2471 2631 2580 MEDUSE.

1251 2652 1362 2769 Il
1409 2653 1546 2808 efi
1593 2644 1854 2764 beau
1911 2657 2032 2763 de
2081 2651 2424 2765 naître
2477 2641 3074 2760 immortelle
3098 2725 3132 2773 ,

760 2827 1095 2941 Avec
1150 2853 1347 2929 une
1398 2812 1771 2928 beauté
1814 2815 2005 2976 qui
2052 2841 2297 2970 peut
2352 2836 2581 2923 tout
2638 2804 3295 2967 enflammer;

1253 2984 1585 3097 Mais
1643 2972 1729 3089 il
1771 2981 1931 3086 eft
1975 2966 2427 3090 honteux
2483 2966 2631 3084 die
2635 2977 2843 3083 Ere
2901 2967 3135 3081 belle
3167 3050 3201 3098 ,

1256 3150 1584 3259 Avec
1622 3180 1770 3253 un
1810 3177 2082 3249 cœur
2122 3176 2304 3296 qui
2346 3176 2470 3245 ne
2484 3131 2956 3292 fçauroit
3010 3131 3348 3245 aimer
3350 3211 3376 3239 .

1883 3351 1957 3451 P
2003 3350 2079 3451 E
2125 3353 2213 3454 R
2259 3351 2313 3449 S
2355 3346 2453 3447 E’
2493 3348 2595 3446 E.

1246 3558 1612 3663 D'une
1672 3541 2018 3701 Déejjfe
2070 3550 2518 3708 auguEe
2574 3557 2718 3668 &
2762 3538 3012 3700 (âge

1237 3698 1611 3851 faime
1669 3714 2023 3822 mieux
2079 3704 2221 3818 les
2243 3710 2597 3859 juftes
2651 3707 3123 3865 rigueurs
3143 3776 3189 3823 *

1234 3872 1488 4013 Que
1534 3867 1840 3981 d'une
1896 3869 2338 3981 mortelle
2388 3862 2768 4025 volage

1232 4034 1419 4147 Les
1459 4034 1839 4148 vaines
1899 4050 2043 4159 &
2090 4026 2457 4187 faujfes
2508 4024 3045 4142 douceurs.

746 4272 982 4421 Qui
1032 4294 1298 4382 veut
1334 4279 1798 4417 toujours
1846 4259 2100 4375 aller
2150 4257 2278 4374 de
2338 4299 2724 4424 conque
2726 4262 2886 4369 Ee
2928 4297 3052 4368 en
3094 4291 3476 4420 conque
3478 4258 3638 4384 Ee
3654 4334 3694 4384 3

1225 4423 1525 4545 Perd
1562 4420 1719 4571 (es
1745 4427 2027 4576 foins
2083 4441 2225 4550 &
2285 4465 2405 4535 ne
2445 4415 2787 4584 garde
2841 4420 3065 4533 rien
3101 4467 3143 4535 :

1235 4594 1438 4701 Un
1496 4626 1764 4699 cœur
1818 4627 2014 4750 que
2064 4581 2252 4698 nul
2292 4579 2552 4739 objet
2608 4591 3176 4717 n'arreEe,

1240 4750 1443 4863 Ne
1466 4755 1931 4905 fçauroit
1980 4757 2431 4864 arreEer
2478 4744 2569 4858 le
2626 4747 2903 4863 mien
2907 4826 2933 4854 .

753 4904 1082 5021 Perfée
1117 4915 1318 5015 s’en
1357 4943 1508 5016 va.
