2592 3508
1003 111 544 64 Mr GUILLAUME.

854 172 459 67 Oh! belle tout à fait.

1105 222 369 67 PELLERIN.

848 283 328 67 Dites-là donc.

1000 333 556 73 Mr GUILLAUME.

865 388 881 73 La voila: Quiconque entre dans la maiſon

816 450 927 70 d'un Grand, ſerfil devient; c’est Plutarque

824 511 504 67 qui dit cette belle choſe.

1085 561 374 64 PELLERIN.

865 622 667 67 Et ce Plutarque là n’a pas tort.

1015 675 529 64 Mr GUILLAUME.

863 727 889 79 Il y a environ vingt ans qu’un des amis

813 786 930 79 d'un grand Seigneur que je ſervois, ne vou¬

816 841 933 76 lut point aller juſqu’au Chaſteau de mon

822 897 930 76 maître, où ils devoient paſſer ensemble

824 953 937 73 quelques jours, parce qu’en paſſant par An¬

824 1014 925 70 gers ils trouverent malheureuſement dans un

824 1067 922 70 cabaret un Plutarque ouvert; & l’amy de mon

824 1122 928 79 maître, qui n’eſtoit pas ſi grand Seigneur

824 1181 928 70 que luy, jettant les yeux par hazard ſur cet¬

822 1236 927 70 te ſentence, ne voulut jamais pourſuivre le

824 1295 922 78 voyage, quoy qu’il ne fuſt qu’à quatre pe¬

822 1353 512 64 tites lieuës de ſa maiſon.

1097 1406 351 64 PELLERIN.

854 1458 892 70 Cet amy là eſtoit un homme de bon ſens;

824 1517 925 70 & franchement Monſieur, je ſens bien mieux

824 1581 928 70 que vous, qu’à quelque ſauſſe qu’on mette

822 1631 924 73 la ſervitude elle est toujours affreuſe, &

827 1689 919 79 qu’enfin les gens de bon eſprit ne doivent

1094 23 447 96 COMEDIE.

1696 55 50 61 9
