2592 3508
1132 125 354 65 PELLERIN.

877 184 331 67 Hé pourquoy?

1050 230 526 71 Mr GUILLAUME.

895 289 696 73 Hé! je ne ſçais, Adieu Pellerin.

942 49 751 79 LES ENLEVEMENS.

848 78 79 56 12

1038 546 538 88 SCENE III.

1073 678 497 76 PELLERIN ſeul.

974 800 784 62 Oila donc toutes mes meſures rom¬

871 800 82 117 V

971 859 790 56 puës, & la charmante Babet ſera pour

848 917 913 62 un autre que moy. J’enrage. N’importe,

854 973 907 58 pourvû que ce ne ſoit point Pierrot ou Vin¬

848 1023 907 64 cent qui l’épouſe je ſuis à demy conſolé. Les

851 1087 913 58 Rivaux connus & de nôtre competance à peu

848 1137 910 67 prés ſont, ce me ſemble plus chagrinans que

848 1198 913 59 les autres. Oh! parbleu je feray ſi bien en

842 1251 916 64 ſorte, que du moins je n’auray pas honte de

842 1306 913 62 la ceder à celuy qui l’aura: On ne peut juger

845 1365 910 61 encore de quel coſté ſes inclinations pan¬

845 1417 910 62 chent, & la pauvre petite ne ſçait pas enco¬

845 1476 910 58 re qu’elle a un cœur, ou du moins elle igno¬

848 1531 904 62 re à quel uſage on doit le mettre. Certe pau¬

845 1587 904 67 vre enfant, quelle eſt jolie! mais ſi je l’en¬

848 1642 910 65 levois? Justement. Mais ce vieillard eſt

848 1698 907 73 obſtiné comme un diable, & j’aurois

1661 1759 85 73 peur
