2592 3508
848 1449 126 120 A

1132 105 377 64 PELLERIN.

880 160 769 73 Je croyois qu’il ne failloit que courir;

1111 219 381 64 LE COMTE.

903 274 887 62 Tu trouveras Leonor qui va deſcendre de

839 333 936 58 caroſſe, conduis-là dans la chambre de ma

842 385 936 68 mere, & dis ſur tout que je suis allé à la chaſ¬

839 447 664 61 ſe: car je ne la veux point voir.

1132 496 362 65 PELLERIN.

877 552 904 76 Hé! pourquoy, s’il vous plaiſt, tout preſt

839 610 310 71 à l'épouſer....

1111 657 392 76 LE COMTE.

898 722 886 70 Ne perds point de temps, fais ce eue je te

845 786 930 67 dis, & viens me retrouver, je t’aprendray

845 833 451 64 bien d’autres choſes:

1129 885 365 70 PELLERIN.

877 950 521 67 Je reviens tout à l’heure.

1000 14 614 97 LES ENLEVEMENS,

839 46 88 73 14

1067 1201 483 88 SCENE V.

1061 1335 507 71 LE COMTE ſeul.

962 1452 828 68 H! qu’il s'en faut que je ne ſois prés

980 1514 804 64 d'épouſer Leonor, comme mon pere ſe

851 1569 936 68 l'imagine; mes vœux, ma tendreſſe, mes

851 1625 936 64 ſoins m’entraînent bien ailleurs. Je ne veux

854 1680 933 79 point me faire un malheur eternel, je ne l’ai¬
