2592 3508
1097 23 441 91 COMEDIE.

822 108 942 67 me plus, ou plutoſt je ne l’ay jamais aimée,

824 166 934 67 puiſque je n’ay jamais ſenty ce que je ſens

822 222 936 61 aujourd’huy. Que de mouvemeus que j’avois

822 280 930 62 ignorez! que d’inquietudes! que d’allarmes!

827 339 934 64 que de ſoupirs! non, Leonor, je ne vous ay

816 388 310 65 jamais aimée.

1003 643 556 84 SCENE VI.

892 774 787 76 PELLERIN, LE COMTE.

1108 888 392 70 PELLERIN.

953 1002 802 70 Onſieur, je me suis acquité de la com¬

810 999 140 123 M

959 1067 796 61 miſſion que vous m’avez donnée, ſi

816 1122 936 64 vous aviez veu, Monſieur, quelle triſteſſe

813 1175 933 67 répanduë ſur le viſage de Madame Leonor?

816 1230 939 70 ſi vous aviez eſté témoin de ſes ſoupirs, lors

816 1286 447 70 que je luy ay dit....

1073 1338 398 68 LE COMTE.

865 1394 890 79 Tay-toy, je ne veux pas t'entendre davan¬

813 1461 933 64 tage, ce que tu me dirois me donneroit de la

816 1511 933 79 peine, & ne me feroit point changez la reſo¬

816 1563 430 82 lution que j’ay priſe.

1094 1619 357 70 PELLERIN.

854 1677 684 77 Quelle reſolution, je vous prie?

1451 1751 90 64 B ij

1708 61 53 58 15
