2592 3508
801 204 919 88 EXTRAIT DV PRIVILEGE

1161 283 213 73 du Roy.

877 382 846 68 AR Grace & Privilege du Roy, donné à Paris

819 400 52 96 P

877 435 840 55 le 21. jour de Fevrier 1686. Signé, Par le Roy

810 479 913 58 en ſon Conſeil, Du GOGNO. II eſt permis au Sieur

810 526 913 58 BARON, Comedien de noſtre Troupe Royale, de

807 572 913 65 faire imprimer, vendre & debiter par tel Impri¬

813 616 910 62 meur ou Libraire qu’il voudra choiſir, une Piece

810 660 913 59 de Theatre de ſa compoſition, intitulée Les

810 707 918 58 Enlevemens, Comedie, pendant le temps de ſix

810 754 921 61 années, à compter du jour que ledit Livre ſera

813 798 921 64 achevé d’imprimer pour la premiere fois: Pen¬

810 844 913 73 dant lequel temps faiſons tres-expreſſe inhibition

816 891 918 56 & deffenſe à toutes perſonnes. de quelque qualité

816 938 912 61 & condition qu’elles ſoient, de faire imprimer,

819 982 909 58 vendre & debiter partous les lieux de noſtre obeïſ¬

816 1029 918 52 ſance d’autre Edition que celle du Sieur BARON;

816 1075 912 56 ou de ceux qui auront droit de luy, à peine de trois

816 1119 912 59 mil livres d’amende payables ſans deport par cha¬

816 1166 918 55 cun des contrevenans, confiſcation des Exemplai¬

816 1213 918 58 res contrefaits, & autres peines plus au long con¬

816 1262 509 53 tenuës dans leſdites Lettres.

857 1344 883 62 Regiſtré ſur le Livre de la Communauté des Li¬

819 1397 918 52 braires & Imprimeurs de Paris, le 6. Mars 1686:

819 1441 933 58 ſuivant l'Arreſt du Parlement du 8. Avril 1653. Et

824 1490 884 59 celuy du Conſeil Privé du Roy du 27. Fevrier 1665.

1217 1540 459 59 Signé ANGOT, Syndic.

863 1622 886 79 Achevé d’imprimer pour la premiere fois le 15

816 1672 222 73 Mars 1686.
