2592 3508
1102 99 387 70 LE COMTE.

871 154 814 76 On ne peut l’eſtre autant que je le ſuis.

1149 216 360 61 PELLERIN.

868 268 890 79 Il faut enlever Babet, c’eſt le plus court.

824 333 738 64 Je vous conſeille comme pour moy.

1097 385 392 68 LE COMTE.

863 435 678 79 C'eſt déja à quoy j’avois ſongé.

1120 499 357 65 PELLERIN.

886 555 878 73 Vous voyez que les beaux eſprits ſe ren¬

824 613 937 71 content. Oh ç’a donc, puiſque vous eſtes

824 669 937 73 ſi bien reſolu à la choſe, vous n’avez qu'à

827 724 931 74 vous trouvez ſu  les ſix heures & demie. L

827 783 934 70 peſte non, il fait encor jour ſur les ſept heu¬

824 841 943 68 res, cela ne ſera pas mal; vous n’avez, dis¬

819 900 942 64 je, qu’à vous trouver vers ce grand noyer

827 955 934 68 que vous voyez d’icy dans cette Iſle à l'heure

827 1011 931 70 que je vous marque; Je trouveray quelque

824 1069 934 68 moyen pour la faire roder par là, ou bien en

822 1128 933 67 me promenant avec elle, je l’y conduiray

819 1178 939 73 moy-même, cachez-vous bien derriere la

819 1233 939 73 haye, & voſtre cheval auſſi, lors que vous

819 1295 939 70 la tiendrez, vous en ordonnerez enſuite tout

824 1347 469 62 comme il vous plaira.

1073 1400 386 70 LE COMTE.

848 1458 579 70 Je puis me repoſer ſur toy?

1085 1514 366 67 PELLERIN.

863 1569 324 65 Cela vaut fait;

1091 1622 383 73 LE COMTE.

865 1677 509 77 Tu t'en reſſouviendras?

982 26 629 88 LES ENLEVEMENS,

824 38 71 70 18
