2592 3508
942 824 593 93 SCENE VII.

766 950 930 87 PELLERIN, LE CHEVALIER.

1035 1072 389 71 PELLERIN.

851 1186 857 71 Ar ma foy le pauvre Monſieur Guillau¬

772 1186 76 114 P

854 1248 851 67 me, auſſi bien que moy, contoit tantoſt

775 1297 930 76 ſans ſon hoſte, il ne vouloit point de Gentil¬

775 1353 930 73 homme, il en aura un; je ſouhaittois d’é¬

778 1411 927 74 pouſer ſa fille, j’en ſuis bien éloigné, je ne

775 1470 939 76 ſçaurois faire un pas qui ne recule mes af¬

778 1523 137 61 faires.

971 1578 535 73 LE CHEVALIER.

813 1634 895 84 Où eſt-elle? hé mon Dieu ne la rencon¬

781 1695 342 70 treray-je point?

982 23 439 99 COMEDIE.

1038 114 372 67 PELLERIN.

792 169 901 76 Hé! Ouy, vous dis-je, allez vous-en; je

766 228 930 73 vois voſtre petit frere le Chevalier qui vient

763 286 933 73 icy; il ſe douteroit peut-eſtre tantoſt que ce

766 342 927 73 ſeroit moy, qui vous auroit donné ces beaux

766 394 930 85 conſeils là; mais Dieu m’en garde, je ne

766 456 518 70 ſuis pas capable de cela.

1018 511 392 70 LE COMTE.

795 564 281 67 Adieu donc.

1623 70 59 76 19
