2592 3508
1161 114 369 67 PELLERIN.

950 172 109 82 Qui?

1085 219 541 76 LE CHEVALIER.

939 283 418 70 Ce que je cherche.

1181 336 384 70 PELLERIN.

933 397 436 70 Que cherchez-vous?

1082 450 544 70 LE CHEVALIER.

901 508 266 67 Je cherche.

1187 567 363 67 PELLERIN.

901 622 906 67 Je cherche, je cherche il y a deux ou trois

880 686 922 62 ans, que vous auriez cherché le foüet; mais

874 742 919 64 à preſent que vous commencez à eſtre grand,

880 798 922 64 que vous avez la clef de vos chauſſes, vous

880 862 922 55 vous mocquez de tout? que n’allez-vous

874 909 922 64 étudier vos Fortifications? que n’achevez¬

877 973 922 61 vous ce plan qui court depuis ſr long-temps

871 1023 925 64 ſur une table? que ne liſez-vous quelque

874 1075 922 68 hiſtoire? au moins, Monſieur le Chevalier,

877 1140 916 61 vous ſçavez que c’eſt voſtre pere qui m’au¬

877 1195 913 62 thoriſe à vous parler comme je fais. A quoy

874 1251 913 64 vous amuſez-vous ? il ne grondera pas mal

874 1309 761 56 tantoſt lors qu’il ne verra rien de fait.

1073 1362 521 61 LECHEVALIER.

901 1417 871 70 Mon pauvre Pellerin je me jette à tes ge¬

865 1485 153 58 noux.

1140 1525 363 68 PELLERIN.

906 1581 881 79 Allez, levez-vous, je ne luy diray rien de

863 1651 450 64 toutes vos fredaines;

1050 40 629 85 LES ENLEVEMENS,

880 35 82 81 20
