2592 3508
974 128 532 64 LE CHEVALIER.

839 192 486 65 Quel temps prends-tu ?

1061 242 354 64 PELLERIN.

833 295 887 73 le ſuis en droit de vous reprendre; voſtre

795 356 922 67 pere (vous le ſcavez) m’a donné ce ſoin; &

786 412 925 61 ce ne ſont pas les exemples que ce Philoſo¬

795 470 916 64 phe, qui vous a enſeigné & moy, nous vous

795 529 919 58 avons donnez; & vous la gentille Mignone

789 581 919 67 qui donnez ainſi voſtre main à baiſer, qui

792 634 498 61 vous a montré à le faire.

980 686 535 68 LE CHEVALIER.

827 748 887 67 Oh je te prie querelle moy tant que tu vou¬

786 803 749 71 dras; mais que ta colere la reſpecte.

1050 859 363 61 PELLERIN.

810 915 901 70 Je veux luy parler moy. Toutes ces intri¬

784 973 207 67 gues là..

971 1023 541 67 LE CHEVALIER.

824 1081 890 70 Je ne le ſouffriray point, te dis-je, & mal¬

781 1140 927 70 gré les ordres de mon pere, je t'en feray re¬

784 1195 661 64 pentir, si tu luy dis un ſeul mot.

1111 1254 278 58 BABET.

830 1300 878 79 Monſieur, Monſieur, Pellerin ne vous fâ¬

784 1365 705 70 chez pas, je vais trouver Madame.

1430 1754 85 87 Cij

1655 81 35 73 27

1032 64 410 70 COMEDIE.
