2592 3508
824 58 79 82 28

933 52 725 79 LES ENLEVEMENS,

1018 315 538 85 SCENE IX.

824 450 928 76 LE CHEVALIER, PELLERIN.

1021 570 544 70 LE CHEVALIER.

930 681 822 73 U triomphes enfin, la voila partie, mais

851 692 73 120 T

930 751 813 55 tu n’avances rien, je veux bien t'en in¬

827 803 925 68 former; & malgré tes ſoins, ta vigilance &

827 862 928 64 les menaces de mon pere, je l’aimeray, je la

822 915 830 70 ſerviray, je l’adoreray le reſte de ma vie.

1085 967 363 64 PELLERIN.

854 1031 901 62 Comment donc? qu’eſt-ce à dire cecy? eſt¬

830 1087 779 61 ce là de la façon dont on doit parler?

1023 1140 542 64 LE CHEVALIER.

863 1192 886 73 Hé bien j’ay tort, je le confeſſe, je change

827 1257 925 61 de diſcours, & je te prie au nom de ce qui te

830 1312 919 64 peut toucher davantage; premierement, de

830 1373 922 59 ne point parler de cecy à mon pere; & je te

827 1426 925 64 conjure toy qui as pris tant de peine pour

827 1482 922 58 moy dans ma jeuneſſe, de ne perdre pas en

833 1543 919 56 un moment tout le fruit de tes ſoins, & de me

830 1596 492 58 ſervir dans mon amour.

1108 1645 354 62 PELLERIN.

857 1698 898 76 Il me fait entrer dans ſes douleurs; hé bien,
