2592 3508
1120 152 354 61 PELLERIN.

886 204 608 73 Ouy, levez-vous vous dis-je.

1035 257 533 67 LE CHEVALIER.

863 315 883 73 Oh mon cher Pellerin que je te ſeray obligé?

1132 377 365 61 PELLERIN.

880 432 884 64 Tenez quand il ſeroit ſorty de moy, je ne

839 491 928 67 ſentirois pas plus de tendreſſe. Je l’ay porté

836 546 594 62 ſi long-temps dans mes bras.

1035 596 515 67 LE CHEVALIER.

871 657 890 70 Souviens-toy bien au moins de ce que tu

833 719 284 64 me promets?

1123 762 366 65 PELLERIN.

874 818 887 76 Ouy je m’en ſouviendray. Mais il n’y a

836 879 928 71 point de temps à perdre. Voſtre frere eſt

833 938 919 61 amoureux de Babet auſſi bien que vous; j’ay

827 991 934 61 promis de le servir, comment faire ? il faut

833 1049 925 70 le prevenir. J’entrevois quelqu’un.... à ſept

830 1113 799 56 heures au moins.... vous la menerez....

1021 1163 549 61 LE CHEVALIER.

868 1221 632 59 Ne viendras-tu pas avec moy?

1123 1280 363 55 PELLERIN.

863 1327 895 64 Non, je reſteray icy pour r’accommoder.

833 1388 916 64 toutes les affaires. Allez, vous dis-je, reti¬

827 1447 928 58 rez-vous, je ne me trompois peint, & c’eſt

827 1496 928 79 juſtement l’épouſe pretenduë de Monſieur

827 1558 237 64 le Comte.

933 76 743 78 LES ENLEVEMENS,

839 96 76 82 30
