2592 3508
830 102 925 67 ſieur le Chevalier, vous voulez bien que je luy

830 157 272 62 diſe un mot.

1026 198 542 73 LE CHEVALIER.

857 268 898 62 Volontiers, Madame, je me retire. Pelle¬

830 330 922 61 fin au moins je feray tout ce que tu m’as dit.

1132 380 351 61 PELLERIN.

848 432 898 73 Je le veux bien, faites, j’auray ſoin du reſte.

1035 488 515 67 LE CHEVALIER.

851 552 749 61 Madame je vous donne le bonjour.

936 17 731 82 LES ENLEVEMENS,

827 26 59 73 32

997 768 568 91 SCENE XI.

906 894 735 70 PELLERIN, LEONOR.

1120 996 331 68 LEONOR.

886 1099 863 70 E vais vous rejoindre bien-toſt. Oh ç’a

898 1157 845 67 Pellerin, il faut icy de la bonne foy mon

827 1216 922 61 enfant. Je vois icy bien des choſes que tu n'i¬

827 1271 925 70 gnores pas; & c’est peut-eſtre toy qui meine

827 1330 925 61 l'intrigue, j’ay lieu de le croire du moins par

827 1385 922 62 Ie miſtere que tu viens toy-meſme de me fai¬

827 1438 925 70 re. Le Comte, diſois-tu, eſtoit allé à la chaſ¬

827 1496 925 67 ſe, & je l'ay veu qui ſe promeuoit de la fe¬

827 1552 925 61 neſtre où j’eſtois. Voicy déja un menſonge.

830 1607 913 62 Une perſonne qui ſe défie n’eſt pas long-

827 1663 928 85 temps ſans découvrir les choſes qu'elle veut

827 1721 188 79 ſçavoir.

827 1110 56 117 I
