2592 3508
836 84 925 70 connois auſſi bien que moy que ma gloire eſt

836 143 925 67 trop intereſſée dans tout cecy, pour ſouffrir

833 192 922 79 qu'une affaire qui traîne depuis ſi long-temps,

830 248 925 79 ſe rompe ſans la moindre cauſe apparente,

830 304 922 76 quand je n’aurois pour le Comte que de l’in¬

827 362 928 73 difference, & même du mépris; car il ne me¬

827 420 931 71 rite pas que j’aye d’autres ſentimens pour

830 473 928 73 luy, quand j’aurois, dis-je, de la haine, j’au¬

827 532 928 70 rois les mêmes empreſſemens que je te mar¬

830 587 925 73 que; & l’éclat que noſtre mariage a fait dans

827 643 934 76 toute la Province, ne me permet plus de

827 695 723 79 prendre un autre party deſormais;

1111 757 360 64 PELLERIN.

871 803 887 82 C'eſt à dire que vous voulez l'épouſer à

830 862 501 70 quelque prix que ce ſoit?

1143 923 322 65 LEONOR.

860 973 901 79 Ou me jetter dans un Convent le reſte de

830 1040 176 56 ma vie;

1108 1084 378 70 PELLERIN.

871 1137 887 84 Oh! par ma foy gardez-vous-en bien, ce

824 1201 354 64 ſeroit dommage.

1132 1254 310 70 LEONOR.

860 1312 895 73 Imagine donc ce que nous pouvons faire

827 1368 925 73 avant que ce refroidiſſement où le Comte eſt

827 1432 518 58 pour moy, s’augmente:

1108 1485 360 64 PELLERIN.

868 1534 875 76 Et ſi je faiſois en ſorte que voſtre mariage

827 1590 922 85 fut conclu dés ce ſoir, que me donneriez-

827 1651 147 59 vous?

942 14 722 76 LES ENLEVEMENS,

833 23 88 67 34
