2592 3508
1076 143 319 64 LEONOR.

807 195 883 76 Je te donnerois plus que tu n’oses eſperer;

1059 260 356 58 PELLERIN.

827 312 893 68 Eſcoutez, il faut ſans perdre temps que

792 368 922 70 vous... Hé que diantre, il eſt impoſſible

792 429 928 62 d'eſtre ſeul un moment, Madame avec voſtre

795 488 925 61 permiſſion, Pierrot demeure icy. Je vais te

1056 540 143 53 à part.

789 581 934 70 rejoindre, & je t’enſeigneray comment il faut

789 643 931 61 faire pour avoir une centaine de coups de

789 695 928 67 bâton, tenez vous voyez bien ce païſan là,

789 751 843 64 c'eſt un des rivaux de Monſieur le Comte.

1085 806 330 71 LEONOR.

827 853 267 76 Juste Dieu!

1050 909 363 76 PELLERIN.

822 973 906 67 Retirons-nous un peu à l’écart, de crainte

786 1031 773 65 que ce maraut là ne nous entende.

1032 67 421 85 COMEDIE.

1658 102 59 61 35

950 1254 577 87 SCENE XII.

871 1376 740 76 PELLERIN, PIEROT.

1067 1479 340 67 PIEROT.

868 1590 843 61 Arguié nous verrons ce qu’aura fait

792 1587 73 120 P

871 1639 837 68 Monsieur Pellerin, il m’avoit promis

792 1701 919 73 qu’il diroit à Babet que je l’aime bien, nous
