2592 3508
865 157 919 62 verrons ſans que ſon éloquence aura produit,

863 210 924 70 j'aurois poſſible bien mieux fait de luy parler

863 268 918 62 moy-même; on fait toujours bien de n’em¬

865 327 925 64 ployer perſonne que ſoy dans ſes affaires, &

865 382 922 65 je crains bien de m’avoir confié au renard;

865 441 922 64 mais tout coup vaille, il n’y a rien de perdu;

865 494 811 67 ce que je n’avons pas fait, je le ferons.

1143 549 357 61 PELLERIN.

906 608 884 64 Au moins ne manquez pas de faire avertir

868 663 913 61 voſtre pere. Hé bien, qu’eſt-ce Pierot? que

871 724 916 59 me donneras-tu pour une ſi bonne nouvelle?

1176 777 321 59 PIEROT.

906 824 878 76 Pal ſanguié, il faut que tu me diſois ſans

871 891 369 67 que c’eſt premier;

1135 938 359 67 PELLERIN.

921 1002 866 65 Non, je veux ſçavoir auparavant ce que

868 1064 349 52 tu me donneras.

1164 1102 336 67 PIEROT.

912 1169 875 64 Oh! jarniguene, ne fais point comme cela

865 1224 603 62 le bouffon, dis-le moy viſte;

1152 1277 363 64 PELLERIN.

903 1330 556 64 Prie m’en donc bien fort;

1155 1391 313 58 PIEROT.

898 1444 883 67 Oh parguié voire, je ne ſçaurois tant faire

871 1508 618 58 de cerimonie, dy-le ſi tu veux.

1164 1558 354 64 PELLERIN.

868 1616 600 70 Tu ne le ſçauras donc point.

1176 1672 324 64 PIEROT.

898 1721 874 88 Morguié, je ne ſçaurois tant faire de façon,

1734 1786 44 58 &

1035 84 603 73 LES ENLEVEMENS,

863 87 81 82 36
