2592 3508
824 125 943 85 & je m'en vais ſans tant de preambule, la

830 201 442 65 demander à ſon pere.

1102 242 375 67 PELLERIN.

860 312 377 70 Tu gaſteras tout.

1146 356 290 64 PIEROT.

868 403 893 88 N'importe, je ſçauras à quoy m’en tenir;

1123 470 363 64 PELLERIN.

868 523 770 85 Vien, vien, Pierot, j'ay pitié de toy.

1120 584 322 62 PIEROT.

860 634 907 85 Oh bien dy donc de prime abord ce que tu

824 710 284 61 as à me dire.

1120 748 372 67 PELLERIN.

865 800 902 85 Tu allois mettre les affaires dans un eſtat

827 859 937 85 à ne pouvoir plus ſe r’accommoder; j’ay ſon¬

822 915 942 84 dé le pere de Babet ſur ton chapitre, il m’a

824 973 954 76 d'abord fait voir beaucoup de difficultez;

827 1029 937 81 mais enfin j’ay ſi bien fait que je l’ay fait par¬

824 1084 943 85 ler, & aprés pluſieurs epithetes de franc bu¬

824 1140 937 87 tor, de grand cheval, de gros païſan, & quel¬

830 1198 934 79 que autres encor dont je veux bien faire gra¬

824 1251 934 79 ce à ta modeſtie, il m’a declaré tout net qu’il

830 1309 934 88 étrangleroit plutoſt ſa fille, que de te la

824 1391 191 58 donner.

1173 1423 286 67 PIEROT.

863 1482 904 73 Eſt-ce donc là cette belle nouvelle que tu

827 1534 934 88 avois à me douner, palſanguenne qu’il s’ail¬

830 1590 931 87 le promener; on fait toujours bien de l’hon¬

836 1648 928 82 neur aux gens de rechercher leurs filles, s’il

836 1704 925 96 eſt ſi riche qu’il dine deux fois; vienne qui

1538 1762 53 82 D

1079 55 421 82 COMEDIE.

1690 58 71 73 37
