2592 3508
822 131 930 56 veux trouver ſous le gros orme là bas, Babet

824 187 893 64 s'y trouvera pour te declarer ſes ſentimens.

1123 242 319 62 PIEROT.

860 298 757 67 Ouy parguienne je m’y trouveray.

1108 350 354 65 PELLERIN.

857 406 898 70 Mais écoute un peu, qu’elle ne te voye pas

827 467 495 62 habillé comme te voila?

1123 517 319 67 PIEROT.

857 572 798 74 Je mettray mon habit des Dimanches.

1088 640 360 61 PELLERIN.

857 686 889 74 Ce n'eſt pas là ce qu'elle sonhaite, quoy

819 751 927 61 qu’il faſſe nuit à ſept heures, il n’importe,

816 806 924 65 elle apprehende d’eſtre ſurpriſe avec toy:

816 859 930 61 elle veut que tu te déguiſes en fille; du moins

816 917 930 68 par ce moyen ſi quelqu’un ſurvenoit, on ne

819 979 939 55 la ſoupçonnera pas de ſe trouver avec un

816 1034 199 56 homme:

1094 1078 333 67 PIEROT.

851 1140 892 70 Parguié elle n’a pas tort; je m’en vais un

813 1201 427 70 peu ſonger à tout ca.

1097 1251 371 70 PELLERIN.

836 1309 498 64 A ſept heures au moins?

1123 1371 310 61 PIEROT.

851 1420 889 85 Allez, allez, ne vous bourrez en peine de

819 1476 105 70 rien.

1492 1751 102 81 D ij

1070 49 416 82 COMEDIE.

1682 73 67 64 39
