2592 3508
1032 125 427 65 GUILLAUME.

819 181 380 67 Que voulez-vous?

1061 236 369 68 PELLERIN.

824 301 512 58 Vous parler un moment.

1035 353 401 65 GUILLAUM

833 409 530 64 Hé bien, je vous écoute;

1076 467 360 65 PELLERIN.

824 520 904 73 Ecartons-nous un peu de chez vous, &

804 590 237 58 pour cauſe.

1038 619 433 85 GUILLAUME.

824 686 281 68 Et la raiſon?

1085 742 366 67 PELLERIN.

824 800 907 65 Lors qu’on eſt ſi prés de chez ſoy, les af¬

795 865 936 76 faires domeſtiques, nous occupent; on n’eſt

798 920 930 62 jamais à ce que l’on nous dit, tout nous

795 976 939 58 diſtrait; ſi une femme querelle, on veut en¬

792 1029 936 67 tendre ce qu’elle dit, ſi quelqu’un entre ou

795 1087 939 61 ſort, on veut ſçavoir qui c’eſt, ſi une fille

792 1140 936 61 crie, on en cherche la cauſe; le cry d’un chien

798 1201 936 61 même donne de l’inquietude, & comme ce

798 1254 930 64 que j’ay à vous dire, demande une applica¬

795 1309 928 62 tion toute entiere, je ſeray bien aiſe que rien

795 1365 933 64 ne nous détourne, nous voicy à peu prés

798 1420 860 62 maintenant dans une diſtance raisonnable.

1032 1476 448 61 GUILLAUME.

854 1534 877 67 Voicy une montagne qui va enfanter une

795 1584 152 67 ſouris.

1076 1639 363 65 PELLERIN.

813 1695 886 85 Je ne fais & ne dis jamais rien ſans raiſon.

1041 52 424 79 COMEDIE.

1652 81 68 68 43
