2592 3508
781 134 912 67 viſte, ne perdons point de temps, dis-moy

781 190 915 61 au plutoſt l’endroit; un bâton, un bâton,

786 245 545 76 parle enſeigne-moy le lieu.

1041 301 369 67 PELLERIN.

813 359 892 67 Monſieur je ne vous le diray pas, que pre¬

781 420 924 59 mierement vous ne m’avez promis de ne vous

775 473 746 61 ſemir de ce bâton que pour Vincent.

1026 526 419 64 GUILLAUME.

827 590 878 67 Ouy, ouy, je te promets tout ce que tu

784 648 196 62 voudras;

1053 689 365 71 PELLERIN.

824 745 872 79 Pour voſtre fille quelques petits ſoufflets

781 815 509 59 ne luy ſiéront point mal.

1026 859 433 64 GUILLAUME.

810 917 831 74 Laiſſe-moy faire, ou faut-il que j'aille?

1053 979 348 58 PELLERIN.

813 1034 895 65 Sous le gros orme qui eſt là bas, je ne ſçau¬

772 1090 927 64 rois vous le montrer à l’heure qu’il eſt, la

778 1145 921 62 nuit eſt trop obſcure; mais ils doivent paſſer

781 1204 921 64 par icy nous les entendrons venir; écoutez,

778 1259 918 74 j'entends quelqu’un, demeurez; est-ce toy

786 1318 194 64 Vincent?

1000 58 415 85 COMEDIE.

1620 67 73 73 45
