2592 3508
854 96 921 64 perdu avec moy, & je n’en ſuis pas fâché,

854 154 924 68 je vous jure. Je ne vous dis pas cela même

857 213 927 61 pour vous obliger à l’avenir à tenir mes ter¬

851 266 518 61 res à un plus haut prix.

1047 315 538 70 Mr GUILLAUME.

906 377 866 61 Un autre peut-eſtre vous en donneroit

845 435 930 67 davantage, & ne vous payeroit pas ſi bien.

1015 488 564 61 LA DAVOISIERE.

883 540 892 68 C'eſt ce que je conſidere. On n’a point be¬

839 602 939 61 ſoin de caution avec vous, & l’on peut dire

842 657 930 65 icy que le fermier eſt plus riche que le maî¬

839 716 930 61 tre. Voſtre fille Babet, ſi vous continuez,

839 771 910 62 ſera un des plus gros partis de la Province.

1032 827 547 61 Mr GUILLAUME.

874 879 854 65 Hé de grace, Monſieur, épargnez-moy.

1032 941 568 61 LA DAVOISIERE.

868 993 384 74 Je ne raille point.

1032 1046 536 70 Mr GUILLAUME.

863 1105 901 67 Hé! Monſieur, je ne ſuis pas ſi riche qu’on

833 1166 934 64 s'imagine, & quand je le ſerois, qui jetteroit

833 1224 852 59 les yeux ſur une pauvre petite payſanne?

1026 1274 568 67 LA DAVOISIERE.

883 1335 881 62 Ecoutez: Autrefois on y auroit pû faire

827 1391 931 67 quelque ſcrupule, oüy; & j’ay vû de mon

830 1447 934 73 temps, que c'eſtoit un grand crime que de ſe

830 1502 928 64 meſ-allier: mais à preſent tout cela eſt bien

830 1563 170 74 changé.

1023 1610 530 65 Mr GUILLAUME.

863 1666 889 76 Oh bien Monſieur; pour moy, s'il m’eſt

947 23 764 79 LES ENLEVEMENS,

848 46 67 56 2
