<alto xmlns:xsi="http://www.w3.org/2001/XMLSchema-instance" xmlns="http://www.loc.gov/standards/alto/ns-v4#" xsi:schemaLocation="http://www.loc.gov/standards/alto/ns-v4# http://www.loc.gov/standards/alto/v4/alto-4-2.xsd">
  <Description>
    <MeasurementUnit>pixel</MeasurementUnit>
    <sourceImageInformation>
      <fileName>56_ad7d2_default.jpg</fileName>
      <fileIdentifier>https://gallica.bnf.fr/iiif/ark:/12148/bpt6k73945k/f57/full/full/0/default.jpg</fileIdentifier>
    </sourceImageInformation>
  </Description>
  <Tags>
    <OtherTag ID="BT1" LABEL="Title" DESCRIPTION="block type Title"/>
    <OtherTag ID="BT2" LABEL="Main" DESCRIPTION="block type Main"/>
    <OtherTag ID="BT848" LABEL="Damage" DESCRIPTION="block type Damage"/>
    <OtherTag ID="BT849" LABEL="Decoration" DESCRIPTION="block type Decoration"/>
    <OtherTag ID="BT850" LABEL="DropCapital" DESCRIPTION="block type DropCapital"/>
    <OtherTag ID="BT851" LABEL="Figure" DESCRIPTION="block type Figure"/>
    <OtherTag ID="BT852" LABEL="Margin" DESCRIPTION="block type Margin"/>
    <OtherTag ID="BT853" LABEL="MusicNotation" DESCRIPTION="block type MusicNotation"/>
    <OtherTag ID="BT854" LABEL="Numbering" DESCRIPTION="block type Numbering"/>
    <OtherTag ID="BT855" LABEL="RunningTitle" DESCRIPTION="block type RunningTitle"/>
    <OtherTag ID="BT856" LABEL="Seal" DESCRIPTION="block type Seal"/>
    <OtherTag ID="BT857" LABEL="Signatures" DESCRIPTION="block type Signatures"/>
    <OtherTag ID="BT858" LABEL="Stamp" DESCRIPTION="block type Stamp"/>
    <OtherTag ID="BT859" LABEL="Table" DESCRIPTION="block type Table"/>
    <OtherTag ID="LT312" LABEL="Default" DESCRIPTION="line type Default"/>
    <OtherTag ID="LT313" LABEL="DropCapitalLine" DESCRIPTION="line type DropCapitalLine"/>
    <OtherTag ID="LT314" LABEL="Interlinear" DESCRIPTION="line type Interlinear"/>
    <OtherTag ID="LT315" LABEL="MusicLine" DESCRIPTION="line type MusicLine"/>
    <OtherTag ID="LT316" LABEL="Rubric" DESCRIPTION="line type Rubric"/>
  </Tags>
  <Layout>
    <Page WIDTH="2592" HEIGHT="3508" PHYSICAL_IMG_NR="56" ID="eSc_dummypage_">
      <PrintSpace HPOS="0" VPOS="0" WIDTH="2592" HEIGHT="3508">
        <TextBlock HPOS="842" VPOS="243" WIDTH="1001" HEIGHT="1531" ID="eSc_textblock_2c126085" TAGREFS="BT2">
          <Shape>
            <Polygon POINTS="1576 245 1656 244 1673 261 1745 275 1795 345 1843 280 1843 511 1784 584 1819 689 1784 877 1807 1727 1737 1774 842 1739 854 268 901 263 1200 251 1273 243 1355 258"/>
          </Shape>
          <TextLine ID="eSc_line_d434d3e5" TAGREFS="LT312" BASELINE="1015 327 1649 327" HPOS="1015" VPOS="257" WIDTH="634" HEIGHT="85">
            <Shape>
              <Polygon POINTS="1015 304 1015 274 1038 263 1082 274 1102 260 1140 271 1190 260 1211 274 1225 260 1281 260 1298 274 1345 260 1360 274 1418 274 1433 260 1477 257 1611 260 1649 274 1649 327 1623 342 1606 330 1582 342 1568 327 1550 342 1430 339 1418 327 1360 327 1331 342 1296 327 1275 342 1257 330 1228 342 1211 327 1196 342 1152 342 1140 330 1105 342 1085 327 1053 342 1015 333"/>
            </Shape>
            <String CONTENT="SCENE XXV." HPOS="1015" VPOS="257" WIDTH="634" HEIGHT="85"/>
          </TextLine>
          <TextLine ID="eSc_line_0ffc7153" TAGREFS="LT312" BASELINE="865 438 1781 438" HPOS="865" VPOS="377" WIDTH="916" HEIGHT="70">
            <Shape>
              <Polygon POINTS="865 415 865 391 892 377 915 391 974 391 988 377 1026 377 1041 391 1138 391 1158 380 1181 391 1334 380 1366 391 1673 380 1781 391 1781 447 865 441"/>
            </Shape>
            <String CONTENT="LA DAVOIZIERE, LA SOZIERE," HPOS="865" VPOS="377" WIDTH="916" HEIGHT="70"/>
          </TextLine>
          <TextLine ID="eSc_line_66dfbb49" TAGREFS="LT312" BASELINE="877 499 1767 499" HPOS="877" VPOS="441" WIDTH="890" HEIGHT="64">
            <Shape>
              <Polygon POINTS="877 476 877 447 965 441 1767 447 1767 505 877 496"/>
            </Shape>
            <String CONTENT="PELLERIN, GUILLAUME, VINCENT," HPOS="877" VPOS="441" WIDTH="890" HEIGHT="64"/>
          </TextLine>
          <TextLine ID="eSc_line_2d01fa9a" TAGREFS="LT312" BASELINE="933 549 1726 555" HPOS="930" VPOS="502" WIDTH="796" HEIGHT="65">
            <Shape>
              <Polygon POINTS="933 526 933 502 1693 502 1723 508 1726 532 1717 567 1331 567 1246 555 939 564 930 552"/>
            </Shape>
            <String CONTENT="PIEROT, LE COMTE, LEONOR." HPOS="930" VPOS="502" WIDTH="796" HEIGHT="65"/>
          </TextLine>
          <TextLine ID="eSc_line_595913c4" TAGREFS="LT312" BASELINE="1155 643 1492 637" HPOS="1152" VPOS="587" WIDTH="337" HEIGHT="64">
            <Shape>
              <Polygon POINTS="1152 619 1161 587 1231 587 1243 599 1263 587 1290 599 1436 587 1486 596 1489 613 1474 651 1152 648"/>
            </Shape>
            <String CONTENT="LEONOR." HPOS="1152" VPOS="587" WIDTH="337" HEIGHT="64"/>
          </TextLine>
          <TextLine ID="eSc_line_c369da7c" TAGREFS="LT313" BASELINE="988 695 1790 701" HPOS="985" VPOS="643" WIDTH="805" HEIGHT="70">
            <Shape>
              <Polygon POINTS="988 672 994 643 1032 643 1053 660 1339 660 1372 646 1392 657 1427 648 1445 663 1576 663 1603 646 1626 657 1693 646 1731 663 1758 646 1790 654 1787 701 1769 713 1632 701 1568 701 1556 713 1392 713 1374 701 1114 710 1102 698 1006 710 985 695"/>
            </Shape>
            <String CONTENT="Uy, mon pere, c’eſt moy, &amp; ſi je ne" HPOS="985" VPOS="643" WIDTH="805" HEIGHT="70"/>
          </TextLine>
          <TextLine ID="eSc_line_c2638adb" TAGREFS="LT312" BASELINE="991 749 1787 757" HPOS="985" VPOS="704" WIDTH="799" HEIGHT="64">
            <Shape>
              <Polygon POINTS="988 724 988 713 1059 716 1070 704 1146 716 1176 704 1205 716 1272 704 1290 716 1313 704 1336 716 1453 719 1497 707 1518 719 1562 707 1629 719 1652 707 1676 719 1781 719 1784 730 1781 768 985 757"/>
            </Shape>
            <String CONTENT="m'eſtois ſervie de cette adreſſe, je per¬" HPOS="985" VPOS="704" WIDTH="799" HEIGHT="64"/>
          </TextLine>
          <TextLine ID="eSc_line_f5280046" TAGREFS="LT312" BASELINE="863 818 1433 806" HPOS="860" VPOS="757" WIDTH="570" HEIGHT="64">
            <Shape>
              <Polygon POINTS="860 795 860 762 959 774 971 762 1009 771 1059 760 1079 774 1117 774 1269 771 1287 757 1301 768 1427 765 1430 783 1430 818 860 821"/>
            </Shape>
            <String CONTENT="dois le Comte pour jamais." HPOS="860" VPOS="757" WIDTH="570" HEIGHT="64"/>
          </TextLine>
          <TextLine ID="eSc_line_b4c92448" TAGREFS="LT312" BASELINE="1044 865 1611 871" HPOS="1041" VPOS="812" WIDTH="570" HEIGHT="67">
            <Shape>
              <Polygon POINTS="1044 841 1044 818 1079 815 1266 812 1351 824 1585 812 1609 824 1611 847 1597 879 1041 874"/>
            </Shape>
            <String CONTENT="LA DAVOIZIERE." HPOS="1041" VPOS="812" WIDTH="570" HEIGHT="67"/>
          </TextLine>
          <TextLine ID="eSc_line_6c160d31" TAGREFS="LT312" BASELINE="886 926 1679 920" HPOS="883" VPOS="871" WIDTH="793" HEIGHT="61">
            <Shape>
              <Polygon POINTS="883 903 892 871 1079 885 1132 871 1164 885 1260 871 1500 871 1530 882 1655 877 1676 897 1673 932 883 932"/>
            </Shape>
            <String CONTENT="Comment donc Monſieur le Comte?" HPOS="883" VPOS="871" WIDTH="793" HEIGHT="61"/>
          </TextLine>
          <TextLine ID="eSc_line_ce123a21" TAGREFS="LT312" BASELINE="1129 976 1518 976" HPOS="1129" VPOS="929" WIDTH="389" HEIGHT="62">
            <Shape>
              <Polygon POINTS="1129 953 1140 929 1518 935 1518 982 1506 991 1129 982"/>
            </Shape>
            <String CONTENT="LE COMTE." HPOS="1129" VPOS="929" WIDTH="389" HEIGHT="62"/>
          </TextLine>
          <TextLine ID="eSc_line_f6fa07e4" TAGREFS="LT312" BASELINE="895 1031 1790 1037" HPOS="892" VPOS="982" WIDTH="898" HEIGHT="67">
            <Shape>
              <Polygon POINTS="895 1008 903 982 968 993 1357 996 1439 985 1462 996 1764 985 1790 996 1787 1040 1734 1049 1380 1049 1342 1037 903 1046 892 1034"/>
            </Shape>
            <String CONTENT="Mon pere, je vous avouë que je m’eſtois" HPOS="892" VPOS="982" WIDTH="898" HEIGHT="67"/>
          </TextLine>
          <TextLine ID="eSc_line_73295ef0" TAGREFS="LT312" BASELINE="854 1090 1784 1096" HPOS="851" VPOS="1040" WIDTH="933" HEIGHT="65">
            <Shape>
              <Polygon POINTS="854 1067 860 1040 959 1040 977 1052 1009 1040 1023 1052 1152 1052 1173 1040 1217 1052 1351 1043 1363 1055 1755 1046 1781 1055 1784 1072 1781 1096 1761 1105 1310 1093 863 1102 851 1090"/>
            </Shape>
            <String CONTENT="laiſſe ſurprendre aux charmes de Babet; je" HPOS="851" VPOS="1040" WIDTH="933" HEIGHT="65"/>
          </TextLine>
          <TextLine ID="eSc_line_27d3a57e" TAGREFS="LT312" BASELINE="848 1145 1778 1151" HPOS="845" VPOS="1096" WIDTH="933" HEIGHT="64">
            <Shape>
              <Polygon POINTS="848 1122 860 1099 1073 1107 1099 1096 1123 1107 1211 1107 1222 1096 1310 1096 1322 1107 1363 1099 1377 1110 1395 1099 1433 1110 1465 1099 1497 1110 1524 1099 1573 1099 1588 1110 1696 1099 1708 1110 1728 1099 1775 1110 1778 1128 1767 1160 845 1154"/>
            </Shape>
            <String CONTENT="devois l'enlever, Pellerin la devoit conduire" HPOS="845" VPOS="1096" WIDTH="933" HEIGHT="64"/>
          </TextLine>
          <TextLine ID="eSc_line_99cc7f53" TAGREFS="LT312" BASELINE="854 1201 1778 1207" HPOS="851" VPOS="1151" WIDTH="927" HEIGHT="68">
            <Shape>
              <Polygon POINTS="854 1178 854 1157 871 1154 1102 1163 1123 1151 1170 1163 1190 1151 1211 1163 1222 1151 1296 1151 1319 1166 1395 1166 1407 1154 1436 1166 1451 1154 1474 1166 1585 1154 1652 1166 1708 1154 1723 1166 1752 1154 1775 1166 1778 1183 1775 1210 1723 1219 1293 1207 865 1216 851 1204"/>
            </Shape>
            <String CONTENT="dans l'endroit où je l'attendois, &amp; je ne ſçais" HPOS="851" VPOS="1151" WIDTH="927" HEIGHT="68"/>
          </TextLine>
          <TextLine ID="eSc_line_15f23184" TAGREFS="LT312" BASELINE="854 1262 1781 1262" HPOS="854" VPOS="1213" WIDTH="927" HEIGHT="64">
            <Shape>
              <Polygon POINTS="854 1239 854 1224 877 1219 1073 1224 1108 1213 1146 1224 1173 1213 1366 1224 1377 1213 1424 1224 1506 1224 1518 1213 1553 1224 1597 1213 1781 1224 1781 1265 1734 1277 1614 1265 1570 1277 854 1265"/>
            </Shape>
            <String CONTENT="comment cela s’eſt fait, j’ay enlevé Leonor" HPOS="854" VPOS="1213" WIDTH="927" HEIGHT="64"/>
          </TextLine>
          <TextLine ID="eSc_line_0b44780f" TAGREFS="LT312" BASELINE="848 1321 1082 1315" HPOS="845" VPOS="1265" WIDTH="234" HEIGHT="70">
            <Shape>
              <Polygon POINTS="845 1297 857 1265 892 1277 924 1265 942 1280 971 1265 1076 1274 1079 1292 1076 1324 1053 1333 991 1324 936 1335 845 1321"/>
            </Shape>
            <String CONTENT="à ſa place." HPOS="845" VPOS="1265" WIDTH="234" HEIGHT="70"/>
          </TextLine>
          <TextLine ID="eSc_line_6ae83480" TAGREFS="LT312" BASELINE="1088 1373 1530 1373" HPOS="1088" VPOS="1318" WIDTH="442" HEIGHT="67">
            <Shape>
              <Polygon POINTS="1088 1350 1088 1327 1117 1318 1530 1327 1530 1376 1518 1385 1088 1376"/>
            </Shape>
            <String CONTENT="GUILLAUME." HPOS="1088" VPOS="1318" WIDTH="442" HEIGHT="67"/>
          </TextLine>
          <TextLine ID="eSc_line_1a60703b" TAGREFS="LT312" BASELINE="889 1429 1778 1423" HPOS="886" VPOS="1376" WIDTH="889" HEIGHT="62">
            <Shape>
              <Polygon POINTS="886 1406 886 1379 1070 1379 1120 1391 1225 1379 1328 1391 1377 1379 1532 1388 1565 1376 1579 1388 1767 1382 1775 1400 1772 1432 1749 1438 886 1438"/>
            </Shape>
            <String CONTENT="Ah! traître, c’eſt toy qui as mené toute cet¬" HPOS="886" VPOS="1376" WIDTH="889" HEIGHT="62"/>
          </TextLine>
          <TextLine ID="eSc_line_d709d28f" TAGREFS="LT312" BASELINE="851 1482 1781 1487" HPOS="848" VPOS="1435" WIDTH="933" HEIGHT="67">
            <Shape>
              <Polygon POINTS="851 1458 857 1435 1316 1435 1331 1447 1767 1444 1781 1464 1778 1490 1764 1496 1685 1499 1550 1490 1360 1502 1287 1487 1214 1499 1184 1487 988 1499 860 1496 848 1485"/>
            </Shape>
            <String CONTENT="re intigue, mais je te feray pendre ſi tu ne me" HPOS="848" VPOS="1435" WIDTH="933" HEIGHT="67"/>
          </TextLine>
          <TextLine ID="eSc_line_39b7cf46" TAGREFS="LT312" BASELINE="848 1543 1240 1534" HPOS="842" VPOS="1487" WIDTH="395" HEIGHT="68">
            <Shape>
              <Polygon POINTS="845 1520 842 1508 868 1490 921 1505 959 1487 1006 1505 1029 1490 1079 1505 1152 1487 1234 1499 1237 1511 1234 1546 845 1555"/>
            </Shape>
            <String CONTENT="dis où eſt ma fille." HPOS="842" VPOS="1487" WIDTH="395" HEIGHT="68"/>
          </TextLine>
          <TextLine ID="eSc_line_6044a69b" TAGREFS="LT312" BASELINE="1044 1593 1603 1599" HPOS="1041" VPOS="1540" WIDTH="562" HEIGHT="67">
            <Shape>
              <Polygon POINTS="1044 1569 1050 1546 1219 1552 1266 1540 1336 1543 1351 1555 1570 1543 1600 1555 1603 1575 1585 1607 1041 1599"/>
            </Shape>
            <String CONTENT="LA DAVOISIERE." HPOS="1041" VPOS="1540" WIDTH="562" HEIGHT="67"/>
          </TextLine>
          <TextLine ID="eSc_line_2dee2102" TAGREFS="LT312" BASELINE="886 1648 1778 1654" HPOS="883" VPOS="1601" WIDTH="895" HEIGHT="65">
            <Shape>
              <Polygon POINTS="886 1625 892 1601 947 1601 965 1613 1000 1601 1044 1613 1237 1601 1345 1616 1761 1607 1778 1631 1761 1663 1658 1666 1570 1654 1532 1666 1448 1654 1392 1666 1363 1654 1249 1663 1129 1651 1088 1663 898 1663 883 1648"/>
            </Shape>
            <String CONTENT="Monſieur Guillaume ne vous emportez" HPOS="883" VPOS="1601" WIDTH="895" HEIGHT="65"/>
          </TextLine>
          <TextLine ID="eSc_line_04dd0436" TAGREFS="LT312" BASELINE="851 1710 1778 1715" HPOS="848" VPOS="1657" WIDTH="930" HEIGHT="76">
            <Shape>
              <Polygon POINTS="851 1686 851 1666 903 1669 915 1657 939 1669 1140 1669 1152 1657 1181 1669 1211 1657 1284 1669 1313 1657 1331 1669 1383 1660 1398 1672 1468 1660 1518 1660 1530 1672 1544 1660 1570 1672 1728 1660 1775 1672 1778 1692 1764 1733 1737 1721 1404 1733 1313 1718 848 1727"/>
            </Shape>
            <String CONTENT="point, je ne vois rien d’effroyable à tout cela;" HPOS="848" VPOS="1657" WIDTH="930" HEIGHT="76"/>
          </TextLine>
        </TextBlock>
        <TextBlock HPOS="852" VPOS="115" WIDTH="957" HEIGHT="139" ID="eSc_textblock_b0266656" TAGREFS="BT849">
          <Shape>
            <Polygon POINTS="1796 115 857 132 852 232 1809 254"/>
          </Shape>
        </TextBlock>
        <TextBlock HPOS="924" VPOS="81" WIDTH="137" HEIGHT="21" ID="eSc_textblock_dd6173ff" TAGREFS="BT855">
          <Shape>
            <Polygon POINTS="1061 81 1061 90 924 102 971 81"/>
          </Shape>
        </TextBlock>
        <TextBlock HPOS="973" VPOS="21" WIDTH="756" HEIGHT="78" ID="eSc_textblock_f2f43553" TAGREFS="BT855">
          <Shape>
            <Polygon POINTS="1681 21 1729 99 983 97 973 21 1091 23"/>
          </Shape>
          <TextLine ID="eSc_line_8e1f2302" TAGREFS="LT312" BASELINE="988 86 1214 78 1699 87" HPOS="982" VPOS="5" WIDTH="714" HEIGHT="88">
            <Shape>
              <Polygon POINTS="982 61 982 20 1129 20 1173 5 1208 17 1325 11 1339 23 1693 8 1696 61 1693 93 1629 81 1486 93 1398 81 1369 93 1354 81 982 81"/>
            </Shape>
            <String CONTENT="LES ENLEVEMENS," HPOS="982" VPOS="5" WIDTH="714" HEIGHT="88"/>
          </TextLine>
        </TextBlock>
        <TextBlock HPOS="858" VPOS="35" WIDTH="93" HEIGHT="68" ID="eSc_textblock_a66f051d" TAGREFS="BT854">
          <Shape>
            <Polygon POINTS="858 35 858 103 951 103 951 35"/>
          </Shape>
          <TextLine ID="eSc_line_929a2707" TAGREFS="LT312" BASELINE="871 90 956 87" HPOS="865" VPOS="29" WIDTH="82" HEIGHT="70">
            <Shape>
              <Polygon POINTS="865 64 865 29 947 29 947 87 933 99 865 90"/>
            </Shape>
            <String CONTENT="54" HPOS="865" VPOS="29" WIDTH="82" HEIGHT="70"/>
          </TextLine>
        </TextBlock>
        <TextBlock HPOS="879" VPOS="646" WIDTH="116" HEIGHT="133" ID="eSc_textblock_b8c9962e" TAGREFS="BT850">
          <Shape>
            <Polygon POINTS="879 646 881 779 995 772 995 653"/>
          </Shape>
          <TextLine ID="eSc_line_1b5af241" TAGREFS="LT313" BASELINE="874 748 988 749" HPOS="868" VPOS="646" WIDTH="117" HEIGHT="119">
            <Shape>
              <Polygon POINTS="871 722 871 654 985 646 982 751 906 765 868 748"/>
            </Shape>
            <String CONTENT="O" HPOS="868" VPOS="646" WIDTH="117" HEIGHT="119"/>
          </TextLine>
        </TextBlock>
      </PrintSpace>
    </Page>
  </Layout>
</alto>