2592 3508
807 87 924 59 permis de raiſonner là-deſſus, je croy ſi c'é¬

813 143 924 58 toit autrefois un crime à un homme de con¬

813 198 921 68 dition d’épouſer une païſanne riche que

813 254 921 61 c'eſtoit une grande ſottiſe au païſan de don¬

813 312 924 62 ner ſa fille à un Gentilhomme, & je ne me

813 374 927 58 ſouviens pas bien d’où j’ay retenu que l’on

810 423 687 62 ne vit heureux qu’avec ſes égaux.

1000 479 559 61 LA DAVOISIERE.

839 534 904 68 Adieu Monſieur Guillaume, ayez toujours

807 590 927 61 bien ſoin de mes affaires. Pellerin je vais dî¬

810 651 921 62 ner chez Monſieur de la Marcilliere, j’y

807 707 924 67 pourray bien ſouper peut-eſtre. Avez-vous

807 760 445 64 fait ſeller le ſuperbe.

1097 812 362 65 PELLERIN.

845 871 886 70 Oüy Monſieur, mais j'ay bien peur qu’on

810 935 930 58 ne ſoit contraint de luy changer ce nom dans

807 988 921 64 peu. La pauvre beſte commence à ſe ſentir

807 1043 924 59 de la vieilleſſe, & ſes genuflexions continuel¬

804 1099 927 58 les vous feront avoüer peut-eſtre à vos dé¬

810 1157 924 64 pens, que l’humble ou le civil ſeroient des

804 1213 775 64 noms qui luy conviendroient mieux.

991 1265 509 68 LA DAVOISIRE.

830 1321 761 73 Je ne m’en ſuis pas encore appercû.

1088 1382 354 62 PELLERIN.

860 1435 503 61 Tant mieux pour vous.

971 1490 561 65 LA DAVOISIERE.

860 1543 871 70 Monſieur Guillaume faites dreſſer toutes

804 1604 927 73 vos quittances, je les ſigneray à mon re¬

804 1663 117 61 tour.

1439 1715 99 77 A ij

1050 14 421 73 COMEDIE.

1696 38 41 61 3
