4267 5758
969 403 120 115 4

1919 355 826 153 DISCOURS

975 520 2794 159 autres, mais ſeulement de ce que nous conduiſons nos

967 664 2807 177 penſées par diuerſes voyes, & ne conſiderons pas les meſ¬

968 818 2786 159 mes choſes. Car ce n’eſt pas aſſez d’auoir l’eſprit bon,

970 962 2801 169 mais le principal eſt de l’appliquer bien. Les plus grandes

972 1114 2805 163 ames ſont capables des plus grans vices, auſſy bien que

979 1270 2793 167 des plus grandes vertus: Et ceux qui ne marchent que

985 1416 2785 161 fort lentement peuuent auancer beaucoup d’auantage,

986 1562 2795 163 s’ils ſuiuent touſiours le droit chemin, que ne font ceux

988 1717 1741 160 qui courent, & qui s'en eſloignent.

1123 1848 2659 171 Pour moy ie n'ay iamais preſumé que mon eſprit fuſt

989 2000 2797 169 en rien plus parfait que ceux du commun: meſme i’ay

994 2142 2795 161 ſouuent ſouhaité d’auoir la penſee auſſy prompte, ou

1002 2288 2791 171 l’imagination auſſy nette & diſtincte, ou la memoire auſ¬

995 2436 2805 167 ſy ample, ou auſſy preſente, que quelques autres. Et ie

1003 2578 2779 171 ne ſçache point de qualitez que celles cy, qui ſeruent a la

1010 2722 2791 171 perfection de l’eſprit: car pour la raiſon, ou le ſens, d’au¬

1018 2868 2773 165 tant qu’elle eſt la ſeule choſe qui nous rend hommes, &

1009 3020 2783 163 nous diſtingue des beſtes ie veux croyre qu’elle eſt tou¬

1009 3162 2789 165 te entiere en vn chaſcun; & ſuiure en cecy l’opinion

1012 3312 2789 169 commune des Philoſophes, qui diſent qu’il n'y a du

1012 3466 2793 165 plus & du moins qu’entre les accidens, & non point

1019 3614 2783 153 entre les formes ou natures des indiuidus d’vne meſme

969 3791 435 132 eſpece.

1150 3906 2652 161 Mais ie ne craindray pas de dire que ie penſe auoir eu

1022 4056 2785 159 beaucoup d’heur, de m’eſtre rencontré dés ma ieuneſſe

1025 4204 2788 164 en certains chemins, qui m’ont conduit à des conſidera¬

1023 4348 2787 165 tions & des maximes, dont i’ay formé vne Methode, par

1030 4496 2784 164 laquelle il me ſemble que i’ay moyen d'augmenter par

1034 4648 2779 162 degrez ma connoiſſance, & de l’eſleuer peu a peu au plus

1035 4794 2784 164 haut point, auquel la mediocrité de mon eſprit & la cour¬

3505 4946 315 101 te du.
