<?xml version="1.0" encoding="UTF-8"?>
<alto xmlns:xsi="http://www.w3.org/2001/XMLSchema-instance"
      xmlns="http://www.loc.gov/standards/alto/ns-v4#"
      xsi:schemaLocation="http://www.loc.gov/standards/alto/ns-v4# https://gitlab.inria.fr/scripta/escriptorium/-/raw/develop/app/escriptorium/static/alto-4-1-baselines.xsd">
  <Description>
    <MeasurementUnit>pixel</MeasurementUnit>
    <sourceImageInformation>
      <fileName>Descartes1637_Discours_btv1b86069594_corrected_0013.png</fileName>
    </sourceImageInformation>
  </Description>
  
  <Tags>
    <OtherTag ID="BT1" LABEL="Title" DESCRIPTION="block type Title"/><OtherTag ID="BT2" LABEL="Main" DESCRIPTION="block type Main"/><OtherTag ID="BT190" LABEL="Damage" DESCRIPTION="block type Damage"/><OtherTag ID="BT191" LABEL="Decoration" DESCRIPTION="block type Decoration"/><OtherTag ID="BT192" LABEL="DropCapital" DESCRIPTION="block type DropCapital"/><OtherTag ID="BT193" LABEL="Figure" DESCRIPTION="block type Figure"/><OtherTag ID="BT194" LABEL="Margin" DESCRIPTION="block type Margin"/><OtherTag ID="BT195" LABEL="MusicNotation" DESCRIPTION="block type MusicNotation"/><OtherTag ID="BT196" LABEL="Numbering" DESCRIPTION="block type Numbering"/><OtherTag ID="BT197" LABEL="RunningTitle" DESCRIPTION="block type RunningTitle"/><OtherTag ID="BT198" LABEL="Seal" DESCRIPTION="block type Seal"/><OtherTag ID="BT199" LABEL="Signatures" DESCRIPTION="block type Signatures"/><OtherTag ID="BT200" LABEL="Stamp" DESCRIPTION="block type Stamp"/><OtherTag ID="BT201" LABEL="Table" DESCRIPTION="block type Table"/>
    <OtherTag ID="LT80" LABEL="Default" DESCRIPTION="line type Default"/><OtherTag ID="LT81" LABEL="DropCapitalLine" DESCRIPTION="line type DropCapitalLine"/><OtherTag ID="LT82" LABEL="Interlinear" DESCRIPTION="line type Interlinear"/><OtherTag ID="LT83" LABEL="MusicLine" DESCRIPTION="line type MusicLine"/><OtherTag ID="LT84" LABEL="Rubric" DESCRIPTION="line type Rubric"/>
  </Tags>
  
  <Layout>
    <Page WIDTH="4267"
          HEIGHT="5796"
          PHYSICAL_IMG_NR="5"
          ID="eSc_dummypage_">
      <PrintSpace HPOS="0"
                  VPOS="0"
                  WIDTH="4267"
                  HEIGHT="5796">
        
        <TextBlock HPOS="396"
                   VPOS="587"
                   WIDTH="2852"
                   HEIGHT="4531"
                   ID="eSc_textblock_76f813cc"
                   TAGREFS="BT2">
          <Shape><Polygon POINTS="396 587 396 5118 3248 5118 3248 587"/></Shape>
          
          
          <TextLine ID="tl_2"
                    TAGREFS="LT80"
                    BASELINE="425 675 601 672 1065 654 2039 654 2113 653 2507 653 2657 655 3015 659 3185 664" 
                    HPOS="425"
                    VPOS="548"
                    WIDTH="2760"
                    HEIGHT="153">
            <Shape><Polygon POINTS="425 548 3185 548 3185 701 425 701"/></Shape>
	    <String CONTENT="eux quelques vns, qu’on deſtinoit a remplir les places de"
                    HPOS="425"
                    VPOS="548"
                    WIDTH="2760"
                    HEIGHT="153"></String>
          </TextLine>

          
          
          <TextLine ID="tl_3"
                    TAGREFS="LT80"
                    BASELINE="422 825 590 816 1052 798 1264 795 1554 790 1886 792 2212 797 2410 798 2894 800 3190 838" 
                    HPOS="421"
                    VPOS="692"
                    WIDTH="2769"
                    HEIGHT="159">
            <Shape><Polygon POINTS="421 692 3190 692 3190 851 421 851"/></Shape>
	    <String CONTENT="nos maiſtres: Et enfin noſtre ſiecle me ſembloit auſſy"
                    HPOS="421"
                    VPOS="692"
                    WIDTH="2769"
                    HEIGHT="159"></String>
          </TextLine>

          
          
          <TextLine ID="tl_4"
                    TAGREFS="LT80"
                    BASELINE="424 973 955 977 1085 954 1353 979 1682 941 1830 939 2089 947 2463 972 2781 948 2995 951 3190 934" 
                    HPOS="424"
                    VPOS="836"
                    WIDTH="2767"
                    HEIGHT="155">
            <Shape><Polygon POINTS="424 836 3191 836 3191 991 424 991"/></Shape>
	    <String CONTENT="fleuriſſant, &amp; auſſy fertile en bons eſprits, qu’ait eſté au¬"
                    HPOS="424"
                    VPOS="836"
                    WIDTH="2767"
                    HEIGHT="155"></String>
          </TextLine>

          
          
          <TextLine ID="tl_5"
                    TAGREFS="LT80"
                    BASELINE="423 1119 605 1110 793 1105 1353 1089 1755 1085 1939 1088 2267 1089 2689 1093 2797 1094 3187 1122" 
                    HPOS="423"
                    VPOS="982"
                    WIDTH="2764"
                    HEIGHT="155">
            <Shape><Polygon POINTS="423 982 3187 982 3187 1137 423 1137"/></Shape>
	    <String CONTENT="cun des precedens. Ce qui me faiſoit prendre la liberté,"
                    HPOS="423"
                    VPOS="982"
                    WIDTH="2764"
                    HEIGHT="155"></String>
          </TextLine>

          
          
          <TextLine ID="tl_6"
                    TAGREFS="LT80"
                    BASELINE="421 1261 544 1259 830 1249 1006 1248 1252 1277 1394 1243 1628 1235 1778 1235 2144 1253 2280 1237 2422 1232 2778 1232 3012 1233 3190 1272" 
                    HPOS="421"
                    VPOS="1134"
                    WIDTH="2769"
                    HEIGHT="159">
            <Shape><Polygon POINTS="421 1134 3190 1134 3190 1293 421 1293"/></Shape>
	    <String CONTENT="de iuger par moy de tous les autres, &amp; de penſer qu’il n’y"
                    HPOS="421"
                    VPOS="1134"
                    WIDTH="2769"
                    HEIGHT="159"></String>
          </TextLine>

          
          
          <TextLine ID="tl_7"
                    TAGREFS="LT80"
                    BASELINE="422 1405 673 1396 1039 1392 1481 1384 1725 1381 1829 1381 2209 1379 2399 1380 2601 1381 2873 1406 3185 1384" 
                    HPOS="422"
                    VPOS="1276"
                    WIDTH="2763"
                    HEIGHT="153">
            <Shape><Polygon POINTS="422 1276 3185 1276 3185 1429 422 1429"/></Shape>
	    <String CONTENT="auoit aucune doctrine dans le monde qui fuſt telle, qu’on"
                    HPOS="422"
                    VPOS="1276"
                    WIDTH="2763"
                    HEIGHT="153"></String>
          </TextLine>

          
          
          <TextLine ID="tl_8"
                    TAGREFS="LT80"
                    BASELINE="419 1553 601 1546 817 1539 1381 1529 1565 1526 1979 1526" 
                    HPOS="419"
                    VPOS="1428"
                    WIDTH="1560"
                    HEIGHT="143">
            <Shape><Polygon POINTS="419 1428 1979 1428 1979 1571 419 1571"/></Shape>
	    <String CONTENT="m’auoit auparauant fait eſperer."
                    HPOS="419"
                    VPOS="1428"
                    WIDTH="1560"
                    HEIGHT="143"></String>
          </TextLine>

          
          
          <TextLine ID="tl_9"
                    TAGREFS="LT80"
                    BASELINE="546 1694 1302 1677 1792 1671 2304 1670 2452 1670 3188 1658" 
                    HPOS="545"
                    VPOS="1566"
                    WIDTH="2643"
                    HEIGHT="150">
            <Shape><Polygon POINTS="545 1566 3188 1566 3188 1716 545 1716"/></Shape>
	    <String CONTENT="Ie ne laiſſois pas toutefois d’eſtimer les exercices, auſ¬"
                    HPOS="545"
                    VPOS="1566"
                    WIDTH="2643"
                    HEIGHT="150"></String>
          </TextLine>

          
          
          <TextLine ID="tl_10"
                    TAGREFS="LT80"
                    BASELINE="426 1877 679 1836 823 1833 1275 1827 1521 1826 1679 1825 2149 1823 2365 1822 2767 1824 3001 1827 3187 1832" 
                    HPOS="426"
                    VPOS="1720"
                    WIDTH="2761"
                    HEIGHT="157">
            <Shape><Polygon POINTS="426 1720 3187 1720 3187 1877 426 1877"/></Shape>
	    <String CONTENT="quels on s’occupe dans les eſcholes. Ie ſçauois que les"
                    HPOS="426"
                    VPOS="1720"
                    WIDTH="2761"
                    HEIGHT="157"></String>
          </TextLine>

          
          
          <TextLine ID="tl_11"
                    TAGREFS="LT80"
                    BASELINE="419 1989 791 1977 1117 1972 1207 2010 1629 1973 1885 1972 2465 1968 2747 1968 3189 1958" 
                    HPOS="419"
                    VPOS="1870"
                    WIDTH="2770"
                    HEIGHT="149">
            <Shape><Polygon POINTS="419 1870 3189 1870 3189 2019 419 2019"/></Shape>
	    <String CONTENT="langues qu’on y apprent ſont neceſſaires pour l’intelli¬"
                    HPOS="419"
                    VPOS="1870"
                    WIDTH="2770"
                    HEIGHT="149"></String>
          </TextLine>

          
          
          <TextLine ID="tl_12"
                    TAGREFS="LT80"
                    BASELINE="408 2171 704 2126 890 2121 1194 2119 1544 2116 1636 2145 1910 2114 2044 2116 2618 2119 2824 2116 3178 2112" 
                    HPOS="407"
                    VPOS="2012"
                    WIDTH="2771"
                    HEIGHT="159">
            <Shape><Polygon POINTS="407 2012 3178 2012 3178 2171 407 2171"/></Shape>
	    <String CONTENT="gence des liures anciens; Que la gentilleſſe des fables"
                    HPOS="407"
                    VPOS="2012"
                    WIDTH="2771"
                    HEIGHT="159"></String>
          </TextLine>

          
          
          <TextLine ID="tl_13"
                    TAGREFS="LT80"
                    BASELINE="408 2281 775 2267 1161 2294 1407 2263 1559 2262 1951 2264 2607 2261 2817 2260 3186 2240" 
                    HPOS="408"
                    VPOS="2160"
                    WIDTH="2779"
                    HEIGHT="141">
            <Shape><Polygon POINTS="408 2160 3187 2160 3187 2301 408 2301"/></Shape>
	    <String CONTENT="reueille l’eſprit; Que les actions memorables des hiſtoi¬"
                    HPOS="408"
                    VPOS="2160"
                    WIDTH="2779"
                    HEIGHT="141"></String>
          </TextLine>

          
          
          <TextLine ID="tl_14"
                    TAGREFS="LT80"
                    BASELINE="405 2427 547 2422 663 2424 1171 2432 1303 2413 1795 2411 2095 2409 2365 2408 2909 2406 3181 2406" 
                    HPOS="405"
                    VPOS="2310"
                    WIDTH="2776"
                    HEIGHT="139">
            <Shape><Polygon POINTS="405 2310 3181 2310 3181 2449 405 2449"/></Shape>
	    <String CONTENT="res le releuent, &amp; qu’eſtant leuës auec diſcretion elles"
                    HPOS="405"
                    VPOS="2310"
                    WIDTH="2776"
                    HEIGHT="139"></String>
          </TextLine>

          
          
          <TextLine ID="tl_15"
                    TAGREFS="LT80"
                    BASELINE="404 2577 748 2568 824 2565 1198 2555 1306 2555 1852 2584 2120 2551 2230 2553 2612 2553 2762 2552 3002 2557 3174 2552" 
                    HPOS="403"
                    VPOS="2450"
                    WIDTH="2771"
                    HEIGHT="151">
            <Shape><Polygon POINTS="403 2450 3174 2450 3174 2601 403 2601"/></Shape>
	    <String CONTENT="aydent a former le iugement; Que la lecture de tous les"
                    HPOS="403"
                    VPOS="2450"
                    WIDTH="2771"
                    HEIGHT="151"></String>
          </TextLine>

          
          
          <TextLine ID="tl_16"
                    TAGREFS="LT80"
                    BASELINE="404 2719 637 2710 973 2707 1149 2708 1575 2700 1805 2697 2493 2694 2765 2694 2937 2691 3181 2692" 
                    HPOS="404"
                    VPOS="2594"
                    WIDTH="2777"
                    HEIGHT="147">
            <Shape><Polygon POINTS="404 2594 3181 2594 3181 2741 404 2741"/></Shape>
	    <String CONTENT="bons liures eſt comme vne conuerſation auec les plus"
                    HPOS="404"
                    VPOS="2594"
                    WIDTH="2777"
                    HEIGHT="147"></String>
          </TextLine>

          
          
          <TextLine ID="tl_17"
                    TAGREFS="LT80"
                    BASELINE="401 2869 891 2855 1141 2854 1333 2851 1673 2851 2033 2874 2227 2849 2383 2848 2579 2851 2817 2850 2975 2849 3181 2832" 
                    HPOS="401"
                    VPOS="2746"
                    WIDTH="2780"
                    HEIGHT="149">
            <Shape><Polygon POINTS="401 2746 3181 2746 3181 2895 401 2895"/></Shape>
	    <String CONTENT="honneſtes gens des ſiecles paſſez, qui en ont eſté les au¬"
                    HPOS="401"
                    VPOS="2746"
                    WIDTH="2780"
                    HEIGHT="149"></String>
          </TextLine>

          
          
          <TextLine ID="tl_18"
                    TAGREFS="LT80"
                    BASELINE="402 3011 746 3032 868 3005 2598 3021 2754 2994 3188 2994" 
                    HPOS="401"
                    VPOS="2892"
                    WIDTH="2787"
                    HEIGHT="149">
            <Shape><Polygon POINTS="401 2892 3188 2892 3188 3041 401 3041"/></Shape>
	    <String CONTENT="theurs; &amp; meſme vne conuerſation eſtudiée, en laquelle"
                    HPOS="401"
                    VPOS="2892"
                    WIDTH="2787"
                    HEIGHT="149"></String>
          </TextLine>

          
          
          <TextLine ID="tl_19"
                    TAGREFS="LT80"
                    BASELINE="400 3157 511 3155 651 3156 901 3151 1507 3148 1715 3147 1873 3146 2449 3146 2623 3147 2913 3144 3183 3126" 
                    HPOS="400"
                    VPOS="3044"
                    WIDTH="2783"
                    HEIGHT="147">
            <Shape><Polygon POINTS="400 3044 3183 3044 3183 3191 400 3191"/></Shape>
	    <String CONTENT="ils ne nous découurent que les meilleures de leurs pen¬"
                    HPOS="400"
                    VPOS="3044"
                    WIDTH="2783"
                    HEIGHT="147"></String>
          </TextLine>

          
          
          <TextLine ID="tl_20"
                    TAGREFS="LT80"
                    BASELINE="399 3295 631 3326 893 3295 1543 3296 1647 3295 1853 3294 2199 3293 2339 3296 2547 3289 2999 3289 3185 3272" 
                    HPOS="399"
                    VPOS="3184"
                    WIDTH="2786"
                    HEIGHT="151">
            <Shape><Polygon POINTS="399 3184 3185 3184 3185 3335 399 3335"/></Shape>
	    <String CONTENT="ſées; Que l&#39;Eloquence a des forces &amp; des beautez in¬"
                    HPOS="399"
                    VPOS="3184"
                    WIDTH="2786"
                    HEIGHT="151"></String>
          </TextLine>

          
          
          <TextLine ID="tl_21"
                    TAGREFS="LT80"
                    BASELINE="402 3443 1088 3474 1378 3443 1498 3442 1868 3440 1982 3440 2188 3439 2818 3436 2976 3442 3184 3438" 
                    HPOS="402"
                    VPOS="3336"
                    WIDTH="2782"
                    HEIGHT="145">
            <Shape><Polygon POINTS="402 3336 3184 3336 3184 3481 402 3481"/></Shape>
	    <String CONTENT="comparables; Que la Poëſie a des delicateſſes &amp; des"
                    HPOS="402"
                    VPOS="3336"
                    WIDTH="2782"
                    HEIGHT="145"></String>
          </TextLine>

          
          
          <TextLine ID="tl_22"
                    TAGREFS="LT80"
                    BASELINE="398 3603 859 3601 1057 3598 1567 3594 1687 3623 1999 3590 2157 3589 2983 3581 3185 3584" 
                    HPOS="398"
                    VPOS="3488"
                    WIDTH="2787"
                    HEIGHT="145">
            <Shape><Polygon POINTS="398 3488 3185 3488 3185 3633 398 3633"/></Shape>
	    <String CONTENT="douceurs tres rauiſſantes; Que les Mathematiques ont"
                    HPOS="398"
                    VPOS="3488"
                    WIDTH="2787"
                    HEIGHT="145"></String>
          </TextLine>

          
          
          <TextLine ID="tl_23"
                    TAGREFS="LT80"
                    BASELINE="399 3753 1717 3747 1812 3769 1993 3746 2205 3741 2665 3735 3186 3768" 
                    HPOS="399"
                    VPOS="3638"
                    WIDTH="2787"
                    HEIGHT="147">
            <Shape><Polygon POINTS="399 3638 3186 3638 3186 3785 399 3785"/></Shape>
	    <String CONTENT="des inuentions tres ſubtiles, &amp; qui peuuent beaucoup"
                    HPOS="399"
                    VPOS="3638"
                    WIDTH="2787"
                    HEIGHT="147"></String>
          </TextLine>

          
          
          <TextLine ID="tl_24"
                    TAGREFS="LT80"
                    BASELINE="396 3893 700 3918 922 3895 1000 3892 1522 3894 1676 3895 2124 3919 2370 3886 2790 3880 3028 3879 3184 3884" 
                    HPOS="396"
                    VPOS="3782"
                    WIDTH="2788"
                    HEIGHT="151">
            <Shape><Polygon POINTS="396 3782 3184 3782 3184 3933 396 3933"/></Shape>
	    <String CONTENT="ſeruir, tant a contenter les curieux, qu’a faciliter tous les"
                    HPOS="396"
                    VPOS="3782"
                    WIDTH="2788"
                    HEIGHT="151"></String>
          </TextLine>

          
          
          <TextLine ID="tl_25"
                    TAGREFS="LT80"
                    BASELINE="396 4049 617 4070 745 4048 1227 4041 1331 4045 1679 4045 1877 4042 2411 4062 2681 4031 2857 4028 3189 4030" 
                    HPOS="396"
                    VPOS="3930"
                    WIDTH="2793"
                    HEIGHT="141">
            <Shape><Polygon POINTS="396 3930 3189 3930 3189 4071 396 4071"/></Shape>
	    <String CONTENT="arts, &amp; diminuer le trauail des hommes; Que les eſcris"
                    HPOS="396"
                    VPOS="3930"
                    WIDTH="2793"
                    HEIGHT="141"></String>
          </TextLine>

          
          
          <TextLine ID="tl_26"
                    TAGREFS="LT80"
                    BASELINE="399 4221 559 4184 991 4190 1193 4190 1545 4190 2173 4187 2661 4179 3181 4156" 
                    HPOS="399"
                    VPOS="4074"
                    WIDTH="2783"
                    HEIGHT="153">
            <Shape><Polygon POINTS="399 4074 3182 4074 3182 4227 399 4227"/></Shape>
	    <String CONTENT="qui traitent des meurs contienent pluſieurs enſeigne¬"
                    HPOS="399"
                    VPOS="4074"
                    WIDTH="2783"
                    HEIGHT="153"></String>
          </TextLine>

          
          
          <TextLine ID="tl_27"
                    TAGREFS="LT80"
                    BASELINE="396 4339 1256 4339 1940 4338 2038 4336 2172 4335 2486 4332 2696 4327 2948 4323 3196 4318" 
                    HPOS="396"
                    VPOS="4218"
                    WIDTH="2800"
                    HEIGHT="157">
            <Shape><Polygon POINTS="396 4218 3196 4218 3196 4375 396 4375"/></Shape>
	    <String CONTENT="mens, &amp; pluſieurs exhortations a la vertu qui ſont fort"
                    HPOS="396"
                    VPOS="4218"
                    WIDTH="2800"
                    HEIGHT="157"></String>
          </TextLine>

          
          
          <TextLine ID="tl_28"
                    TAGREFS="LT80"
                    BASELINE="396 4485 693 4512 943 4485 1051 4486 1613 4490 2087 4485 2167 4489 2593 4481 2705 4481 2945 4493 3197 4468" 
                    HPOS="396"
                    VPOS="4374"
                    WIDTH="2801"
                    HEIGHT="161">
            <Shape><Polygon POINTS="396 4374 3197 4374 3197 4535 396 4535"/></Shape>
	    <String CONTENT="vtiles; Que la Theologie enſeigne a gaigner le ciel; Que"
                    HPOS="396"
                    VPOS="4374"
                    WIDTH="2801"
                    HEIGHT="161"></String>
          </TextLine>

          
          
          <TextLine ID="tl_29"
                    TAGREFS="LT80"
                    BASELINE="397 4625 479 4627 1109 4632 1469 4636 1869 4631 2041 4634 2379 4626 3191 4606" 
                    HPOS="397"
                    VPOS="4516"
                    WIDTH="2795"
                    HEIGHT="157">
            <Shape><Polygon POINTS="397 4516 3192 4516 3192 4673 397 4673"/></Shape>
	    <String CONTENT="la Philoſophie donne moyen de parler vrayſemblable¬"
                    HPOS="397"
                    VPOS="4516"
                    WIDTH="2795"
                    HEIGHT="157"></String>
          </TextLine>

          
          
          <TextLine ID="tl_30"
                    TAGREFS="LT80"
                    BASELINE="396 4785 656 4786 830 4789 1170 4794 1586 4818 1742 4795 1878 4792 2156 4789 2614 4785 2828 4782 3194 4780" 
                    HPOS="396"
                    VPOS="4682"
                    WIDTH="2798"
                    HEIGHT="141">
            <Shape><Polygon POINTS="396 4682 3194 4682 3194 4823 396 4823"/></Shape>
	    <String CONTENT="ment de toutes choſes, &amp; ſe faire admirer des moins"
                    HPOS="396"
                    VPOS="4682"
                    WIDTH="2798"
                    HEIGHT="141"></String>
          </TextLine>

          
          
          <TextLine ID="tl_31"
                    TAGREFS="LT80"
                    BASELINE="394 4973 789 4979 1043 4952 1919 4972 2025 4950 2599 4965 2707 4945 2863 4930 3197 4928" 
                    HPOS="394"
                    VPOS="4824"
                    WIDTH="2803"
                    HEIGHT="169">
            <Shape><Polygon POINTS="394 4824 3197 4824 3197 4993 394 4993"/></Shape>
	    <String CONTENT="ſçauans; Que la Iuriſprudence, la Medecine, &amp; les autres"
                    HPOS="394"
                    VPOS="4824"
                    WIDTH="2803"
                    HEIGHT="169"></String>
          </TextLine>

          
          
          <TextLine ID="tl_32"
                    TAGREFS="LT84"
                    BASELINE="2907 5083 3206 5068" 
                    HPOS="2907"
                    VPOS="4982"
                    WIDTH="299"
                    HEIGHT="107">
            <Shape><Polygon POINTS="2907 4982 3206 4982 3206 5089 2907 5089"/></Shape>
	    <String CONTENT="ſcien¬"
                    HPOS="2907"
                    VPOS="4982"
                    WIDTH="299"
                    HEIGHT="107"></String>
          </TextLine>

          
        </TextBlock>
        
        <TextBlock HPOS="3116"
                   VPOS="396"
                   WIDTH="108"
                   HEIGHT="179"
                   ID="eSc_textblock_b4ac287c"
                   TAGREFS="BT196">
          <Shape><Polygon POINTS="3116 396 3116 575 3224 575 3224 396"/></Shape>
          
          
          <TextLine ID="eSc_line_ba9b1637"
                    TAGREFS="LT80"
                    BASELINE="3127 522 3209 526" 
                    HPOS="3126"
                    VPOS="367"
                    WIDTH="82"
                    HEIGHT="164">
            <Shape><Polygon POINTS="3126 521 3136 367 3199 371 3208 521 3136 531"/></Shape>
	    <String CONTENT="7"
                    HPOS="3126"
                    VPOS="367"
                    WIDTH="82"
                    HEIGHT="164"></String>
          </TextLine>

          
        </TextBlock>
        
        <TextBlock HPOS="1199"
                   VPOS="360"
                   WIDTH="1282"
                   HEIGHT="167"
                   ID="eSc_textblock_011c507f"
                   TAGREFS="BT197">
          <Shape><Polygon POINTS="1199 360 1199 527 2481 527 2481 360"/></Shape>
          
          
          <TextLine ID="tl_1"
                    TAGREFS="LT80"
                    BASELINE="1258 491 1434 488 1592 492 2396 488 2446 490" 
                    HPOS="1256"
                    VPOS="347"
                    WIDTH="1189"
                    HEIGHT="164">
            <Shape><Polygon POINTS="1256 487 1275 347 1386 391 1473 391 1556 352 1604 381 1686 347 1860 347 1908 391 2019 391 2087 347 2237 391 2435 391 2445 487 2435 511 1266 507"/></Shape>
	    <String CONTENT="DE LA METHODE."
                    HPOS="1256"
                    VPOS="347"
                    WIDTH="1189"
                    HEIGHT="164"></String>
          </TextLine>

          
        </TextBlock>
        

        
      </PrintSpace>
    </Page>
  </Layout>
</alto>
