4267 5758
1070 340 139 144 14

2011 350 844 149 DISCOURS.

1091 523 2774 168 contrains, ne ſçauroient eſtre ſi bien policez, que ceux

1096 661 2771 178 qui dés le commencement qu’ils ſe ſont aſſemblez, ont

1096 813 2771 170 obſerué les conſtitutions de quelque prudent Legiſla¬

1096 959 2770 174 teur. Comme il eſt bien certain que l’Eſtat de la vraye

1095 1109 2769 174 religion, dont Dieu ſeul a fait les ordonnances, doit eſtre

1099 1253 2769 170 incomparablement mieux reglé que tous les autres. Et

1097 1403 2770 168 pour parler des choſes humaines, ie croy que ſi Sparte a

1102 1545 2763 156 eſté autrefois tres floriſſante, ce n’a pas eſté à cauſe de

1096 1681 2769 170 la bonté de chaſcune de ſes loix en particulier, vû que

1098 1831 2768 172 pluſieurs eſtoient fort eſtranges, & meſme contraires

1099 1985 2767 164 aux bonnes meurs, mais a cauſe que n’ayant eſté inuen¬

1099 2127 2761 168 tées que par vn ſeul, elles tendoient toutes a meſme fin.

1097 2271 2772 168 Et ainſi ie penſay que les ſciences des liures au moins cel¬

1096 2421 2759 166 les dont les raiſons ne ſont que probables, & qui n’ont au¬

1102 2569 2757 172 cunes demonſtrations, s’eſtant compoſées & groſſies

1096 2717 2766 176 peu a peu des opiniõs de pluſieurs diuerſes perſonnes, ne

1096 2865 2766 182 ſont point, ſi approchantes de la verité, que les ſimples

1093 3011 2765 162 raiſonnemens que peut faire naturellement vn hõme de

1095 3163 2764 170 bon ſens touchant les choſes qui ſe preſentent. Et ainſi

1097 3309 2778 172 encore ie penſay, que pourceque nous auons tous eſté

1098 3451 2759 176 enfans auant que d’eſtre hommes, & qu'il nous a fallu

1096 3607 2765 164 longtems eſtre gouuernez par nos appetis & nos Prece¬

1096 3757 2758 160 pteurs, qui eſtoient ſouuent contraires les vns aux au¬

1101 3899 2755 164 tres, & qui ny les vns ny les autres ne nous conſeilloient

1095 4039 2763 172 peut eſtre pas touſiours le meilleur, Il eſt preſq; impoſſi¬

1093 4179 2764 178 ble que nos iugemens ſoient ſi purs, ny ſi ſolides qu’ils au¬

1092 4333 2765 172 raient eſté, ſi nous auions eu l’vſage entier de no¬

1092 4473 2758 180 ſtre raiſon dés le point de noſtre naiſſance, & que nous

1090 4623 2108 166 n’euſſions jamais eſté conduits que par elle.

1213 4775 2641 176 Il eſt vray que nous ne voyons point qu’on iette par

3609 4972 241 71 terre
