4267 5775
449 497 2762 138 terre toutes les maiſons d’vne ville, pour le ſeul deſſein

445 641 2768 140 de les refaire d’autre façon; & d’en rendre les ruës plus

445 785 2768 138 belles; mais on voit bien que pluſieurs font abatre les leur

435 935 2772 154 pour les rebaſtir, & que meſme quelquefois ils y ſont

439 1087 2762 138 contrains, quand elles ſont en danger de tomber d’elles

441 1225 2756 140 meſmes, & que les fondemens n’en ſont pas bien fermes.

441 1381 2764 136 A l’exemple dequoy ie me perſuaday, qu’il n’y auroit

437 1525 2768 136 veritablement point d’apparence, qu’vn particulier fiſt

443 1671 2762 136 deſſein de reformer vn Eſtat, en y changeant tout dés les

435 1811 2762 132 fondemens, & en le renuerſant pour le redreſſer; Ny,

431 1953 2770 142 meſme auſſy de reformer le cors des ſciences, ou l’ordre

435 2107 2772 138 eſtabli dans les eſcholes pour les enſeigner. Mais que

429 2253 2764 138 pour toutes les opinions que i’auois receuës iuſques alors

429 2401 2774 134 en ma creance, ie ne pouuois mieux faire que d’entre¬

423 2551 2778 136 prendre vne bonne fois de les en oſter, affin d’y en re¬

429 2703 2774 128 mettre par apres, ou d'autres meilleures, oubien les meſ¬

427 2845 2774 132 mes, lorſque ie les aurois aiuſtées au niueau de la raiſon.

423 2997 2780 140 Et ie creu fermement que par ce moyen ie reuſſirois a

423 3151 2782 136 conduire ma vie beaucoup mieux, que ſi ie ne batiſſois

425 3275 2776 168 que ſur de vieux fondemens, & que ie ne m’appuiaſſe

421 3441 2782 150 que ſur les principes que ie m’eſtois laiſſé perſuader en

421 3589 2780 130 ma ieuneſſe, ſans auoir jamais examiné s’ils eſtoient

419 3745 2770 140 vrais. Car bienque ie remarquaſſe en cecy diuerſes diffi¬

413 3893 2794 154 cultez, elles n’eſtoient point toutefois ſans remede, ny

419 4039 2788 134 comparables a celles qui ſe trouuent en la reformation

413 4179 2776 160 des moindres choſes qui touchent le public. Ces grans

417 4331 2794 144 cors ſont trop malayſez à releuer eſtant abatus, ou meſ¬

417 4483 2788 148 me a retenir eſtant esbranſlez, & leurs cheutes ne peu¬

417 4629 2786 148 uent eſtre que tres rudes. Puis pour leurs imperfections,

421 4767 2788 160 s'ils en ont, comme la ſeule diuerſité qui eſt entre eux

2965 4931 278 104 ſuffit

1242 288 1238 173 DE LA METHODE.

3091 341 106 135 15
