4267 5758
1007 340 82 120 6

1953 326 850 144 DISCOURS.

1023 507 2763 143 des preceptes, ſe doiuent eſtimer plus habiles, que ceux

1011 649 2776 139 auſquels ils des donnent, & s’ils manquent en la moin¬

1021 793 2760 141 dre choſe, ils en ſont blaſmables. Mais ne propoſant cet

1020 939 2761 147 eſcrit, que comme vne histoire, ou ſi vous l’aymez mieux

1020 1091 2760 155 que comme vne fable, en laquelle parmi quelques exem¬

1019 1249 2771 139 ples qu’on peut imiter, on en trouuera peuteſtre auſſy

1013 1389 2772 151 pluſieurs autres qu’on aura raiſon de ne pas ſuiure; i’eſpe¬

1019 1545 2770 153 re qu’il ſera vtile a quelques vns, ſans eſtre nuiſible a per¬

1018 1689 2571 142 ſonne, & que tous me ſçauront gré de ma franchiſe.

1154 1833 2634 149 I’ay eſté nourri aux lettres dés mon enfance, & pour¬

1022 1983 2770 147 ce qu’on me perſuadoit que par leur moyen on pouuoit

1013 2131 2780 147 acquerir vne connoiſſance claire & aſſuree de tout ce qui

1027 2283 2764 141 eſt vtile a la vie, i’auois vn extreme deſir de les appren¬

1028 2421 2763 141 dre. Mais ſitoſt que i'eu acheué tout ce cours d’eſtudes,

1026 2569 2764 143 au bout duquel on a couſtume d'eſtre receu au rang des

1028 2713 2770 141 doctes, ie changay entierement d’opinion, car ie me

1025 2859 2777 139 trouuois embaraſſé de tant de doutes & d’erreurs, qu’il

1021 3003 2774 139 me ſembloit n’auoir fait autre profit en taſchant de m'in¬

1022 3157 2777 137 struire; ſinon que i’auois découuert de plus en plus mon

1020 3307 2782 145 ignorance. Et neanmoins i'eſtois en l’vne des plus cele¬

1024 3453 2774 141 bres eſcholes de l’Europe, où ie penſois qu’il deuoit y

1023 3595 2775 141 auoir de ſçauans hommes s'il y en auoit en aucun endroit

1021 3741 2778 149 de la terre: I’y auois appris tout ce que les autres y ap¬

1018 3892 2773 143 prenoient; & meſme ne m’eſtant pas contenté des scien¬

1020 4043 2772 139 ces qu’on nous enſeignoit, i’auois parcouru tous les ſcien¬

1018 4187 2776 145 ces, traitans de celles qu'on eſtime les plus curieuſes &

1013 4333 2773 143 les plus rares, qui auoient pû tomber entre mes mains:

1017 4477 2772 149 Auec cela ie ſçauois les iugemens que les autres faiſo¬

1010 4629 2777 143 ient de moy; & ie ne voyois point qu’on m'eſtimaſt infe¬

1010 4785 2780 147 rieur a mes condiſciples, bienqu’il y en euſt deſia entre

3612 4967 178 67 eux
