4267 5796
1183 309 1175 154 DE LA METHODE.

3102 313 77 155 9

422 486 2772 142 Poëſie: Mais ie penſois que l’vne & l’autre eſtoient des

419 634 2755 142 dons de l’eſprit, plutoſt que des fruits de l’eſtude. Ceux

415 782 2762 146 qui ont le raiſonnement le plus fort, & qui digerent le

413 926 2766 140 mieux leurs penſées affin de les rendre claires & intelli¬

416 1076 2765 144 gibles, peuuent toujours le mieux perſuader ce qu’ils

410 1226 2766 146 propoſent, encore qu’ils ne parlaſſent que bas Breton, &

414 1370 2758 152 qu’ils n’euſſent jamais apris de Rhetorique : Et ceux qui

413 1510 2761 142 ont les inuentions les plus agreables & qui les ſçauent

419 1660 2748 152 exprimer auec le plus d’ornement & de douceur ne lair¬

415 1814 2750 138 roient pas d'eſtre les meilleurs Poëtes, encore que l’art

408 1950 1319 137 Poëtique leur fuſt inconnu.

534 2094 2638 150 Ie me plaiſois ſur tout aux Mathematiques, a cauſe de

406 2252 2760 130 la certitude & de l’euidence de leurs raiſons, mais ie ne

405 2394 2763 150 remarquois point encore leur vray vſage, & penſant

403 2540 2764 152 qu'elles ne ſeruoient qu’aux arts Mechaniques, ie m’eſ¬

399 2690 2762 152 tonnois de ce que leurs fondemens eſtans ſi fermes & ſi

394 2844 2771 152 ſolides, on n’auoit rien baſti deſſus de plus releué. Com¬

400 3002 2762 146 me au contraire ie comparois les eſcris des anciens

394 3146 2760 150 payens qui traitent des meurs, à des palais fort ſuperbes,

399 3292 2763 148 & fort magnifiques, qui n’eſtoient baſtis que ſur du ſa¬

395 3440 2762 140 ble, & ſur de la bovë; Ils eſleuent fort haut les vertus, &

395 3586 2764 156 les font paroiſtre eſtimables par deſſus toutes des choſes

392 3740 2761 152 qui ſont au monde, mais ils n’enſeignent pas aſſez a les

392 3886 2764 150 connoiſtre, & ſouuent ce qu'ils appelent d’vn ſi beau

388 4028 2772 156 nom n’eſt qu'vne inſenſibilité, ou vn orgueil, ou vn deſe¬

389 4178 1065 132 ſpoir, ou vn parricide.

511 4324 2644 154 Ie reuerois noſtre Theologie, & pretendois autant

393 4468 2766 156 qu’aucun autre a gaigner le ciel; mais ayant apris com¬

390 4616 2763 166 me choſe tres aſſurée, que le chemin n’en eſt pas moins

392 4782 2768 146 ouuert aux plus ignorans qu’aux plus doctes, & que les

2778 4916 387 174 veritez

1937 5018 87 53 b
