4267 5767
1265 307 1178 168 DE LA METHODE.

3146 326 120 164 5

499 490 2766 178 te durée de ma vie luy pourront permettre d’atteindre.

496 634 2770 180 Car i'en ay deſia receuilly de tels fruits, qu’encore

490 778 2776 190 qu’aux iugemens que ie fais de moymeſme, ie taſche

477 927 2776 177 touſiours de pencher vers le coſté de la defiance, plutoſt

479 1073 2770 195 que vers celuy de la preſomption; & que regardant d’vn

477 1211 2767 185 œil de Philoſophe les diuerſes actions & entrepriſes de

472 1363 2774 179 tous les hommes, il n’y en ait quaſi aucune qui ne me

474 1513 2769 177 ſemble vaine & inutile, Ie ne laiſſe pas de receuoir vne

477 1652 2764 182 extreme ſatiſfaction du progrés que ie penſe auoir deſia

467 1795 2768 167 fait en la recherche de la verité, & de conceuoir de telles

458 1945 2776 177 eſperances pour l’auenir, que ſi entre les occupations des

458 2089 2782 181 hommes, purement hommes, il y en a quelqu'vne qui

453 2243 2774 181 ſoit ſolidement bonne & importante, i'oſe croyre que

453 2395 1246 153 c’eſt celle que iay choiſie.

572 2533 2660 185 Toutefois il ſe peut faire que ie me trompe. & ce n’eſt

442 2681 2778 187 peuteſtre qu’vn peu de cuiure & de verre que ie prens

435 2833 2778 179 pour de l’or & des diamans. Ie ſcay combien nous ſom¬

435 2979 2786 183 mes ſuiets a nous méprendre en ce qui nous touche; &

434 3133 2784 185 combien auſſy les iugemens de nos amis nous doiuent

434 3285 2778 181 eſtre ſuſpects, lorſqu'ils ſont en noſtre faueur. Mais ie

429 3417 2774 201 ſeray bien ayſe de faire voir en ce diſcours quels ſont les

429 3575 2778 193 chemins que iay ſuiuis, & d’y repreſenter ma vie com¬

426 3733 2774 187 me en vn tableau, affin que chaſcun en puiſſe iuger, &

424 3887 2779 185 qu’apprenant du bruit commun les opinions qu’on en

421 4031 2780 193 aura, ce ſoit vn nouueau moyen de m'inſtruire, que i’ad¬

423 4185 2402 178 iouſteray a ceux dont i’ay couſtume de me ſeruir.

534 4333 2664 191 Ainſi mon deſſein n’eſt pas d’enſeigner icy la Metho¬

414 4471 2778 192 de que chaſcun doit ſuiure pour bien conduire ſa raison:

417 4625 2796 193 mais ſeulement de faire voir en quelle forte i’ay taſché

413 4767 2786 201 de conduire la miene. Ceux qui ſe meſlent de donner

3006 4964 214 159 des

2073 4969 231 163 a 3
