4267 5788
464 520 2777 145 noiſtre aſſés qu’elles valoient, pour n’eſtre plus ſuiet a

462 662 2776 153 eſtre trompé, ny par les promeſſes d’vn Alchemiſte, ny

461 816 2774 159 par les predictions d’vn Aſtrologue, ny par les impoſtu¬

464 958 2785 149 res d’vn Magicien, ny par les artifices ou la venterie

456 1104 2780 153 d’aucun de ceux qui ſont profeſſion de ſçauoir plus qu’ils

459 1276 541 136 ne ſçauent.

590 1410 2645 151 C’eſt pourquoy ſitoſt que l’aage me permit de ſortir

464 1564 2772 139 de la ſuietion de mes Precepteurs, ie quittay entiere¬

469 1700 2763 123 ment l’eſtude des lettres. Et me reſoluant de ne cher¬

467 1850 2776 145 cher plus d’autre ſcience, que celle qui ſe pourroit trou¬

458 1992 2785 155 uer en moymeſme, oubien dans le grand liure du mon¬

459 2148 2779 145 de, I'employay le reſte de ma ieuneſſe à voyager, à voir

459 2292 2778 145 des cours, & des armées, à frequenter des gens de diuer¬

454 2438 2781 155 ſes humeurs & conditions, à receuillir diuerſes experi¬

456 2580 2784 145 ences, à m'éſprouuer moymefme dans les rencontres que

453 2724 2779 149 la fortune me propoſoit, & partout à faire telle reflexion

458 2868 2771 157 ſur les choſes qui ſe preſentoient que i’en puſſe tirer

458 3024 2780 153 quelque profit. Car il me ſembloit que ie pourrois ren¬

459 3176 2771 141 contrer beaucoup plus de verité dans les raiſonnemens

457 3318 2778 159 que chaſcun fait, touchant les affaires qui luy importent,

460 3468 2781 159 & dont l’euenement le doit punir bientoſt aprés s’il a mal

453 3618 2787 147 iugé; que dans ceux que fait vn homme de lettres dans

453 3764 2794 153 ſon cabinet touchant des speculations qui ne produiſent

450 3914 2797 153 aucun effect, & qui ne luy font d’autre conſequence, ſi¬

452 4072 2796 147 non que peuteſtre il en tirera d’autant plus de vanité

451 4214 2793 149 qu’elles ſeront plus eſloignées du ſens commun: a cauſe

452 4364 2793 149 qu’il aura deu employer d’autant plus d’eſprit & d’arti¬

448 4502 2802 151 fice à taſcher de les rendre vrayſemblables. Et i’auois

451 4652 2801 155 touſiours vn extreme deſir d’apprendre a diſtinguer

453 4806 2808 151 le vray d’auec le faux, pour voir clair en mes actions,

3156 4939 111 139 &

2090 4943 212 131 b 2

1264 327 1173 155 DE LA METHODE.

3108 342 116 140 11
