4267 5758
1084 340 87 139 8

2073 335 835 154 DISCOURS.

1080 520 2778 144 ſciences apportent des honneurs & des richeſſes a ceux

1081 672 2783 142 qui les cultiuent; Et enfin qu'il eſt bon de les auoir tou¬

1083 824 2774 152 tes examinées, meſme les plus ſuperſtitieuſes & les plus

1087 974 2776 150 fauſſes, affin de connoiſtre leur iuſte valeur, & ſe garder

1084 1126 901 132 d’en eſtre trompé.

1218 1263 2646 143 Mais ie croyois auoir deſia donné aſſez de tems aux

1082 1416 2782 148 langues; & meſme auſſy a la lecture des liures anciens, &

1089 1556 2775 144 a leurs hiſtoires, & a leurs fables. Car c’eſt quaſi le meſ¬

1085 1704 2780 148 me de conuerſer auec ceux des autres ſiecles, que de

1087 1858 2780 138 voyager. Il eſt bon de ſçauoir quelque choſe des meurs

1085 2006 2780 150 de diuers peuples, affin de iuger des noſtres plus saine¬

1086 2152 2775 152 ment, & que nous ne penſions pas que tout ce qui eſt

1086 2298 2778 142 contre nos modes ſoit ridicule, & contre raiſon; ainſi

1088 2444 2770 146 qu'ont couſtume de faire ceux qui n’ont rien vû: Mais

1083 2586 2771 146 lorſqu'on employe trop de tems a voyaſger on deuient

1085 2734 2772 148 enfin eſtranger en ſon païs; & lorſqu'on eſt trop curieux

1079 2880 2772 148 des choſes qui ſe pratiquoient aux ſiecles paſſez, on de¬

1082 3030 2775 142 meure ordinairement fort ignorant de celles qui ſe pra¬

1078 3172 2776 146 tiquent en cetuycy. Outre que les fables font imaginer

1082 3322 2774 140 pluſieurs euenemens comme poſſibles qui ne le ſont

1079 3476 2777 140 point; Et que meſme les hiſtoires les plus fideles, ſi elles

1075 3618 2776 146 ne changent ny n’augment la valeur des choſes pour les

1075 3766 2778 144 rendre plus dignes d’eſtre leuës, au moins en omettent

1077 3904 2776 152 elles preſque touſiours les plus baſſes & moins illuſtres

1078 4060 2769 142 circonſtances, d’où vient que le reſte ne paroiſt pas tel

1076 4208 2768 150 qu’il eſt, & que ceux qui reglent leurs meurs par les

1074 4358 2770 138 exemples qu’ils en tirent, ſont ſuiets a tomber dans les

1077 4512 2763 140 extrauagances des Paladins de nos romans, & a conce¬

1075 4654 2000 142 uoir des deſſeins qui passent leurs forces.

1191 4799 2652 147 I’eſtimois fort l’Eloquence; & i'eſtois amoureux de la

3484 4961 353 101 Poëſie:
