4267 5758
1084 321 159 154 10

2049 316 811 154 DISCOURS.

1084 512 2784 143 veritez reuelées qui y conduiſent, ſont au deſſus de no¬

1078 656 2789 145 ſtre intelligence, ie n’euſſe oſe les ſoumettre à la foibleſ¬

1077 806 2786 147 ſe de mes raiſonnemens, & ie penſois que pour entre¬

1075 958 2785 149 prendre de les examiner, & y reuſſir, il eſtoit beſoin

1078 1096 2788 145 d’auoir quelque extrordinaire aſſiſtence du ciel, &

1080 1256 1159 133 d’eſtre plus qu’homme.

1207 1394 2654 143 Ie ne diray rien de la Philoſophie, ſinon que voyant

1083 1532 2775 153 qu’elle a eſté cultiuée par les plus excellens eſprits qui

1080 1682 2778 143 ayent veſcu depuis pluſieurs ſiecles, & que neanmoins

1074 1832 2778 142 il ne s'y trouue encore aucune choſe dont on ne diſpute,

1080 1970 2783 147 & par conſequent qui ne ſoit douteuſe, ie n'auois point

1079 2114 2782 143 aſſés de preſomption pour eſperer d'y rencontrer mieux

1083 2260 2779 151 que les autres; Et que conſiderant combien il peut y

1078 2404 2782 142 auoir de diuerſes opinions touchant vne meſme matie¬

1072 2556 2789 148 re, qui ſoient ſouſtenuës par des gens doctes, sans qu’il y

1079 2696 2778 150 en puiſſe auoir iamais plus d'vne ſeule qui ſoit vraye, ie

1077 2846 2781 150 reputois preſque pour faux tout ce qui n'eſtoit que vray¬

1078 3004 534 96 ſemblable.

1190 3136 2671 147 Puis pour les autres ſciences d’autant qu’elles emprun¬

1081 3286 2778 148 tent leurs principes de la Philoſophie, ie iugeois qu’on

1075 3430 2783 154 ne pouuoit auoir rien baſti qui fuſt ſolide, ſur des fonde¬

1078 3584 2776 148 mens ſi peu fermes; Et ny l’honneur, ny le gain qu'elles

1076 3730 2781 148 promettent, n’eſtoient ſuffiſans, pour me conuier à les

1079 3876 2782 150 apprendre; Car ie ne me ſentois point, graces a Dieu, de

1079 4024 2781 152 condition, qui m’obligeaſt a faire vn meſtier de la ſcien¬

1080 4180 2780 156 ce, pour la ſoulagement de ma fortune; Et quoy que ie

1074 4324 2787 152 ne fiſſe pas profeſſion de meſpriſer la gloire en Cynique,

1079 4476 2784 142 ie faiſois neanmoins fort peu d'eſtat de celle que ie

1079 4622 2785 146 n’eſperois point pouuoir acquerir qu’a faux titres. Et

1086 4766 2778 150 enfin pour les manuuaiſes doctrines, ie penſois deſia con¬

3519 4899 345 101 noiſtre
