4267 5775
1230 350 1150 104 DE LA METHODE.

3133 390 105 95 13

471 500 2769 158 m’entretenir de mes penſées. Entre leſqu’elles l’vne des

462 650 2778 158 premieres, fut que ie m’auiſay de conſiderer, que ſou¬

460 804 2783 160 uent il n’y a pas tant de perfection dans les ouurages

453 946 2785 148 compoſez de pluſieurs pieces, & faits de la main de di¬

454 1096 2735 146 uers maiſtres, qu’en ceux auſquels vn ſeul a trauaillé.

449 1242 2776 146 Ainſi voit on que les baſtimens qu’vn ſeul Architecte a

453 1384 2773 148 entrepris & acheuez, ont couſtume d’eſtre plus beaux &

456 1530 2765 142 mieux ordonnez, que ceux que pluſieurs ont taſché de

459 1668 2755 160 racommoder, en faiſant ſeruir de vieilles murailles qui

446 1818 2764 126 auoient eſté baſties a d’autres fins. Ainſi ces ancienes

447 1962 2768 150 citez, qui n’ayant eſté au commencement que des bour¬

437 2104 2781 157 gades, ſont deuenuës par ſucceſſion de tems de grandes

436 2248 2775 159 villes, ſont ordinairement ſi mal compaſſées, au pris de

443 2402 2763 157 ces places regulieres qu’vn Ingenieur trace a ſa fantaiſie

436 2558 2769 153 dans vne plaine, qu’encore que conſiderant leurs edifi¬

435 2712 2770 145 ces chaſcun a part on y trouue ſouuent autant ou plus

433 2858 2773 159 d’art qu’en ceux des autres; toutefois a voir comme ils

430 3010 2769 153 ſont arrangez, icy vn grand, là vn petit, & comme ils

425 3154 2773 147 rendent les rues courbées & ineſgales, on diroit que c’eſt

426 3302 2773 165 plutoſt la fortune, que la volonté de quelques hommes

429 3456 2764 151 vſans de raiſon, qui les a ainſi diſpoſez. Et ſi on conſide¬

423 3602 2775 159 re qu’il y a eu neanmoins de tout tems quelques offi¬

420 3754 2773 151 ciers, qui ont eu charge de prendre garde aux baſtimens

421 3900 2773 159 des particuliers, pour les faire ſeruir a l’ornement du pu¬

420 4052 2774 151 blic; on connoiſtra bien qu’il eſt malayſé, en ne trauail¬

414 4192 2781 161 lant que ſur les ouurages d’autruy, de faire des choſes

415 4348 2769 153 fort accomplies. Ainſi ie m’imaginay que les peuples,

418 4494 2775 155 qui ayant eſté autrefois demiſauuages, & ne s'eſtant ci¬

415 4638 2779 165 uilisez que peu a peu, n’ont fait leurs loix qu’a meſure

422 4788 2774 165 que l'incommodité des crimes & des querelles les y a

2957 4923 240 134 con¬

1945 4903 236 231 b 3
