4267 5758
1051 335 182 120 12

677 3740 327 99 Secõde

641 3860 294 109 partie.

1038 487 2012 106 & marcher auec aſſurance en cete vie.

1160 632 2670 143 Il eſt vray que pendant que ie ne faiſois que conſide¬

1032 782 2786 143 rer les meurs des autres hommes, ie n'y trouuois gueres

1034 934 2797 133 dequoy m’aſſurer; & que i’y remarquois quaſi autant de

1037 1068 2790 149 diuerſité que i’auois fait auparauant entre les opinions

1035 1224 2788 153 des Philoſophos. En ſorte que le plus grand profit que

1033 1376 2790 137 i’en retirois, eſtoit que voyant pluſieurs choſes, qui bien¬

1037 1512 2790 143 qu’elles nous ſemblent fort extrauagantes & ridicules,

1033 1670 2789 141 ne laiſſent pas d’eſtre communement receuës & approu¬

1036 1814 2786 137 uées par d'autres grans peuples, i'apprenois a ne rien

1036 1958 2788 143 croire trop fermement de ce qui ne m'auoit eſté perſua¬

1036 2106 2786 141 dé que par l’exemple & par la couſtume: Et ainſi ie me

1038 2252 2776 137 deliurois peu a peu de beaucoup d’erreurs, qui peuuent

1038 2394 2783 145 offuſquer noſtre lumiere naturelle, & nous rendre moins

1039 2544 2784 137 capables d’entendre raiſon. Mais aprés que i’eu employé

1041 2692 2760 151 quelques années a eſtudier ainſi dans le liure du monde,

1043 2844 2774 137 & a taſcher d’acquerir quelque experience, ie pris vn

1039 2986 2780 135 iour reſolution d’eſtudier auſſy en moymeſme, & d’em¬

1037 3130 2777 155 ployer toutes les forces de mon eſprit a choyſir les che¬

1036 3270 2782 143 mins que ie deuois ſuiure. Ce qui me reuſſit beaucoup

1038 3412 2768 143 mieux, ce me ſemble, que ſi ie ne me fuſſe iamais eſloi¬

1034 3565 1892 142 gné, ny de mon païs, ny de mes liures.

1087 3708 2725 138 I’étois alors en Allemaigne ou l’occaſion des guerres

1032 3858 2782 158 qui n'y ſont pas encore finies m’auoit appelé, & comme

1040 4006 2777 131 ie retournois du couronnement de l’Empereur vers l’ar¬

1047 4152 2768 135 mée, le commencement de l’hyuer m’areſta en vn quar¬

1041 4300 2776 135 tier ou ne trouuant aucune conuerſation qui me diuer¬

1039 4450 2776 135 tiſt, & n’ayant d’ailleurs par bonheur aucuns ſoins ny

1039 4596 2780 141 paſſions qui me troublaſſent, ie demeurois tout le iour

1033 4736 2781 145 enfermé ſeul dans vn poëſle, ou i’auois tout loyſir de

3526 4902 286 64 m’en¬

2035 311 796 125 DISCOURS
