4267 5738
1258 473 1205 186 DISCOURS

3214 392 115 167 3

579 745 2648 223 DE LA METHODE

681 1036 2461 213 Pour bien conduire ſa raiſon, & chercher

1137 1234 1516 173 la verité dans les ſciences.

530 1529 2747 164 Si ce diſcours ſemble trop long pour eſtre tout leu en vne fois, on le pour¬

638 1647 2634 153 ra diſtinguer en ſix parties. Et en la premiere on trouvera diuerſes

633 1761 2635 159 conſiderations touchant les ſciences. En la ſeconde, les principales regles

630 1875 2635 151 de la Methode que l'Autheur a cherchée. En la 3, quelques vues de

628 1991 2631 151 celles de la Morale qu'il a tirée, de cete Methode. En la 4, les raiſons

621 2103 2637 153 par leſquelles il prouue l'exiſtence de Dieu, & de l'ame humaine, qui

617 2217 2641 157 ſont les fondemens de ſa Metaphyſique. En la 5, l'ordre des queſtions

622 2333 2629 159 de Phyſique qu'il a cherchées, & particulierement l'explication du

614 2449 2636 159 mouuement du cœur, & de quelques autres difficulteZ qui appartie¬

607 2562 2641 156 nent a la Medecine, puis auſſy la difference qui eſt entre noſtre ame &

605 2672 2638 160 celle des beſtes. Et en la derniere, quelles choſes il croit eſtre requiſes

600 2792 2631 154 pour aller plus auant en la recherche de la Nature qu'il n'a eſté, &

596 2904 1154 131 quelles raiſons l'ont fait eſcrire.

1223 3162 1994 134 E bon ſens eſt la choſe du monde la

1225 3316 1996 158 mieux partagée: car chaſcun penſe en

1217 3458 2000 158 eſtre ſi bien pouruû, que ceux meſme qui

1211 3610 2004 154 ſont les plus difficiles a contenter en tou¬

1211 3760 2004 156 te autre choſe, n’ont point couſtume d’en

456 3895 2755 169 deſirer plus qu’ils en ont. En quoy il n’eſt pas vray ſem¬

460 4043 2751 167 blable que tous ſe trõpent: Mais plutoſt cela teſmoigne

454 4183 2753 169 que la puiſſance de bien iuger, & distinguer le vray

446 4331 2755 171 d’auec le faux, qui eſt proprement ce qu'on nomme le

444 4477 2748 171 bon sens, ou la raiſon, eſt naturellement eſgale en tous

438 4620 2756 172 les hommes; Et ainſi que la diuerſité de nos opinions ne

438 4776 2754 172 vient pas de ce que les vns ſont plus raiſonnables que les

2841 4953 353 134 autres,

664 3251 335 626 L

3242 3213 329 57 PREMIERE

3246 3270 252 60 PARTIE.

1980 4958 191 110 a 2
