4085 7126
476 375 710 535 LL
1631 316 1917 478 ST
1987 313 2293 467 AT
2347 313 2413 460 I
2471 311 2609 458 R
2675 311 2862 503 A,

493 586 1023 728 Etquoy
1067 529 1606 713 qu’enfin
1664 532 2034 654 lefien
2091 565 2398 688 pour
2458 519 2912 649 Statira
2955 508 3482 672 foflprrc,'

495 747 712 868 De
765 729 1279 845 ramour
1319 705 1463 826 de
1511 719 2019 831 Roxane
2065 699 2151 811 il
2189 735 2335 815 ne
2390 685 2639 810 faut
2693 726 2901 845 pas
2938 686 2981 805 1
3026 670 3643 826 inftruirc;

516 899 637 1032 Il
674 887 1553 1062 l'ignore,je
1605 909 1903 991 veux
1952 862 2250 1030 qu’il
2290 862 2800 1026 l’ignore
2842 867 3443 1006 toujours,

522 1085 735 1204 Ou
778 1059 1069 1228 qu’il
1116 1060 1393 1170 n’en
1445 1039 1665 1159 foit
1701 1029 2181 1159 inftruit
2228 1040 2687 1200 qu’aux
2747 1020 3149 1180 defpes
3195 1016 3337 1132 de
3377 1012 3543 1130 fes
3573 1014 3964 1165 jours-

521 1236 859 1368 Mais
915 1236 1438 1352 Roxane
1481 1211 1694 1377 qui
1731 1204 2122 1321 craint
2177 1202 2280 1318 le
2325 1194 2836 1356 pouvoir
2881 1192 3026 1307 de
3079 1222 3378 1304 mon
3418 1181 3770 1317 .Pere,

521 1404 786 1564 Qui
825 1391 1100 1557 fçait
1136 1379 1986 1554 qu’Antipater
2026 1399 2310 1527 peut
2355 1360 2710 1484 fervir
2754 1397 2958 1476 ma
3003 1354 3454 1498 colère.

527 1585 815 1736 Que
861 1566 1069 1681 fon
1121 1541 1557 1680 Armée
1609 1575 2111 1681 avance,
2149 1576 2215 1651 a
2261 1569 2673 1650 connu
2719 1560 2955 1693 que
3005 1511 3421 1636 tantôt

512 1727 1198 1888 Sonefprit
1256 1708 1585 1837 irrité
1620 1703 2127 1829 m’avoit
2168 1697 2495 1863 parlé
2548 1731 2820 1852 trop
2870 1683 3217 1812 haut.

514 1910 937 2036 Dieux
964 1931 987 2024 /
1023 1887 1103 2010 fi
1151 1895 1361 2010 ion
1398 1918 1741 2003 cœur
1796 1872 2495 2038 pouvoir....
2533 1874 2687 1986 La
2730 1861 3121 2016 voicy,
3171 1852 3277 1970 la
3313 1845 3815 1989 cruelle;

526 2087 936 2208 Cours
970 2052 1474 2225 prendre
1508 2042 1876 2217 garde
1907 2036 1974 2161 à
2016 2075 2329 2193 tout,
2370 2051 2482 2161 &
2522 2074 2718 2153 me
2751 2016 3076 2147 laiil'e
3112 2051 3638 2184 avecque
3698 2004 3976 2138 ellej

1342 2642 2494 2851 SCENE
2766 2627 3157 2822 IV.

764 3060 1931 3231 ROXANE,
2060 3052 2219 3203 O
2280 3043 2543 3190 AS
2604 3046 2695 3188 S
2756 3028 3091 3185 AN
3156 3015 3679 3177 DIR.

1775 3407 1881 3529 R
1931 3407 2045 3522 O
2099 3404 2217 3523 X
2275 3393 2369 3510 A
2423 3393 2549 3515 N
2603 3391 2733 3510 E.

759 3614 834 3727 E
877 3630 1172 3721 vous
1225 3568 1894 3720 cherchois,
1941 3562 2574 3724 Seigneur,
2623 3586 2914 3672 vous
2960 3583 3101 3666 en
3162 3536 3453 3663 cites
3505 3531 3986 3696 furpris;

566 3774 897 3911 Mais
950 3797 1257 3881 nous
1308 3758 1763 3874 devons
1814 3733 2207 3907 quiter
2241 3724 2801 3892 l’aigreur
2851 3732 2963 3840 &
3008 3707 3661 3873 le-mépris,

563 3928 1299 4088 Nos.efprits
1353 3910 1887 4080 inquiets
1943 3946 2088 4021 en
2141 3894 2628 4025 avoient
2675 3891 2908 4004 l’un
2969 3899 3074 4003 &
3113 3884 3583 4015 l'autre,

559 4128 891 4248 Mon
935 4134 1280 4218 cœur
1337 4130 1482 4208 en
1545 4071 1894 4198 eftoit
1939 4068 2258 4231 plein
2307 4057 2944 4181 aufïi-bien
2991 4091 3218 4217 que
3250 4053 3362 4167 le
3399 4037 3794 4168 voftte
3791 4131 3843 4199 #

550 4297 923 4414 Dans
968 4312 1128 4389 un
1170 4255 1468 4423 péril
1530 4235 2052 4409 preflant
2098 4274 2408 4350 nous
2451 4229 2903 4349 devons
2955 4219 3115 4331 les
3171 4214 3573 4369 banir,

566 4465 720 4579 Et
767 4446 910 4563 de
944 4422 1390 4605 grands
1431 4401 1986 4535 intérells
2038 4439 2339 4521 nous
2389 4396 2889 4517 doivent
2929 4381 3390 4535 réunir.

567 4627 731 4785 Je
777 4602 1123 4728 rends
1169 4597 1237 4719 à
1283 4634 1499 4712 vos
1535 4614 1931 4707 vertus
1983 4616 2137 4689 un
2199 4564 2573 4684 tribut
2614 4554 3213 4722 légitime,

562 4801 1129 4949 ,yoyons,
1164 4765 1247 4889 fi
1279 4794 1570 4890 vous
1618 4752 2042 4876 voulez
2072 4732 2566 4862 mériter
2612 4768 2918 4851 mon
2954 4720 3430 4851 eftime*

1623 5000 2144 5128 CASS
2203 4988 2968 5112 ANDER.

577 5290 1086 5445 Jeferay
1132 5275 1449 5420 tout,
1504 5258 2131 5396 Madame,
2169 5266 2281 5376 &
2315 5238 2618 5407 pour
2648 5238 2760 5362 la
2807 5233 3351 5377 mériter,

605 5472 888 5628 Que
929 5438 1532 5581 faut-il....

1858 5592 2805 5718 ROXANE.

1515 5761 1729 5894 Un
1775 5755 2211 5879 deflein
2258 5745 2551 5929 qu’il
2597 5748 2847 5869 faut
2877 5743 3472 5872 exécuter;

625 5978 796 6108 le
845 5959 1671 6090 fierleonatus
1717 5969 2023 6046 nous
2054 5930 2461 6065 brave,
2513 5961 2815 6040 nous
2861 5949 3416 6069 menace,

624 6154 795 6272 Et
830 6127 1105 6291 déjà
1164 6097 1789 6251 Ptolomée
1838 6093 2269 6276 afiiege
2336 6126 2649 6222 cette
2704 6089 3085 6246 Place,
