4085 7232
496 374 718 503 *1
1688 362 1974 521 ST
2036 374 2154 524 A
2224 372 2929 569 TIRA,

541 568 712 693 Et
745 592 1050 684 nous
1079 558 1589 724 devons,
1627 582 2348 755 vainqueurs
2401 583 2546 709 6e
2581 634 2862 719 cent
2919 599 3404 769 Peuples
3433 603 3878 769 divers;

547 738 1186 903 Partager,
1225 758 1336 865 &
1369 783 1620 864 non
1663 787 1874 910 pas
1921 753 2466 879 déchirer
2499 767 3163 898 l’Univers.

551 906 796 1029 Sur
853 942 1116 1027 tant
1153 907 1296 1029 de
1343 916 1874 1039 Nations
1913 928 2125 1093 qui
2161 927 2422 1044 font
2465 926 2806 1058 fieres
2863 957 2970 1058 &
3023 943 3493 1094 braves,

545 1076 752 1200 De
805 1076 1360 1203 Maiftres
1407 1122 1714 1204 nous
1751 1091 2142 1213 allons
2181 1095 2680 1228 devenir
2719 1107 2886 1224 les
2939 1107 3519 1268 Efclaves,

537 1252 698 1367 Et
750 1250 1438 1372 travaillant
1493 1260 2326 1403 nous-meftne
2375 1261 2439 1386 à
2485 1311 2710 1391 nos
2739 1307 3236 1443 propres
3273 1286 3733 1451 débris.

549 1416 912 1544 Nous
945 1422 1342 1542 allons
1387 1460 1604 1583 par
1633 1466 1854 1547 nos
1897 1426 2172 1553 bras
2205 1479 2664 1607 vanger
2699 1475 2920 1562 nos
2999 1460 3624 1596 Ennemis#

541 1579 1192 1751 Oüy,déjà
1233 1590 1814 1747 l'Indien,
1871 1601 1978 1721 le
2035 1604 2452 1726 Perlan
2515 1615 2776 1732 &le
2829 1624 3239 1777 Scyte,

537 1753 1401 1915 S’apreftentà
1454 1760 1804 1886 briftr
1854 1769 1964 1890 le
2001 1785 2302 1946 joug
2349 1779 2563 1946 qui
2639 1784 2806 1902 les
2869 1785 3250 1951 irrite,

538 1930 703 2045 Et
754 1962 946 2045 ccs
996 1935 1484 2089 Peuples
1527 1935 2028 2060 vaincus
2092 1944 2546 2109 àdemy
2599 1949 3140 2075 révoltez

539 2094 913 2226 Nous
956 2093 1560 2225 destinent
1608 2102 1879 2275 déjà
1924 2108 2088 2230 les
2131 2108 2362 2236 fers
2399 2122 2756 2284 qu’ils
2809 2162 3030 2241 ont
3063 2167 3544 2284 portez.

545 2252 1023 2418 Quand
1060 2307 1371 2390 nous
1408 2258 1814 2395 ferons
1868 2318 2018 2399 en
2065 2327 2432 2449 proye
2479 2286 2539 2409 à
2576 2292 2686 2409 la
2735 2331 3164 2460 guerre
3213 2302 3618 2464 civile,

530 2428 763 2553 TJu
820 2441 1365 2604 Ennemy
1414 2438 1782 2568 défait
1832 2487 1980 2569 en
2016 2447 2262 2574 fera
2310 2456 2700 2579 naître
2750 2463 3126 2618 mille,

535 2597 797 2758 Qui
831 2598 1601 2758 joüiflansdu
1652 2611 1935 2738 fruit
1968 2617 2113 2738 de
2148 2666 2372 2743 nos
2420 2666 3074 2757 communs
3132 2635 3788 2798 malheurs,

536 2782 1281 2932 Vangerons
1326 2781 1491 2898 les
1542 2786 2069 2909 Vaincus
2112 2791 2861 2956 auxdefpens
2910 2801 3114 2922 des
3164 2807 3991 2977 Vainqueurs;

531 2934 797 3098 Qui
838 2928 1451 3067 devenant
1494 2950 1809 3073 alors
1862 2955 2407 3078 vitftimes
2456 2960 2597 3082 de
2644 2970 2891 3083 leur
2929 2970 3364 3137 gloire,

536 3134 707 3255 §e
750 3145 1247 3232 verront
1280 3116 1845 3242 accablez
1881 3166 2089 3286 par
2126 3130 2373 3251 leur
2409 3170 2841 3295 propre
2880 3135 3440 3302 viftoire$

536 3273 877 3421 Ainfi
924 3269 1181 3400 fans
1220 3324 1525 3401 nous
1558 3288 1903 3415 flarcr
1942 3288 2079 3416 de
2130 3339 2353 3416 nos
2399 3299 3220 3465 prétentions,

532 3470 1175 3589 Donnons
1224 3450 1581 3574 ordre
1624 3499 1779 3578 au
1821 3464 2269 3626 plutoft
2306 3475 2367 3589 à
2410 3513 2631 3590 nos
2670 3473 3288 3610 diyijfions.

536 3617 1007 3781 philipc
1054 3619 1391 3740 a-t-il
1428 3622 1715 3746 d’un
1776 3648 2037 3799 Roy
2082 3638 2189 3755 la
2230 3638 2805 3801 véritable
2860 3677 3425 3819 marque?

526 3808 1201 3938 No»,vous
1238 3803 1665 3923 n'avez
1692 3837 1839 3919 en
1882 3804 2073 3970 luy
2115 3852 2351 3979 que
2390 3813 2911 3948 l’ambre
2944 3818 3215 3939 d’un
3244 3833 3997 3994 Monarque;

510 3968 747 4109 \Jn
800 3956 1311 4089 Maiftre
1361 3968 1575 4133 qui
1622 4007 1915 4093 vous
1962 3973 2189 4094 fert
2222 3978 2807 4108 formelle
2858 3983 3678 4138 voftremain,

532 4158 683 4277 Et
724 4171 1023 4263 vous
1060 4128 1405 4253 faites
1442 4146 2013 4268 mouvoir
2056 4188 2213 4267 un
2280 4152 2871 4279 Fantôme
2930 4158 3005 4278 il
3052 4167 3394 4288 vain.

524 4300 1211 4466 L’Univers
1256 4302 1679 4467 peut-il
1716 4307 2017 4434 eftre
2070 4356 2229 4434 un
2280 4316 2701 4447 Trône
2740 4322 3529 4453 héréditaire?

520 4496 703 4623 La
740 4470 1285 4612 Viâoire
1348 4520 1415 4592 a
1488 4471 1695 4598 des
1742 4476 2129 4603 droits
2202 4490 2467 4652 plus
2536 4485 2837 4617 forts
2883 4540 3115 4672 que
3182 4534 3475 4622 ceux
3542 4495 3828 4622 d'un.

880 4660 1280 4797 Frere,

526 4830 687 4957 Et
720 4810 983 4981 puis
1024 4854 1261 4969 que
1308 4854 1519 4976 par
1558 4855 1779 4937 nos
1832 4826 2227 4946 mains
2280 4864 2441 4946 un
2504 4831 2901 4956 Héros
2944 4840 3099 4956 l’a
3144 4841 3728 5010 conquis,

536 4978 1235 5121 Alexandre
1308 4980 1470 5107 eft
1514 4990 1625 5105 le
1696 5000 2022 5131 Pere,
2066 5010 2173 5117 &
2216 5035 2521 5116 nous
2580 4994 3095 5126 sommes
3144 5014 3309 5132 les
3372 5010 3638 5136 Fils.

542 5159 1186 5304 Madame,
1218 5192 1385 5274 on
1442 5198 1719 5279 aura
1776 5155 2027 5279 foin
2070 5162 2273 5286 des
2320 5169 2441 5285 in
2460 5198 2635 5290 ter
2648 5163 2816 5295 eft
2828 5213 2875 5289 s
2920 5172 3075 5296 du
3112 5174 3564 5335 voftre,

542 5322 1365 5465 l’intéreftde
1418 5322 1899 5454 Badine
1946 5327 2108 5456 eft
2156 5333 2423 5493 déjà
2510 5344 2775 5460 oinr
2824 5388 2975 5469 au
3022 5347 3474 5504 noftre,

542 5497 884 5640 Ainfi
930 5503 1115 5614 fur
1164 5533 1351 5614 cet
1402 5502 1819 5619 article
1866 5542 2023 5619 on
2086 5542 2467 5665 poura
2510 5506 3035 5679 décide^

546 5667 931 5813 Mais,
980 5662 1555 5788 Madame
1648 5667 1720 5779 il
1756 5688 2077 5794 m’en
2126 5676 2427 5799 refte
2484 5723 2637 5800 un
2674 5727 3011 5809 autre
3048 5681 3112 5808 à
3148 5682 3849 5827 demander*

560 5851 767 5968 On
804 5842 1111 5958 tient
1144 5835 1441 5957 dans
1482 5880 1615 5958 ce
1666 5845 2033 5964 Priais
2092 5856 2178 5979 S
2200 5846 2547 5973 tarira
2584 5850 3378 6013 prifonniere,

556 6017 983 6166 Qu’on
1028 6012 1215 6127 luv
1260 6005 1629 6127 rende
1678 6027 2184 6182 aujourd
2236 6020 2457 6182 huy
2494 6026 2926 6152 liberté
2972 6061 3309 6153 toute
3352 6041 3858 6211 entière,

562 6277 589 6337 L
570 6191 907 6322 Tout
936 6185 1045 6311 le
1078 6181 1475 6352 Camp
1514 6182 1625 6307 la
1666 6175 2323 6357 demande,
2360 6209 2472 6323 &
2520 6201 3200 6371 Ptolomée,
3238 6220 3723 6383 ôemoy.
