3976 7048
1042 376 2479 536 TRAGEDIE.

3336 410 3494 549 11
931 1035 2071 1225 SCENE
2355 1039 2735 1231 IV.

200 1392 1404 1580 PEDCESTAS,
1452 1395 2388 1579 ROXANE,
2448 1403 3380 1554 HESIONE.

1124 1744 1488 1864 PEU
1548 1748 1788 1856 CE
1844 1744 2076 1864 ST
2136 1743 2224 1859 A
2284 1743 2424 1867 S.

376 1905 884 2046 JL^Eonatus
948 1900 1376 2040 arrive,
1416 1920 1520 2024 &
1576 1900 2176 2023 Perdiccas
2224 1903 2956 2066 l’emmeine;

108 2077 732 2221 Madame,
780 2073 920 2189 ils
968 2069 1232 2189 font
1284 2068 1544 2232 déjà
1584 2064 1876 2180 dans
1912 2068 2028 2184 la
2076 2063 2680 2187 Chambre
2720 2062 3412 2227 prochaine,

117 2250 449 2374 Vous
485 2237 869 2353 l’allez
909 2241 1209 2388 voir,
1265 2232 1341 2348 il
1381 2232 1745 2348 vient.

1324 2392 2272 2530 ROXANE.
1558 2544 3196 2729 Ah quel trouble preſſant!
121 2725 685 2858 Cachons
729 2725 1369 2880 mieux,s’il
1421 2724 1993 2888 fepeut,ce
2029 2767 2261 2895 que
2301 2763 2589 2847 mon
2649 2763 2985 2851 cœur
3025 2734 3501 2874 relient.

978 3407 2102 3600 SCENE
2382 3403 2618 3587 V.

118 3785 338 3922 LE
374 3773 682 3921 ON
710 3773 1286 3944 ATTJS,
1334 3775 2206 3915 PERDTCC
2246 3763 2522 3939 AS,
2562 3762 3502 3950 ROXANE,

227 3997 1495 4180 CASSANDER,
1559 3999 2507 4175 HESIONE,
2563 3986 3411 4138 GARDES.

1227 4372 2410 4497 LEONATUS.
123 4354 3304 4676 AVant que de nous faire une ſanglante guerre
124 4719 476 4833 Dont
514 4706 676 4818 les
724 4696 1162 4866 grands
1206 4691 1752 4819 intérefts
1790 4734 2258 4809 arment
2314 4730 2642 4808 toute
2694 4696 2798 4804 la
2840 4705 3255 4837 Terre,

131 4870 755 5012 jMactame,
803 4882 909 4984 &
959 4903 1247 4984 vous
1309 4865 1995 5007 Seigneurs,
2053 4898 2345 4974 nous
2397 4856 2847 4978 devons
2891 4851 3449 4989 balance!

149 5045 327 5159 Ce
365 5036 569 5192 qui
627 5032 1055 5188 peutîa
1113 5025 1411 5153 Enir,
1479 5031 1723 5145 loin
1761 5027 1897 5141 de
1951 5027 2063 5135 la
2105 5060 2929 5145 commencer.

253 5212 667 5325 Avant
715 5236 939 5358 que
991 5191 1397 5314 noftre
1449 5191 1883 5315 Armée
1935 5182 2121 5308 ofe
2173 5196 2423 5304 rien
2481 5183 3371 5344 entreprendre,

135 5380 481 5499 Nous
533 5366 979 5484 devons
1015 5401 1149 5476 ae
1201 5363 1635 5519 retpeâ
1681 5396 2359 5480 aur-manes
2407 5347 3241 5509 d'Alexandre,

135 5547 331 5657 De
389 5572 535 5650 ne
577 5572 783 5690 pas
831 5517 1415 5650 renverser
1473 5567 1629 5641 un
1705 5537 1961 5641 Etat
2013 5518 2087 5636 6
2129 5522 2633 5680 puissant

140 5702 424 5859 Que
462 5692 658 5816 Ton
710 5708 992 5820 Bras
1032 5732 1100 5806 a
1152 5689 1518 5805 rendu
1570 5689 2050 5845 fuperbe
2098 5708 2200 5810 &
2258 5684 2876 5810 florifTan-t.

140 5869 248 5981 Il
282 5868 530 5990 faut
574 5872 930 6030 qu’un
986 5853 1358 6016 grand
1410 5853 1844 5977 dessein
1892 5849 2064 5967 fur
2096 5854 2584 6020 l’équité
2616 5848 2720 5966 Ce
2772 5843 3192 6005 fonde^

160 6039 258 6157 Il
316 6034 672 6198 s’agit
714 6028 872 6152 du
914 6018 1300 6166 deftin
1342 6033 1480 6147 de
1518 6023 2098 6187 l’Empire
2134 6024 2296 6160 du
2334 6014 2866 6180 Monde*
