4085 6923
584 452 668 552 %
1627 404 1720 556 S
1771 403 1896 552 T
1967 403 2088 551 A
2143 410 2396 551 T1
2479 409 2620 549 R
2683 416 2864 584 A,

573 611 727 717 Le
775 596 985 722 fier
1027 605 1670 759 Leonatus,
1727 625 2248 749 Cratere,
2319 629 2430 731 §c
2487 605 3153 754 Ptolomée,'

588 773 842 883 Ont
880 767 1106 884 mis
1148 767 1436 892 dans
1486 778 1728 889 leur
1778 811 2106 932 party
2162 777 2272 888 la
2324 768 2742 894 moitié
2768 767 2908 889 de
2936 777 3006 889 T
3022 782 3306 895 Arm
3328 767 3512 923 éç,'

588 935 789 1047 On
846 969 1111 1056 veut
1146 969 1445 1051 nous
1478 935 2009 1095 aflieger,
2064 943 2555 1055 maison
2606 935 2853 1056 voit
2902 940 3497 1079 Selcucus,

597 1103 1215 1233 Eumenes,
1263 1098 1761 1243 Alcetas,
1813 1102 2321 1252 Python,
2371 1100 3091 1258 Antigonus,

581 1260 828 1407 Qui
879 1256 1502 1378 foutenant
1543 1266 1642 1372 le
1697 1260 2004 1373 droit
2037 1255 2200 1378 où
2238 1303 2378 1377 yo
2395 1260 2614 1377 lire
2684 1255 3062 1415 espoir
3109 1256 3214 1376 fè
3261 1251 3666 1397 fonde,,

578 1424 1086 1543 Veulent
1134 1461 1416 1539 vous
1464 1418 1832 1539 élever
1880 1418 1942 1535 à
1990 1423 2550 1577 l'Empire
2602 1424 2746 1534 du
2816 1424 3310 1572 Monde;

582 1580 1297 1697 L’imbécille
1349 1582 1789 1739 Philipe
1841 1582 2149 1700 efl-il
2199 1585 2345 1701 né
2391 1624 2685 1739 pour
2735 1581 3205 1745 régner?

579 1753 789 1859 Les
841 1743 1703 1864 Macédoniens
1741 1782 1957 1859 ont
1997 1744 2243 1902 f^cu
2301 1753 2401 1859 le
2439 1743 3129 1907 dédaigner.

584 1911 870 2018 Bien
918 1949 1138 2072 que
1196 1911 1406 2027 Fils
1454 1912 1590 2022 de
1644 1911 2086 2066 Philipe
2132 1925 2244 2028 &
2310 1902 2732 2027 Frered
2792 1902 3492 2047 Alexandre,

586 2064 933 2189 Eft-il
980 2073 1331 2233 digne
1372 2074 1523 2190 du
1562 2069 2163 2237 fangdont
2218 2113 2377 2185 on
2418 2078 2559 2185 l’a
2606 2111 2823 2194 veu
2854 2059 3541 2181 descendre?

593 2241 1033 2348 Peut-il
1075 2235 1297 2353 seul
1349 2232 2115 2353 commander
2157 2279 2219 2352 a
2253 2274 2517 2353 cent
2567 2237 3033 2385 Peuples
3075 2232 3603 2381 vaincus,

605 2403 742 2515 Et
789 2408 1120 2518 Frété
1175 2395 1952 2529 d'Alexandre
2007 2438 2148 2514 en
2203 2443 2272 2511 a
2325 2400 2518 2511 t.il
2563 2400 2724 2510 les
2769 2414 3216 2515 vertus?

602 2573 770 2679 Ce
822 2561 1106 2678 n’cft
1152 2562 1488 2715 point
1534 2562 1712 2715 luy
1784 2570 2138 2721 qu’au
2176 2561 2584 2684 Trône
2626 2556 3286 2678 Alexandre
3334 2547 3846 2711 défignç,

602 2739 775 2845 Ce
826 2738 1503 2885 Monarque
1553 2767 1689 2840 en
1735 2762 2287 2841 mourant
2338 2725 2439 2835 le
2477 2757 2841 2846 remet
2883 2759 3029 2841 au
3061 2724 3305 2868 plus
3346 2715 3751 2869 dignes

597 2886 813 3013 Par
869 2882 967 2998 là
1019 2881 1267 3007 fens
1305 2925 1593 3007 yohs
1631 2925 2177 3003 nommer
2223 2887 2305 2993 il
2357 2920 2635 2998 vous
2697 2920 3181 2994 nomme
3233 2920 3377 2994 en
3425 2867 3741 3012 effet.

598 3059 736 3171 Et
784 3049 1106 3170 scelle
1148 3049 1288 3171 de
1338 3050 1444 3174 sa
1482 3049 1808 3166 main
1856 3051 1962 3161 le
1998 3044 2234 3162 don
2272 3044 2554 3209 qu'il
2592 3083 2876 3166 vous
2918 3083 3056 3157 en
3114 3040 3378 3171 fait*

1662 3307 1875 3423 PE
1932 3303 2287 3422 RDI
2342 3303 2923 3419 CCAS,

591 3551 734 3715 Je
789 3552 1062 3710 fçais
1103 3585 1370 3711 trop
1421 3542 2200 3674 d’Alexandre
2251 3543 2762 3663 honorer
2803 3543 2904 3653 la
2945 3532 3578 3677 mémoire,

616 3724 1238 3878 Seigneur,
1282 3758 1584 3879 pour
1620 3753 1808 3831 me
1846 3714 2182 3827 Dater
2228 3705 2364 3825 de
2414 3743 2674 3825 tant
2722 3705 2854 3820 de
2898 3704 3234 3825 vaine
3272 3705 3688 3864 gloire;

610 3887 717 3997 Il
769 3882 937 4002 eft
991 3925 1263 4041 vray
1309 3920 1535 4045 que
1576 3877 1775 3993 son
1823 3872 2163 3989 choix
2208 3867 2637 3989 semble
2707 3869 3167 3984 tomber
3218 3868 3391 3980 sur
3429 3904 3755 4022 moy,

617 4050 941 4169 Mais
989 4083 1315 4199 apres
1361 4082 1487 4156 ce
1553 4039 1941 4160 Héros
1993 4073 2493 4188 peut-on
2557 4034 2827 4146 élire
2869 4073 3023 4151 un
3089 4044 3401 4174 Roy?

608 4211 1058 4353 Quand
1100 4211 1200 4321 la
1244 4220 1608 4327 Terre
1660 4245 1722 4313 a
1774 4198 2128 4357 perdu
2166 4197 2358 4310 fon
2382 4198 3054 4352 Vainqueur
3098 4208 3206 4304 &
3248 4188 3440 4300 son
3474 4184 3956 4334 Maître;,

616 4370 961 4491 Elt-il
1018 4411 1173 4486 un
1228 4361 1891 4487 Sueceffeur
1922 4361 2335 4520 qu'elle
2390 4350 2737 4515 puiffe
2784 4350 3465 4467 connoître?

625 4541 781 4657 Le
821 4531 1273 4692 présent
1309 4528 1593 4693 qu'il
1645 4533 1885 4643 m’a
1927 4522 2133 4642 fait
2187 4533 2373 4639 n'a
2419 4522 2755 4677 point
2803 4513 2957 4633 dû
2999 4509 3669 4662 m'éblouir,

617 4701 722 4815 Il
769 4734 1038 4854 peut
1093 4691 1384 4811 eflre
1429 4690 1714 4810 fatal
1789 4691 1856 4807 à
1899 4690 2096 4851 qui
2147 4723 2412 4806 veut
2453 4722 2598 4801 en
2649 4681 2956 4840 jotiir
2970 4753 3000 4829 ;

616 4857 1062 5013 Quand
1110 4857 1254 4973 de
1306 4858 1412 4969 la
1482 4849 2182 4974 Macédoine
2238 4844 2880 4963 Alexandre
2932 4876 3120 4955 eut
3170 4834 3568 4983 l’élite,

630 5039 737 5147 Il
783 5072 843 5140 a
865 5025 1101 5146 voit
1143 5020 1531 5137 moins
1562 5015 1703 5131 de
1750 5010 2107 5133 Chefs
2149 5049 2373 5170 que
2406 5011 2545 5122 de
2596 5020 2679 5126 R
2701 5045 2895 5163 oys
2936 4997 2995 5117 à
3030 5000 3143 5116 fa
3180 5002 3511 5141 fuite,

625 5207 771 5313 Et
813 5226 943 5322 çc
999 5183 1387 5310 Héros
1439 5179 2085 5341 vainqueur
2133 5169 2329 5285 des
2375 5164 2833 5317 Medes,
2883 5163 3081 5279 des
3141 5159 3665 5299 Persans,

630 5364 832 5481 Ne
890 5350 1498 5467 nommoit
1544 5345 1790 5496 plus
1838 5340 1976 5461 de
2022 5350 2334 5489 Roys
2382 5374 2612 5495 que
2658 5370 2856 5486 par
2894 5327 3052 5447 fes
3096 5332 3860 5452 Lieutenant

722 5532 871 5683 Je
918 5522 1179 5671 n’ay
1224 5509 1537 5625 donc
1574 5509 1908 5662 point
1936 5503 2286 5620 voulu
2344 5536 2530 5611 me
2590 5533 2918 5652 parer
2950 5491 3224 5605 d’un
3266 5485 3538 5610 vain
3596 5490 3971 5633 Titre;,

641 5694 833 5811 De
891 5717 1149 5796 tous
1205 5675 1359 5787 fes
1425 5667 2143 5792 Succeffeurs
2175 5679 2281 5824 je
2325 5700 2607 5777 veux
2669 5655 2957 5774 eftre
3013 5651 3615 5797 l’Arbitre,

639 5857 900 5993 J’en
951 5887 1082 5998 ay
1137 5839 1350 5955 fait
1399 5866 1952 5948 nommer
2003 5866 2158 5940 un
2205 5863 2502 5977 pour
2547 5828 2646 5934 le
2707 5820 2990 5935 faire
3037 5814 3340 5950 haïr,

654 6020 1100 6166 Eçn’ay
1148 5992 1532 6154 choify
1574 6001 1942 6160 qu’un
1990 6006 2238 6152 Roy
2286 5986 2492 6151 qui
2540 6024 2726 6108 me
2760 5981 3056 6145 fçeut
3084 5976 3468 6125 obéît*
