4059 7006
1168 456 2564 605 TRAGEDIE.
3436 504 3520 648 z

168 662 334 790 Ce
380 657 663 785 n’eft
700 662 1010 780 donc
1056 657 1398 819 point
1440 702 1566 778 ce
1628 707 1920 780 nom
1972 702 2132 780 ou
2170 691 2462 775 mon
2528 681 2862 770 cœur
2926 643 3168 770 doit
3226 652 3496 818 pré¬

484 827 944 972 tendre,

163 986 789 1149 Seigneur,
841 1030 1141 1113 nous
1173 987 1687 1104 adorons
1735 991 1895 1103 les
1943 1002 2389 1109 Veuves
2431 975 3269 1138 d’Alexandre,

152 1156 789 1312 Pourquoy
840 1160 939 1274 le
984 1155 1267 1269 taire
1320 1171 1741 1269 encor?
1778 1189 2379 1312 pourquoy
2431 1141 3115 1270 diffimuler?

172 1304 856 1452 Calïander,
912 1320 992 1428 il
1034 1315 1200 1437 eft
1242 1355 1620 1472 temps
1652 1315 2022 1478 d'agir
2078 1334 2182 1432 &
2238 1315 2370 1427 de
2422 1316 2854 1468 parler*

159 1476 628 1632 J’adore
671 1480 1155 1627 Statira,
1203 1519 1490 1603 vous
1537 1481 1964 1597 adorez
2015 1490 2546 1612 Roxane,

167 1654 309 1762 £t
361 1679 653 1757 vous
695 1644 1079 1758 aimez
1125 1689 1267 1757 en
1309 1644 1571 1762 vain
1619 1679 1929 1761 cette
1967 1640 2229 1756 fïere
2295 1634 2825 1783 Pcrfane,

158 1800 577 1936 J’aime
638 1847 779 1922 en
824 1808 1093 1926 vain
1148 1768 1975 1961 Statiri,mais
2030 1808 2099 1912 il
2136 1800 2235 1917 Fa
2252 1839 2375 1917 ut
2436 1799 3049 1921 découvrir

172 1958 434 2082 Nos
492 1963 942 2091 Rivaux
986 2008 1242 2125 trop
1286 1967 1838 2101 heureux,
1886 1980 1988 2086 &
2036 1968 2196 2077 les
2234 1963 2510 2078 faire
2568 1964 2916 2120 périt;

171 2130 266 2246 II
303 2113 821 2293 fau?que
859 2129 1247 2251 noftre
1295 2129 1728 2251 adrcilé
1769 2133 1838 2245 à
1875 2168 2089 2242 nos
2137 2124 2513 2241 forces
2567 2123 3139 2284 réponde,

173 2287 711 2410 Maiftres
763 2292 899 2408 de
961 2293 1707 2443 Bab)kme,il
1759 2287 2003 2406 faut
2055 2287 2423 2405 l’eftre
2477 2287 2627 2406 du
2689 2291 3187 2448 Monde;

172 2462 338 2574 En
408 2453 662 2575 vain
728 2466 1314 2570 Leonatus
1358 2453 1863 2614 prétend
1914 2492 2210 2568 nous
2258 2453 2790 2618 aflieger,

178 2626 518 2738 Nous
574 2613 1248 2777 fçauronsle
1300 2623 1954 2754 combatte,
2006 2615 2588 2738 &mefme
2630 2655 2922 2739 nous
2964 2651 3410 2778 vanger
3413 2695 3448 2773 5

177 2786 483 2898 Pour
521 2815 1171 2943 gouverner
1203 2787 1281 2897 F
1315 2787 1771 2943 Empire
1813 2776 1973 2900 où
2021 2820 2311 2898 nous
2359 2785 2801 2908 devons
2849 2777 3521 2939 prétendre,

172 2942 271 3058 ïl
308 2936 555 3059 faut
602 2984 895 3062 nous
950 2945 1373 3064 affurer
1406 2950 1601 3063 des
1642 2967 2099 3073 Veuves
2136 2946 2965 3097 d’Alexandre,

178 3116 314 3222 Et
356 3100 788 3224 fondez
836 3110 1014 3228 fur
1048 3111 1242 3227 des
1294 3116 1664 3233 droits
1710 3111 2060 3275 juftes
2112 3124 2220 3233 &
2262 3105 2986 3267 fouverains,

173 3270 730 3435 Partager
767 3274 964 3396 fon
1019 3280 1490 3436 Empire
1537 3298 1646 3397 &
1691 3285 2016 3430 celuy
2059 3274 2254 3391 des
2301 3280 2945 3407 Humains,

1193 3453 1431 3562 CA
1489 3454 1557 3562 S
1619 3453 1693 3567 S
1749 3448 2011 3562 AN
2073 3448 2303 3557 DE
2369 3447 2519 3562 R.

182 3608 349 3716 Ce
396 3604 948 3751 procédé,
990 3609 1616 3765 Seigneur,
1652 3647 1843 3717 me
1894 3599 2283 3760 paioît
2334 3637 2603 3756 trop
2640 3598 3114 3736 fincere.

172 3768 484 3876 Pour
520 3764 938 3876 cacher
986 3769 1234 3915 plus
1286 3768 1968 3929 longtemps
2010 3802 2138 3876 ce
2186 3807 2408 3925 que
2456 3778 2680 3928 j’ay
2722 3769 3072 3891 voulu
3104 3764 3458 3909 taire?

183 3928 493 4075 Guy,
555 3924 987 4059 j’adore
1039 3939 1577 4078 Roxane,
1623 3937 1967 4049 Lion
2015 3962 2345 4045 cœur
2403 3933 3135 4088 orgueilleux

177 4082 807 4243 Dédaigne
849 4126 1099 4204 mes
1145 4083 1635 4244 foûpirs,
1673 4111 1775 4209 &
1837 4108 2187 4244 rejete
2225 4131 2477 4210 mes
2529 4132 2927 4214 vœux»

182 4250 498 4364 Piere
536 4251 972 4370 d’avoir
1028 4291 1174 4365 un
1242 4256 1460 4370 Fils
1498 4257 2098 4370 aufïi-bien
2142 4294 2366 4417 que
2418 4256 2926 4413 Barfine,

182 4422 668 4528 Roxane
720 4412 784 4528 à
822 4416 1416 4539 l’Univers
1455 4458 1746 4572 pour
1808 4422 2050 4540 Mai
2074 4416 2288 4534 lire
2340 4421 2442 4533 le
2490 4416 2984 4573 dcftinc,

177 4586 479 4702 Sans
531 4571 947 4736 longer
999 4611 1219 4731 que
1265 4619 1393 4694 ce
1453 4584 1663 4698 Fils
1715 4581 1871 4699 né
1905 4576 2181 4695 d’un
2223 4577 2413 4699 fan
2431 4619 2505 4746 g
2551 4624 3061 4751 ennemy
3079 4682 3115 4746 ,
3105 4614 3119 4640 1

176 4750 333 4858 Le
400 4741 613 4853 Fils
660 4735 1005 4853 d’une
1048 4751 1253 4857 Per
1270 4739 1533 4858 fane
1580 4745 1741 4863 eft
1802 4742 2249 4864 Efclave
2304 4745 2791 4910 àdemy,

188 4910 324 5022 Et
380 4938 604 5061 que
642 4905 750 5018 la
802 4895 1504 5022 Macédoine
1570 4948 1634 5023 a
1672 4905 1866 5023 des
1924 4909 2398 5061 Peuples
2442 4948 2704 5066 trop
2756 4910 3168 5031 braves

177 5076 478 5186 Pour
519 5065 624 5181 fe
661 5063 942 5182 faire
995 5065 1190 5181 des
1235 5083 1548 5226 Roys
1589 5069 1740 5187 du
1789 5065 2066 5230 fang
2117 5068 2254 5187 de
2285 5079 2584 5187 leurs
2645 5074 3205 5197 Efciaves*

177 5233 497 5346 Mais
531 5230 783 5385 puis
831 5267 1059 5390 que
1101 5271 1397 5346 nous
1441 5273 1887 5389 voyons
1923 5272 2103 5346 ces
2161 5233 2675 5384 Trônes,
2727 5276 2911 5351 ces
2949 5253 3371 5385 Etats/

182 5404 551 5545 Payez
598 5387 735 5506 de
782 5388 1167 5507 noftre
1212 5389 1528 5560 fang,
1594 5417 1703 5515 &
1754 5398 2249 5560 conquis
2304 5441 2510 5555 par
2558 5440 2777 5517 nos
2818 5403 3124 5544 bras,

178 5568 518 5680 Nous
564 5591 1098 5709 pouvons
1150 5591 1476 5670 entre
1532 5601 1820 5675 nous
1860 5563 2016 5676 les
2056 5597 2602 5719 partager
2654 5562 2902 5681 fans
2954 5572 3372 5723 crime,

177 5718 439 5834 Puis
477 5717 756 5873 qu’il
801 5722 991 5830 n’a
1033 5717 1373 5869 point
1435 5723 1745 5845 laifle
1783 5723 2431 5840 d’Heritier
2475 5722 3061 5888 légitime,

169 5888 377 5994 Les
425 5920 803 5995 armes
855 5878 919 5990 à
961 5882 1059 5989 la
1121 5878 1489 6028 main,
1557 5921 1853 5999 nous
1895 5878 2287 6001 ferons
2345 5888 2593 6005 voir
2645 5888 2709 6008 à
2751 5926 3019 6005 tous

168 6046 406 6198 Qif
434 6036 1078 6169 Alexandre
1150 6051 1344 6164 n’a
1396 6046 1736 6208 point
1778 6047 1920 6174 de
1978 6051 2960 6213 Succeffeursque
3012 6086 3380 6189 nous;

2690 6220 3044 6428 A ij
