4085 6956
806 1482 3130 1806 PREFACE.

1282 2173 1420 2310 A
1494 2196 1856 2311 mort
1937 2141 2104 2305 de
2186 2141 2716 2303 Statira
2794 2109 3275 2339 caufée
3342 2153 3627 2338 par

1273 2391 1411 2540 la
1425 2382 2011 2622 jaloufie
2081 2371 2247 2535 de
2309 2399 2883 2534 Roxane
2890 2415 2940 2565 ,
2985 2361 3188 2575 efi
3233 2345 3615 2559 afiez*

1269 2608 1914 2848 marquée
1980 2612 2342 2774 dans
2392 2601 3191 2817 Plutarque,
3257 2622 3622 2808 pour

1232 2854 1630 3073 faire
1700 2861 1822 3018 le
1859 2845 2270 3085 fujet
2351 2835 2766 3000 d'une
2828 2809 3610 3046 'Tragédie,

307 3091 493 3278 &
527 3106 653 3263 le
688 3102 1361 3264 caraétere
1431 3088 1597 3246 de
1655 3121 2229 3250 Roxane
2284 3075 2481 3289 tjl
2519 3114 2814 3291 trop
2875 3112 3317 3220 connu
3347 3090 3633 3270 par

262 3328 517 3546 fes
571 3387 1205 3496 cruautcz
1196 3366 1317 3547 ,,
1391 3365 1761 3546 pour
1799 3317 2424 3544 pouvoir
2499 3309 2812 3455 rien
2883 3281 3400 3448 altérer
3438 3271 3616 3433 de

306 3569 456 3726 la
510 3556 1020 3723 vérité.
1106 3561 1516 3762 Ainft
1582 3606 1925 3776 quoy
1998 3596 2256 3766 que
2326 3563 2484 3697 M
2510 3546 2554 3610 z
2629 3531 2804 3689 de
2865 3524 3015 3677 la
3074 3526 3619 3731 Calprc-

310 3852 495 3954 ne
497 3797 659 3955 de
701 3791 1059 3954 dans
1041 3789 1335 3999 fin
1413 3772 2151 3946 Romande
2209 3753 3267 3976 Cajfandre,ait
3296 3741 3635 3967 fait

317 4033 926 4188 revivre
961 4027 1547 4201 Statira,
1576 4030 1746 4256 je
1809 4030 2127 4229 n’ay
2137 4050 2414 4228 pas
2449 4053 2694 4155 cru,
2776 3985 3290 4151 devoir
3276 3977 3538 4195 fui
3541 4075 3614 4100 -

332 4316 602 4419 vre
604 4259 886 4474 fin
952 4249 1638 4475 exemple,
1708 4257 1902 4406 les
1944 4242 2386 4465 réglés
2459 4226 2649 4387 du
2704 4236 3193 4384 Poème
3252 4246 3621 4372 Dra¬

320 4505 937 4717 matique
1020 4485 1457 4699 efiant
1516 4486 1841 4705 plus
1916 4471 2517 4693 aufieres
2627 4509 2889 4677 que
2959 4448 3349 4612 celles
3426 4440 3641 4601 dit

338 4744 864 4886 Roman
932 4771 973 4940 ,
1083 4731 1336 4939 qui
1411 4750 1968 4942 permet
2050 4704 2713 4913 beaucoup
2818 4680 2988 4846 de
3018 4679 3624 4891 fiction^

322 4955 832 5178 quand
882 4961 1376 5110 l’autre
1442 4930 2096 5102 s’attache
2161 4942 2292 5095 le
2342 4926 2675 5149 plu*
2734 4922 3103 5139 qu’il
3146 4956 3491 5137 peut
3529 4899 3623 5068 d

325 5189 467 5346 la
530 5180 1043 5345 vérité.
1157 5204 1799 5339 L’amour
1841 5174 2011 5332 de
2069 5193 2755 5329 Leonatus
2804 5140 2983 5330 &
3045 5149 3215 5307 de
3297 5174 3626 5303 Sta-

321 5461 606 5576 tra
596 5412 1081 5638 fontl'
1105 5407 1694 5637 Epifide
1728 5400 1914 5586 dr
1940 5410 2078 5567 le
2117 5390 2546 5564 nœud
2584 5380 2762 5544 de
2821 5422 3138 5543 cette
3188 5382 3630 5537 Piece.

344 5651 1450 5875 fimlques-uns
1584 5680 1834 5796 ont
1952 5630 2250 5797 eHé
2267 5624 2829 5838 furprts
2900 5668 3161 5841 que
3227 5618 3629 5840 faye

332 5880 786 6098 tljoi/y
887 5904 1561 6038 Leonatus
1667 5919 2045 6032 entre
2131 5915 2433 6032 tous
2515 5866 2713 6022 les
2811 5830 3633 6052 Succejfiurs
