4085 7057
1221 343 2634 520 TRAGEDIE.
3429 380 3640 602 ig

227 532 531 680 tSïotl
579 579 1001 671 amour
1053 590 1119 671 a
1155 561 1523 680 rendu
1563 603 1761 681 ma
1815 565 2208 690 fureur
2255 570 2824 737 occupée,

220 716 666 835 Arbate
736 711 901 837 eft
944 722 1046 835 le
1086 726 1590 879 premier
1652 737 2062 855 tombe
2120 736 2384 860 fous
2420 780 2715 865 mon
2776 735 3086 905 Epée
3093 820 3133 908 ;

221 877 533 1003 Mais
586 887 1025 1001 certain
1091 896 1694 1045 Inconnu,
1728 903 1937 1069 qui
1973 906 2077 1020 le
2139 906 2595 1074 Cafque
2649 911 3140 1064 abaifïe,

221 1053 324 1163 A
367 1078 802 1167 travers
853 1053 1180 1170 mille
1226 1057 1600 1176 Dards
1656 1106 1908 1182 vers
1948 1109 2228 1230 moy
2264 1072 2528 1198 s’eft
2572 1073 3033 1235 élancé,

224 1209 723 1360 Glaçant
780 1253 1041 1332 tous
1086 1258 1303 1333 nos
1349 1223 1825 1353 Soldats
1866 1232 2005 1347 de
2057 1231 2219 1353 fes
2262 1239 2483 1357 cris
2539 1242 3353 1406 redoutables,’

221 1369 525 1498 S’eft
571 1373 782 1493 fait
822 1422 1078 1516 jour
1130 1427 1538 1552 parmy
1579 1431 1878 1512 nous
1938 1437 2146 1557 par
2183 1402 2380 1521 des
2431 1446 2794 1571 coups
2860 1408 3626 1590 effroyable^

216 1549 379 1664 La
430 1549 767 1660 Porte
814 1544 913 1663 fe
970 1548 1469 1712 referme
1521 1632 1550 1712 ;
1618 1559 1927 1679 alors
1978 1564 2117 1683 de
2158 1607 2535 1688 toutes
2585 1613 2901 1728 parts

233 1719 436 1829 On
487 1744 904 1829 tourne
941 1754 1356 1835 contre
1395 1726 1580 1883 luy
1621 1726 1780 1845 les
1831 1731 2248 1897 Piques
2281 1749 2384 1853 &
2435 1734 2590 1853 les
2645 1744 3081 1908 Dardsj

220 1881 431 1997 Les
468 1871 753 1990 fions
798 1891 1439 2030 envelopez
1486 1885 1623 2005 de
1660 1925 1927 2009 tous
1964 1895 2355 2020 coftez
2396 1896 3212 2068 fuccombenc,

229 2035 544 2161 Mais
585 2042 772 2195 luy
809 2036 1031 2159 feul
1105 2047 1606 2170 soutient
1647 2090 1908 2175 tout
1972 2066 2371 2227 quand
2421 2100 2696 2189 tous
2763 2076 2920 2195 les
2987 2105 3392 2215 autres*

516 2207 1113 2331 tombent:

221 2363 767 2489 Auffitofl
814 2379 1044 2532 j’ay
1081 2415 1444 2501 couru
1505 2385 2136 2545 reprendre
2193 2397 2685 2541 Statira,

224 2531 474 2684 Qui
530 2571 856 2652 toute
910 2577 1055 2658 en
1091 2548 1678 2706 pleurs....

1429 2733 1533 2846 R
1583 2727 1693 2843 O
1765 2727 1877 2842 X
1929 2727 2015 2841 A
2059 2732 2185 2852 N
2259 2737 2376 2851 E.

1550 2889 1868 3013 Mais
1918 2895 2350 3028 Dieux/
2392 2900 3043 3038 l’Inconnu
3075 2913 3530 3091 périra,}

229 3020 865 3198 Seigneur?

1314 3215 2569 3363 PERDICCAS.

496 3448 1157 3586 Non.non,
1198 3451 2169 3626 Madame,&jay
2222 3469 2389 3588 dit
2441 3487 2813 3642 qu'on
2864 3488 3619 3659 Vemtâeine}

221 3617 413 3731 De
463 3644 767 3725 cette
817 3609 1333 3729 trahifon
1397 3616 1471 3729 il
1519 3657 1984 3744 recevra
2037 3633 2146 3747 la
2194 3639 2586 3797 peine;

210 3777 462 3914 J’en
520 3809 806 3894 veux
849 3766 1292 3928 fçavoir
1330 3790 1907 3943 l’Auteur,
1940 3801 2185 3952 j’en
2226 3839 2517 3922 veux
2562 3804 2851 3932 cftre
2904 3819 3470 3994 éclaircy,

219 3949 451 4061 Sur
488 3975 743 4054 tout
781 3942 1005 4095 j’ay
1054 3950 1779 4069 commandé
1826 3971 2195 4123 qu’on
2239 3969 2809 4094 l’amenât
2873 3986 3099 4148 icy,

225 4110 548 4221 Vous
591 4097 962 4221 l’allez
1015 4102 1313 4231 voir.
1405 4120 1498 4230 A
1531 4120 1926 4240 moins
1967 4141 2332 4294 qu’un
2376 4174 2686 4299 coup
2742 4180 3003 4309 trop
3054 4154 3626 4333 légitimé

227 4268 557 4392 N’ait
604 4266 871 4415 déjà
908 4262 1123 4383 fait
1161 4312 1509 4430 payer
1546 4283 1659 4397 la
1709 4286 2057 4445 peine
2109 4291 2253 4415 de
2299 4292 2503 4420 fon
2549 4301 2978 4484 crime,

227 4427 720 4553 Ilcftoit
765 4467 1030 4548 tout
1077 4473 1562 4566 couvert
1599 4446 1742 4566 de
1799 4447 2137 4627 fang.

1442 4729 1882 4855 ROX
1934 4740 2020 4855 A
2104 4745 2404 4868 NE.

2085 4901 2384 5024 Ciel!
2436 4944 2672 5072 que
2709 4905 3295 5088 d’efffoy?

213 5027 922 5185 Jetrcmble,
981 5057 1093 5200 je
1136 5042 1750 5209 friffbnne,
1794 5075 1902 5181 &
1967 5076 2067 5213 je
2120 5070 2549 5235 nefçay
2597 5116 3245 5273 pourquoy
3259 5163 3294 5248 ;

215 5194 582 5340 Mais,
641 5201 1195 5361 Hefîone,
1239 5212 1619 5350 hélas/
1657 5221 1943 5350 d’od
1987 5232 2316 5352 vient
2362 5279 2590 5403 que
2622 5251 2864 5405 j’en
2923 5250 3465 5420 loüpire?.

200 5359 310 5482 Il
356 5357 520 5477 eft
560 5398 1040 5492 couvert
1082 5377 1219 5492 de
1258 5382 1445 5498 fan
1461 5426 1584 5551 g,
1658 5403 1768 5511 &
1809 5397 2447 5551 peut-eftre
2494 5408 2576 5525 il
2626 5412 3066 5576 expire,

225 5528 335 5643 J1
395 5534 661 5643 n’en
704 5524 947 5652 faut
989 5543 1244 5696 plus
1291 5543 1756 5707 douter;
1789 5557 2005 5691 ah/
2075 5602 2516 5736 regrets
2549 5567 3191 5730 fuperflusi-

200 5686 845 5853 Seigneur,
896 5743 1192 5829 vous
1238 5748 1528 5833 avez
1570 5710 1782 5838 fait
1825 5728 2139 5881 périr
2192 5709 2832 5880 Leonatus,

1299 5885 2077 6032 PERDIC
2143 5908 2579 6042 CAS*

194 6025 1095 6197 Seroit-eeluy,
1150 6040 1796 6229 Madame.*

2758 6240 2896 6386 C
3006 6238 3184 6387 nî
