3962 7074
443 424 604 557 ib
1503 395 1596 536 S
1667 397 1792 542 T
1851 382 2272 533 ATI
2331 383 2464 524 R
2535 381 2712 561 A,

430 616 593 729 Le
640 597 857 725 feul
910 606 1501 724 Leotiatus
1544 601 1745 764 qui
1798 632 2059 716 veut
2116 587 2459 706 brifer
2506 626 2701 701 ma
2754 571 3232 729 chaîne,-

439 768 1046 891 Redouble
1083 768 1224 886 de
1279 776 1760 883 Roxane
1797 777 1902 878 &
1933 762 2434 873 l’amour
2481 767 2584 872 &
2631 754 2736 868 la
2797 748 3194 881 haine,

445 942 584 1051 Ht
621 939 720 1047 la
771 933 1086 1049 force
1139 928 1204 1048 à
1249 925 1350 1043 la
1397 928 1774 1071 main,
1811 962 2102 1082 pour
2155 958 2342 1033 me
2383 920 2658 1028 tirer
2691 915 2888 1028 des
2941 905 3220 1051 fers,

436 1108 739 1218 Veut
783 1133 1193 1214 contre
1246 1090 1841 1209 Terdiccas
1885 1114 2267 1199 armer
2321 1113 2573 1193 tout
2622 1075 3277 1199 l’Univers*

436 1264 585 1419 Je
634 1260 1121 1380 tremble
1166 1259 1453 1418 qu’il
1500 1246 2035 1404 n'expose
2090 1285 2313 1360 une
2364 1242 2439 1361 h
2476 1240 2811 1361 chère
2858 1231 3205 1356 Tcfte

446 1440 544 1541 A
588 1461 856 1541 cent
914 1422 1262 1579 périls
1304 1460 1358 1527 a
1381 1408 1696 1532 freux
1754 1411 1902 1532 où
1947 1412 2042 1526 fa
2090 1412 2482 1531 valeur
2530 1397 3123 1556 s’aprcfle,

449 1584 588 1703 Lt
635 1626 856 1747 que
903 1622 1194 1741 pour
1241 1608 1432 1693 nie
1489 1621 1964 1725 vanner,
2011 1613 2164 1692 ou
2213 1601 2508 1726 pouf
2543 1607 2732 1683 me
2783 1552 3498 1720 conquérir^

455 1758 624 1869 Ce
661 1743 1052 1869 Héros
1099 1793 1248 1869 ne
1275 1753 1384 1859 le
1431 1782 1800 1864 mette
1841 1787 1990 1859 en
2026 1739 2474 1902 danger
2510 1729 2649 1847 de
2697 1725 3054 1888 périr.

1719 1992 2606 2108 CLEONH,

450 2154 1068 2311 Madame,
1128 2153 1789 2283 Oaflànder
1813 2155 2125 2274 vient
2172 2150 2234 2273 à
2281 2183 2638 2272 nous.

1661 2417 1902 2531 ST
1953 2412 2200 2527 AT
2251 2412 2444 2523 IR
2499 2403 2644 2512 A.

2564 2553 2795 2679 Ah!
2860 2555 3367 2694 Cleone,’

454 2736 729 2885 Que
768 2740 1247 2864 veut-il?

1338 3305 2440 3506 SCENE
2694 3291 2988 3482 II.

674 3710 2156 3874 CASSANDER,
2278 3681 3676 3856 PEUCESTAS.

1588 3926 1677 4055 S
1716 3925 1849 4062 T
1900 3923 2005 4052 A
2056 3911 2461 4051 T1R
2516 3909 2689 4046 A.

1495 4213 1864 4332 CAS
1939 4215 2008 4324 S
2059 4203 2500 4327 AND
2559 4204 2828 4321 ER.

1290 4390 1361 4495 E
1401 4380 1500 4488 le
1540 4413 1809 4531 voy,
1862 4405 2150 4482 mon
2198 4359 2564 4476 abord
2604 4395 2892 4475 vous
2939 4347 3431 4493 étonne,

473 4548 790 4675 Mais
839 4555 950 4707 je
997 4551 1320 4666 viens
1377 4570 1666 4660 yous
1723 4576 1780 4694 a
1807 4531 2292 4694 prendre
2343 4564 2502 4680 un
2547 4531 2926 4679 projet
2959 4517 3698 4675 important*

1661 4784 2628 4900 STATUA.

473 4956 838 5118 Quoy
883 4950 1262 5069 donc?

1514 5116 1614 5227 C
1668 5107 2024 5231 ASS
2084 5106 2840 5227 ANDER.

1299 5356 1946 5485 Leonatus,
2007 5338 2604 5479 Madame,
2653 5371 2938 5456 vous
2993 5333 3448 5485 attend,

478 5528 695 5661 tJn
732 5512 1355 5642 fembiable
1406 5504 1887 5628 intérêt
1945 5548 2239 5622 nous
2285 5504 2541 5622 unit
2582 5503 2815 5617 l’un
2870 5517 2975 5618 &
3036 5502 3498 5667 l'autre^

498 5698 597 5821 Il
636 5698 871 5811 m’a
920 5684 1083 5799 dit
1124 5674 1321 5793 fon
1368 5670 1769 5807 fecret^
1816 5693 1921 5792 &
1972 5682 2073 5817 je
2124 5665 2625 5788 connais
2670 5670 2777 5782 le
2814 5664 3263 5817 voftre,

494 5860 603 5987 Il
656 5893 940 5973 vous
987 5850 1222 5964 faut
1270 5835 2043 5993 aujourd’huy
2090 5835 2502 5954 rendre
2543 5835 2648 5943 la
2719 5830 3191 5978 liberté,

503 6032 612 6159 B
611 6065 658 6144 t
705 6058 994 6149 vous
1021 6009 1306 6133 faire
1357 6002 1798 6178 fjavoir
1841 6041 1970 6125 ce
2011 6040 2234 6170 que
2271 5997 2496 6164 j’ay
2545 5992 3156 6130 concerté.
