4085 7205
1130 406 2532 567 TRAGEDIE.
3410 437 3596 551 s*

1368 640 1604 755 ST
1656 646 1748 750 A
1816 636 2014 760 TI
2084 645 2174 751 R
2238 641 2382 755 A.

116 815 433 935 'Avec
484 804 1081 924 Leonatus
1130 804 1639 965 qu’allez
1702 838 1991 920 vous
2034 784 2945 959 entreprendre,

137 978 799 1142 Seigneur?.

1165 1141 1425 1259 CA
1493 1142 1713 1268 SS
1777 1146 2215 1267 AND
2273 1147 2551 1263 ER.

797 1315 1141 1428 Dans
1203 1304 1807 1466 Babylone
1861 1310 1945 1426 il
1979 1305 2233 1427 doit
2277 1296 2801 1421 bientoft
2847 1290 2949 1416 le
2993 1285 3505 1427 rendre*-

121 1474 740 1636 J’apuyraÿ
793 1469 958 1590 Tes
1005 1469 1554 1614 delfeins,
1608 1494 1714 1598 &
1762 1475 2226 1640 malgré
2282 1469 2896 1595 Perdiccas

118 1658 466 1773 Dont
514 1650 738 1804 j’ay
798 1639 1210 1799 depuis
1270 1643 1960 1804 longtemps
2000 1639 2402 1809 gagné
2452 1678 2716 1755 tous
2780 1638 2940 1752 les
2998 1623 3580 1789 Soldats^

410 1808 858 1928 suivant
906 1803 1470 1923 autrefois
1532 1812 2154 1972 Antipater
2208 1853 2502 1927 mon
2576 1816 2900 1952 Pere,

118 1992 445 2107 Tous
504 1972 1039 2098 dévoiiez
1086 1971 1147 2091 à
1204 2017 1533 2137 moy,
1578 1986 1971 2096 m’ont
2014 1977 2463 2132 promis
2516 1971 2657 2087 de
2694 2010 2959 2092 tout
2996 1966 3347 2097 faire.

113 2157 263 2317 Je
305 2140 541 2260 fera
565 2184 625 2306 y
665 2150 1107 2265 relever
1161 2145 1271 2261 la
1325 2144 1763 2296 Garde,
1811 2160 1917 2266 &
1975 2145 2263 2265 dans
2313 2181 2443 2261 ce
2487 2176 2881 2296 temps

123 2314 555 2439 Atbâte
609 2314 809 2474 qui
863 2308 1609 2430 commande
1651 2310 1717 2428 à
1757 2350 2015 2430 tous
2055 2319 2209 2429 les
2277 2309 2965 2454 Habitaus*,

121 2478 421 2609 Doit
465 2478 525 2594 à
575 2488 1171 2598 Leonatus
1229 2473 1513 2593 faire
1561 2484 1961 2598 ouvrir
2019 2523 2243 2600 une
2313 2493 2701 2608 Porte,

121 2667 440 2777 Vous
479 2642 1046 2762 conduire
1105 2681 1246 2763 en
1305 2637 1708 2792 fecret,
1761 2662 1862 2768 &
1915 2687 2200 2768 vous
2251 2641 2418 2763 fer
2432 2647 2602 2767 vif
2655 2640 3352 2801 d’Efcorte*

128 2806 540 2941 Voflrc
588 2811 978 2932 Garde
1036 2805 1200 2933 eft
1244 2811 1306 2933 à
1354 2854 1678 2976 moy,
1732 2816 2040 2936 mais
2098 2815 2174 2931 il
2220 2811 2472 2937 faut
2542 2806 3004 2932 amufer

112 2985 614 3109 Roxane
672 2994 778 3100 &
828 2979 1474 3120 Perdiccas-,
1522 3000 1628 3104 &
1682 3024 2100 3103 contre
2154 3018 2662 3105 eurtout
2704 2974 3012 3110 ofer*

104 3135 3366 3308 Pour mieux les éboüir, je connois l'art de feindre,
103 3323 253 3483 Je
305 3318 465 3432 les
505 3318 773 3438 Bâte
823 3357 1087 3438 tous
1135 3317 1489 3472 deux,
1547 3338 1653 3442 &
1707 3332 1807 3462 je
1847 3318 2091 3484 fçay
2129 3363 2325 3443 me
2377 3312 3203 3464 contraindre,

113 3492 435 3611 Mais
489 3486 625 3602 ils
673 3523 1201 3648 pouront
1255 3486 1951 3606 connoiftre
1999 3521 2363 3607 avant
2421 3491 2523 3601 la
2581 3480 2745 3607 fin
2789 3482 2945 3602 du
2993 3496 3331 3642 jour.

111 3656 743 3796 Madame.,
777 3695 1007 3826 que
1045 3671 1167 3815 je
1205 3651 1433 3771 fers
1489 3694 1687 3770 ma
1737 3650 2089 3772 haine
2143 3675 2243 3775 &
2293 3651 2677 3781 voftre
2725 3686 3197 3770 amour.

1353 3829 2358 3949 STATUA.

118 3996 306 4119 Nd
350 4022 636 4108 vous
704 3978 1508 4143 étonnczpas,
1578 3988 2210 4152 Seigneur,
2262 3991 2404 4109 de
2452 4026 2652 4103 ma
2700 3978 3272 4138 furprife*.

122 4142 768 4283 CaBander
832 4147 1618 4273 eftl’authcur
1666 4152 2016 4278 d’une
2074 4161 2344 4277 telle
2396 4146 3094 4316 entreprise,

118 4326 322 4455 Un
370 4326 828 4446 Amant
882 4319 1026 4441 de
1080 4331 1642 4442 Roxane/

1164 4499 1549 4618 CAS
1616 4500 1693 4614 S
1760 4500 2195 4616 AND
2262 4505 2547 4625 ER.

1641 4664 1833 4778 Un
1901 4670 2349 4784 Amant
2401 4648 2955 4818 outragé,

117 4838 431 4982 Oiiy,
489 4822 1111 4963 Madame,
1161 4863 1311 4943 un
1369 4832 1817 4949 Amant
1865 4831 2065 4998 qui
2113 4873 2379 4947 veut
2431 4827 2729 4949 élire
2769 4812 3207 4982 vangé;

113 5017 327 5131 Scs
385 4992 827 5152 mépris
877 4991 1369 5141 ^devant
1409 5036 1703 5117 vous
1751 5001 2595 5157 j’avoûrayma
2649 4986 3013 5107 foible
3067 4988 3228 5122 le)

108 5166 406 5295 Loin
444 5155 1102 5280 d’éteindre
1166 5199 1410 5277 mes
1454 5160 1768 5316 feux,
1816 5205 2608 5330 augmentent
2652 5200 2850 5281 ma
2904 5139 3526 5281 tendre/Ie*;

108 5345 366 5499 J'en
426 5330 888 5490 soupire
936 5319 1082 5443 de
1140 5363 1470 5489 rage,
1522 5348 1624 5450 &
1682 5334 1932 5454 vois
1994 5345 2592 5456 Leonatus

116 5518 322 5629 Me
370 5494 868 5614 dérober
912 5533 1066 5609 un
1126 5533 1460 5613 cœur
1526 5498 1936 5662 l’objet
1970 5502 2110 5618 de
2148 5497 2314 5623 fes
2362 5497 2716 5638 refus,

112 5683 253 5797 Et
290 5702 591 5782 nous
658 5658 1371 5822 n’ignorons
1412 5702 1613 5821 pas
1646 5676 1997 5832 qu’en
2044 5705 2179 5787 ce
2228 5667 2771 5787 desordre
2814 5666 3367 5805 extrême

113 5841 207 5957 Il
251 5870 537 5956 vous
579 5826 957 5971 aime,
1011 5825 1091 5937 il
1135 5825 1241 5941 la
1279 5825 1583 5970 hait,
1633 5836 1847 5950 elle
1901 5875 2095 5952 me
2149 5835 2443 5961 hait,
2507 5851 2621 5995 je
2661 5836 3103 5986 l'aime;

117 6021 207 6129 A
227 6000 341 6114 in
361 5994 435 6114 fi
479 6036 799 6154 pour
833 6033 1027 6109 me
1071 6035 1523 6181 vunger
1567 6014 1673 6120 &
1711 6040 2011 6160 pour
2049 6005 2447 6119 mieux
2501 6004 3119 6150 l’obtenir,

111 6182 427 6299 àec
489 6174 1077 6294 Leonatus
1135 6173 1251 6329 je
1303 6175 1764 6335 fçauray
1825 6208 2115 6298 vous
2173 6173 2437 6293 unir
2441 6249 2483 6329 3
