4085 7057
1182 464 2594 690 TRAGEDIE.
3469 502 3602 692 f.

170 664 428 831 Qui
479 662 1090 795 réveillant
1145 714 1410 796 tous
1463 678 1757 800 deux
1813 726 2010 806 nia
2051 682 2400 805 haine
2447 701 2560 807 Ôc
2602 725 2804 813 ma
2854 688 3491 855 tdidrefle,

176 833 666 1001 Malgré
696 872 951 957 tout
988 882 1287 962 mon
1340 849 1796 1011 orgueil
1850 888 2073 967 ont
2110 849 2321 971 fait
2358 854 2617 977 voir
2670 896 2871 983 ma
2908 857 3495 992 foibleffe-

161 1013 315 1172 Je
360 1042 767 1167 vcrray
814 1047 1063 1124 mes
1110 1014 1575 1129 attraits
1622 1014 2271 1171 peut-eftre
2314 1017 2924 1176 humiliez,

176 1189 528 1327 Moy,
579 1175 787 1331 qui
842 1169 1011 1293 vis
1048 1178 1153 1289 le
1212 1183 1891 1346 Vainqueur
1930 1184 2069 1303 de
2106 1189 2219 1302 la
2256 1199 2623 1312 Terre
2666 1188 2731 1307 à
2772 1228 3027 1313 mes
3063 1188 3461 1361 pieds^

176 1351 524 1493 Moy,
569 1334 767 1497 qui
814 1335 1279 1464 deVrois
1326 1383 1473 1459 au
1526 1387 1819 1465 nom
1876 1350 2015 1465 de
2066 1368 2457 1478 Veuve
2524 1354 3321 1488 d’Alexandre

171 1506 494 1624 Aller
532 1500 1264 1625 nVenfevelir
1311 1506 1610 1628 dans
1651 1511 1756 1629 fa
1799 1507 2280 1711 fuperbe
2333 1519 2818 1668 cendre,

169 1658 484 1830 J’ofe
557 1706 922 1786 encor
965 1671 1152 1834 luy
1203 1667 1745 1824 survivre,
1787 1694 1897 1802 &
1939 1724 2234 1800 mon
2279 1682 2720 1844 perfide
2757 1724 3100 1810 cœur

181 1828 737 1991 Soupire,
791 1851 894 1956 &
945 1837 1405 2000 malgré
1453 1880 1732 2000 moy
1773 1846 1962 2009 luy
2011 1845 2412 1965 donne
2459 1889 2614 1966 un
2675 1843 3397 2009 Succefleurf*

171 2001 514 2117 Dans
561 2032 684 2116 ce
735 2002 1202 2117 trouble
1263 2007 1702 2126 mortel
1738 2018 1844 2164 je
1881 2047 2072 2127 nie
2135 2017 2642 2130 connois
2679 2016 2740 2135 à
2782 2022 3183 2171 peine,

162 2164 806 2321 J’aperçois
853 2202 1148 2282 mon
1195 2207 1624 2287 amour
1677 2173 1736 2288 à
1793 2207 2238 2296 travers
2291 2173 2428 2292 de
2471 2222 2668 2297 ma
2723 2183 3082 2301 haine
3088 2270 3139 2345 t

172 2333 318 2448 Et
362 2337 469 2486 je
522 2324 693 2443 dis
736 2368 889 2443 en
950 2334 1603 2452 tremblant
1642 2335 1708 2455 à
1754 2378 2003 2457 mes
2056 2334 2305 2457 Cens
2348 2338 2901 2506 éperdus,

166 2488 302 2618 Si
346 2499 459 2652 je
502 2489 757 2614 hais
808 2503 886 2622 S
906 2499 1298 2656 tarira,
1346 2499 1757 2661 j’aime
1808 2515 2452 2641 Leonatus.

1383 2763 2447 2909 RESIGNE.

165 2992 534 3144 Mais,
579 2995 1196 3153 Madame,
1251 3040 1590 3159 apres
1637 3041 1902 3129 tout
1949 3012 2540 3184 oferay-je
2577 3019 2826 3144 (ans
2879 3021 3271 3178 crim4

161 3162 654 3323 Sçavoir
687 3167 1074 3329 quelle
1121 3171 1508 3289 raifon
1559 3186 2174 3306 contr’elle
2225 3229 2516 3315 vous
2563 3191 3032 3319 anime?

161 3333 446 3452 Seul
489 3331 786 3456 refte
825 3332 1026 3456 des
1073 3331 1508 3461 Enfans
1555 3341 1712 3460 du
1749 3348 2034 3518 fang
2091 3351 2234 3471 de
2289 3357 2769 3510 Darius,

153 3498 406 3618 Elle
445 3541 514 3622 a
569 3502 890 3621 mille
931 3503 1469 3660 beautez,
1525 3512 1752 3626 elle
1833 3555 1898 3626 a
1949 3517 2278 3641 mille
2328 3561 2763 3645 vertus-

146 3653 606 3788 Quand
652 3668 1253 3792 Perdiccas
1296 3688 1405 3791 Lc
1462 3711 1751 3791 vous
1789 3679 1897 3796 la
1948 3717 2423 3805 retenez
2464 3692 2989 3849 captive,

152 3833 252 3944 A
298 3825 641 3978 peine
686 3829 1152 3996 malgré
1194 3839 1385 3995 luy
1432 3877 1723 3961 vous
1770 3838 2267 3972 fouffrez
2303 3858 2725 4027 qu’elle
2762 3863 3100 4000 vive*

148 3989 425 4147 Que
468 4032 763 4118 vous
810 4000 1289 4118 a-1-elle
1336 3998 1605 4128 fait?

1388 4179 1833 4303 ROX
1892 4180 2332 4312 ANE.

1578 4346 2000 4494 Dieux,
2052 4384 2180 4464 ce
2221 4356 2646 4517 qu’elle
2679 4360 3227 4498 m*afait?

155 4472 722 4624 Hefîone,
765 4486 989 4604 elle
1033 4491 1197 4615 eft
1237 4491 1576 4654 belle,
1627 4525 1733 4626 &
1777 4507 2053 4630 c’eft
2095 4511 2201 4634 là
2251 4525 2456 4640 (on
2489 4520 2944 4688 forfait;

147 4647 392 4776 Elle
429 4643 728 4810 fçeut
789 4663 1430 4784 m’enlever
1461 4709 1728 4790 tous
1769 4676 1936 4791 les
1977 4720 2340 4806 vœux
2381 4687 3221 4858 d’Alexandre,

147 4818 388 4936 Elle
433 4861 500 4927 a
541 4818 850 4936 droit
893 4817 1068 4941 fur
1121 4866 1274 4946 un
1295 4846 1706 4956 Trône
1749 4838 1912 4960 où
1953 4885 2248 4961 mon
2299 4857 2520 4974 Fils
2559 4861 2814 4980 doit
2850 4861 3548 5048 prétends

143 4973 490 5103 Mille
532 4998 938 5140 jeunes
975 5032 1338 5155 appas
1398 5011 1824 5165 qu’elle
1881 5009 2272 5131 traîne
2324 5062 2657 5180 apres
2694 5027 2935 5195 foy,

143 5159 286 5270 Et
327 5177 714 5263 toutes
765 5143 924 5268 fes
964 5197 1397 5307 vertus,
1438 5172 1699 5301 (ont
1734 5172 1931 5292 des
1988 5179 2413 5302 crimes
2454 5232 2749 5351 pour
2790 5240 3075 5366 moy
3083 5280 3121 5365 ;

138 5309 381 5438 Elle
420 5305 588 5429 eft
642 5353 835 5428 ma
886 5329 1711 5458 Concurrente
1748 5334 1812 5457 à
1856 5344 1961 5458 la
2012 5347 2378 5501 Pcrfe,
2426 5353 2492 5476 à
2528 5367 3148 5520 l’Empire,

138 5476 455 5600 Mais
496 5479 713 5594 elle
760 5476 928 5599 eft
980 5528 1191 5606 ma
1222 5499 1678 5651 Rivale,
1738 5524 1845 5628 &
1900 5552 2189 5632 mon
2232 5553 2569 5643 cœur
2622 5528 3318 5702 enfoûpire;

121 5646 275 5800 Jé
312 5647 417 5755 la
472 5680 883 5765 trouve
921 5693 1129 5808 par
1174 5695 1482 5813 tout,
1520 5659 1689 5793 fes
1726 5675 2263 5799 charmes
2308 5685 2736 5813 odieux

142 5817 397 5926 Ont
474 5845 1011 5963 toujours
1048 5821 1543 5950 balancé
1584 5836 1693 5950 le
1725 5849 2224 5993 pouvoir
2265 5845 2404 5964 de
2455 5898 2710 5975 mes
2743 5899 3093 6023 yeux.

132 5968 1230 6105 Ilmefouvrentdu
1267 6006 1526 6144 jour
1583 6010 1946 6163 qu’on
2007 6046 2478 6177 trompa
2527 6063 2730 6158 ma
2761 6050 3558 6213 vangCâllCè'^

119 6138 267 6299 Jé
311 6138 480 6262 vis
517 6148 1108 6276 Leonatus
1155 6162 1546 6282 courir
1589 6206 1660 6289 a
1701 6166 1815 6291 &
1861 6168 2336 6301 défenfe
2342 6280 2379 6343 p
