4057 7126
1492 473 1781 630 ST
1860 480 2293 628 ATI
2372 479 2501 628 R
2572 479 2761 663 A,

394 483 579 632 28
390 700 548 810 JEt
592 721 726 805 ce
788 686 1202 810 Prince
1246 725 1752 809 content
1800 710 1910 810 &
1968 691 2176 814 fier
2214 691 2352 809 de
2426 690 2534 810 fa
2588 681 3218 834 tendreflè,

400 853 848 976 Parloir
886 896 1030 977 en
1092 872 1540 978 Amant
1594 852 2038 982 fturdu
2090 903 2432 983 cœur
2474 858 2612 976 de
2646 854 2756 976 fa
2824 844 3566 981 Maiffcreflc-

397 1030 721 1148 Mon
773 1064 1203 1145 amour
1255 1069 1399 1144 en
1461 1064 1939 1183 partant
2007 1069 2289 1153 cent
2323 1025 2549 1149 fois
2587 1034 2825 1148 m'a
2873 1025 3129 1189 fçeu
3177 1049 3631 1157 tenter,,

401 1198 873 1317 Contre
911 1197 1363 1312 ledroit
1407 1193 1605 1317 des
1663 1206 2037 1350 Gens,
2091 1197 2229 1317 de
2273 1203 2377 1321 le
2421 1192 2711 1320 faire
2759 1193 3305 1346 arrefter,

390 1365 726 1489 Mais
774 1359 1134 1484 iini’a
1182 1359 1816 1524 prévenue,
1860 1384 1964 1484 &
2018 1369 2220 1484 (on
2278 1364 2702 1485 ardeur
2744 1359 3110 1480 fatale

376 1538 720 1656 Avec
774 1571 1034 1651 tout
1074 1570 1374 1651 mon
1428 1527 1806 1695 espoir
1860 1542 2170 1651 m’en
2198 1537 2298 1651 le
2312 1574 2440 1655 ve
2518 1566 2720 1646 ma
2764 1527 3108 1651 Rival
3128 1564 3184 1646 e
3202 1600 3232 1680 ;

390 1703 1119 1857 Cependant
1167 1738 1327 1818 on
1379 1702 1925 1856 combat,
1986 1699 2549 1850 Hefione,
2592 1714 2701 1818 &
2758 1713 2863 1852 je
2931 1698 3331 1809 crains

391 1867 1049 1995 Pciu-eftre
1099 1875 1601 2038 qu’avec
1643 1874 1837 2028 luy
1899 1871 2505 1994 Perdiccas
2553 1860 2721 1984 est
2759 1909 2981 1980 aux
3039 1860 3483 1979 mains*

389 2036 1070 2163 Peut-eflre
1117 2075 1558 2206 que,...
1625 2046 2182 2187 Sortons,
2227 2077 2422 2157 car
2469 2048 2578 2196 je
2617 2027 2928 2152 n’ofc
2985 2067 3178 2151 me
3215 2022 3664 2152 dire...»

1616 2212 2662 2335 HESIONE.
390 2371 1031 2530 Madame,
1082 2375 1689 2496 Perdiccas
1756 2416 1901 2500 va
1938 2372 2083 2496 de
2130 2415 2391 2495 tout
2430 2406 2723 2500 vous
2778 2353 3385 2516 inüruire,

391 2543 977 2707 Levoicy.

1129 3149 2338 3361 SCENE
2601 3140 3114 3341 VIE

483 3557 2723 3751 PERDICCASj.ROXANE,
2778 3546 3763 3706 HESIONE.

1463 3862 2779 4003 PERDICCAS.
1021 3859 3461 4201 SCavez-vous que je viens d'arreſter
400 4187 2847 4365 Un cruel attentat preſt à s'exécuter?
386 4370 2317 4540 J'ay repris Statira, Madame.
1653 4531 2618 4671 ROXANE.
2321 4693 3142 4864 Quelle joye!
391 4868 853 5038 jQuoy,
901 4914 1187 5003 vous
1231 4913 1521 5003 avez
1569 4868 1943 5036 repris
1993 4913 2219 4992 une
2281 4869 2353 4987 fi
2401 4870 2697 4986 belle
2739 4892 3163 5028 proye*

1446 5124 2832 5259 PERDICCAS.
386 5380 751 5549 Dî?y,
808 5370 1429 5523 Madame,
1480 5391 1587 5495 &
1634 5375 1739 5488 la
1806 5386 2207 5534 Reyne
2259 5365 3023 5528 eftoitprefte
3074 5356 3139 5485 à
3186 5360 3625 5513 fortir;,

385 5558 701 5676 Xors
749 5552 1123 5715 qu'un
1211 5537 1605 5662 Garde
1659 5538 2043 5661 fidelle
2095 5537 2265 5661 eft
2303 5576 2613 5657 venu
2657 5536 3315 5657 m’avertir:

389 5710 978 5848 Auflitoft
1023 5720 1242 5862 j’ay
1283 5747 1708 5844 couru,
1761 5704 2074 5868 fuivy
2111 5705 2260 5823 de
2297 5704 2814 5873 quelque
2877 5699 3396 5844 Efcorte,

414 5887 878 6044 Quand
922 5872 1532 6000 l’infidelie
1584 5876 2014 5997 Arbate
2082 5919 2142 5991 a
2190 5867 2406 5995 fait
2454 5875 2858 5990 ouvrir
2916 5871 3022 5985 la
3074 5876 3474 5996 Porte*

400 6049 1183 6217 iaplufieurs
1246 6053 1575 6164 Gens
1624 6082 2037 6158 armez
2086 6034 2809 6207 apuyant-fes
2846 6032 3395 6172 deifeins,

401 6230 1193 6374 jpAtavancc
1261 6251 1517 6340 vers
1575 6250 1929 6376 nous,
1993 6207 2407 6340 &font
2465 6245 2835 6340 venus
2893 6245 3119 6333 aux
3157 6196 3641 6339 mains*;
