<?xml version="1.0" encoding="UTF-8" standalone="yes"?>
<PcGts xmlns="http://schema.primaresearch.org/PAGE/gts/pagecontent/2013-07-15" xmlns:xsi="http://www.w3.org/2001/XMLSchema-instance" xsi:schemaLocation="http://schema.primaresearch.org/PAGE/gts/pagecontent/2013-07-15 http://schema.primaresearch.org/PAGE/gts/pagecontent/2013-07-15/pagecontent.xsd">
    <Metadata>
        <Creator></Creator>
        <Created>2019-01-31T11:04:51.347+01:00</Created>
        <LastChange>2019-07-26T12:20:14.975+02:00</LastChange>
        <Comments>
                Measurement unit: pixel
                PrimaryLanguage: English
                Language: FrenchStandard
                Producer: ABBYY FineReader Engine 11</Comments>
        <TranskribusMetadata docId="188360" pageId="7477922" pageNr="35" tsid="13145853" status="DONE" userId="10612" imgUrl="https://files.transkribus.eu/Get?id=SYPIDKGUHQEWSFJXJVPFEYAL&amp;fileType=view" xmlUrl="https://files.transkribus.eu/Get?id=XDKOUGEGISWSULCPZWUQXMRK" imageId="2612572"/>
    </Metadata>
    <Page imageFilename="Pradon1680_Statira_cb311463583_corrected_0035.png" imageWidth="4085" imageHeight="7205">
        <PrintSpace>
            <Coords points="0,0 4085,0 4085,7205 0,7205"/>
        </PrintSpace>
        <ReadingOrder>
            <OrderedGroup id="ro_1604226090700" caption="Regions reading order">
                <RegionRefIndexed index="0" regionRef="r_1_1"/>
                <RegionRefIndexed index="1" regionRef="r_1_2"/>
                <RegionRefIndexed index="2" regionRef="r_1_3"/>
                <RegionRefIndexed index="3" regionRef="r_1_4"/>
                <RegionRefIndexed index="4" regionRef="r_1_5"/>
                <RegionRefIndexed index="5" regionRef="r_1_6"/>
                <RegionRefIndexed index="6" regionRef="r_1_7"/>
                <RegionRefIndexed index="7" regionRef="r_1_8"/>
                <RegionRefIndexed index="8" regionRef="r_1_9"/>
                <RegionRefIndexed index="9" regionRef="r_1_10"/>
                <RegionRefIndexed index="10" regionRef="r_1_11"/>
                <RegionRefIndexed index="11" regionRef="r_1_12"/>
                <RegionRefIndexed index="12" regionRef="r_1_13"/>
                <RegionRefIndexed index="13" regionRef="r_1_14"/>
                <RegionRefIndexed index="14" regionRef="r_1_15"/>
                <RegionRefIndexed index="16" regionRef="region_1548929771386_1124"/>
            </OrderedGroup>
        </ReadingOrder>
        <TextRegion type="paragraph" id="r_1_1" custom="readingOrder {index:0;}">
            <Coords points="1126,358 3602,358 3602,638 1126,638"/>
            <TextLine id="tl_1" primaryLanguage="English" custom="readingOrder {index:0;}">
                <Coords points="1127,359 3601,359 3601,637 1127,637"/>
                <Baseline points="1129,533 2331,538 3600,637"/>
                <Word id="w_w2aab1b1b2b1b1ab1" language="English" custom="readingOrder {index:0;}">
                    <Coords points="1129,376 2543,376 2543,566 1129,566"/>
                    <TextEquiv>
                        <Unicode>TRAGEDIE.</Unicode>
                    </TextEquiv>
                    <TextStyle fontFamily="Times New Roman" fontSize="13.0" bold="true"/>
                </Word>
                <Word id="w_w2aab1b1b2b1b1b1b1" language="English" custom="readingOrder {index:1;}">
                    <Coords points="3400,455 3600,455 3600,637 3400,637"/>
                    <TextEquiv>
                        <Unicode>iy</Unicode>
                    </TextEquiv>
                    <TextStyle fontFamily="Times New Roman" fontSize="16.0" italic="true"/>
                </Word>
                <TextEquiv>
                    <Unicode>TRAGEDIE. 17</Unicode>
                </TextEquiv>
            </TextLine>
            <TextEquiv>
                <Unicode>TRAGEDIE. 17</Unicode>
            </TextEquiv>
        </TextRegion>
        <TextRegion type="paragraph" id="r_1_2" custom="readingOrder {index:1;}">
            <Coords points="125,549 3401,549 3401,980 125,980"/>
            <TextLine id="tl_2" primaryLanguage="English" custom="readingOrder {index:0;}">
                <Coords points="126,551 3400,550 3400,796 126,797"/>
                <Baseline points="132,731 437,705 770,707 1137,707 1405,711 1961,716 2071,726 2339,726 2707,720 2832,726 3398,766"/>
                <Word id="w_w2aab1b1b2b3b1ab1" language="English" custom="readingOrder {index:0;}">
                    <Coords points="127,580 437,579 437,735 127,736"/>
                    <TextEquiv>
                        <Unicode>’J&amp;ais</Unicode>
                    </TextEquiv>
                    <TextStyle fontFamily="Times New Roman" fontSize="9.5"/>
                </Word>
                <Word id="w_w2aab1b1b2b3b1ac15" language="English" custom="readingOrder {index:1;}">
                    <Coords points="490,574 770,574 770,707 490,707"/>
                    <TextEquiv>
                        <Unicode>d’où</Unicode>
                    </TextEquiv>
                    <TextStyle fontFamily="Times New Roman" fontSize="9.5"/>
                </Word>
                <Word id="w_w2aab1b1b2b3b1ac25" language="English" custom="readingOrder {index:2;}">
                    <Coords points="805,581 1137,581 1137,717 805,717"/>
                    <TextEquiv>
                        <Unicode>vient</Unicode>
                    </TextEquiv>
                    <TextStyle fontFamily="Times New Roman" fontSize="9.5"/>
                </Word>
                <Word id="w_w2aab1b1b2b3b1ac37" language="English" custom="readingOrder {index:3;}">
                    <Coords points="1173,629 1405,629 1405,761 1173,761"/>
                    <TextEquiv>
                        <Unicode>que</Unicode>
                    </TextEquiv>
                    <TextStyle fontFamily="Times New Roman" fontSize="9.5"/>
                </Word>
                <Word id="w_w2aab1b1b2b3b1ac45" language="English" custom="readingOrder {index:4;}">
                    <Coords points="1462,604 1961,604 1961,716 1462,716"/>
                    <TextEquiv>
                        <Unicode>Roxane</Unicode>
                    </TextEquiv>
                    <TextStyle fontFamily="Times New Roman" fontSize="9.5"/>
                </Word>
                <Word id="w_w2aab1b1b2b3b1ac59" language="English" custom="readingOrder {index:5;}">
                    <Coords points="2003,605 2071,605 2071,726 2003,726"/>
                    <TextEquiv>
                        <Unicode>à</Unicode>
                    </TextEquiv>
                    <TextStyle fontFamily="Times New Roman" fontSize="9.5"/>
                </Word>
                <Word id="w_w2aab1b1b2b3b1ac63" language="English" custom="readingOrder {index:6;}">
                    <Coords points="2127,649 2339,649 2339,730 2127,730"/>
                    <TextEquiv>
                        <Unicode>vos</Unicode>
                    </TextEquiv>
                    <TextStyle fontFamily="Times New Roman" fontSize="9.5"/>
                </Word>
                <Word id="w_w2aab1b1b2b3b1ac71" language="English" custom="readingOrder {index:7;}">
                    <Coords points="2377,619 2707,619 2707,772 2377,772"/>
                    <TextEquiv>
                        <Unicode>jours</Unicode>
                    </TextEquiv>
                    <TextStyle fontFamily="Times New Roman" fontSize="9.5"/>
                </Word>
                <Word id="w_w2aab1b1b2b3b1ac83" language="English" custom="readingOrder {index:8;}">
                    <Coords points="2750,595 2832,595 2832,726 2750,726"/>
                    <TextEquiv>
                        <Unicode>fi</Unicode>
                    </TextEquiv>
                    <TextStyle fontFamily="Times New Roman" fontSize="9.5"/>
                </Word>
                <Word id="w_w2aab1b1b2b3b1ac89" language="English" custom="readingOrder {index:9;}">
                    <Coords points="2874,595 3398,595 3398,766 2874,766"/>
                    <TextEquiv>
                        <Unicode>fatale,,*</Unicode>
                    </TextEquiv>
                    <TextStyle fontFamily="Times New Roman" fontSize="9.5"/>
                </Word>
                <TextEquiv>
                    <Unicode>Mais d’où vient que Roxane à vos jours ſi fatale...</Unicode>
                </TextEquiv>
                <TextStyle fontFamily="Times New Roman" fontSize="9.5"/>
            </TextLine>
            <TextLine id="tl_3" primaryLanguage="English" custom="readingOrder {index:1;}">
                <Coords points="1364,835 2349,835 2349,979 1364,979"/>
                <Baseline points="1364,960 1609,965 2348,979"/>
                <Word id="w_w2aab1b1b2b3b3ab1" language="English" custom="readingOrder {index:0;}">
                    <Coords points="1364,843 2147,843 2147,969 1364,969"/>
                    <TextEquiv>
                        <Unicode>STATIR</Unicode>
                    </TextEquiv>
                    <TextStyle fontFamily="Times New Roman" fontSize="9.5"/>
                </Word>
                <Word id="w_w2aab1b1b2b3b3b1b3" language="English" custom="readingOrder {index:1;}">
                    <Coords points="2204,852 2348,852 2348,979 2204,979"/>
                    <TextEquiv>
                        <Unicode>A,</Unicode>
                    </TextEquiv>
                    <TextStyle fontFamily="Times New Roman" fontSize="9.5"/>
                </Word>
                <TextEquiv>
                    <Unicode>STATIRA.</Unicode>
                </TextEquiv>
            </TextLine>
            <TextEquiv>
                <Unicode>Mais d’où vient que Roxane à vos jours ſi fatale...
STATIRA.</Unicode>
            </TextEquiv>
        </TextRegion>
        <TextRegion type="paragraph" id="r_1_3" custom="readingOrder {index:2;}">
            <Coords points="124,1069 3226,1069 3226,1298 124,1298"/>
            <TextLine id="tl_4" primaryLanguage="English" custom="readingOrder {index:0;}">
                <Coords points="125,1070 3225,1070 3225,1297 125,1297"/>
                <Baseline points="125,1218 759,1253 1053,1209 1683,1218 2241,1223 2459,1234 2711,1233 3224,1287"/>
                <Word id="w_w2aab1b1b2b5b1ab1" language="English" custom="readingOrder {index:0;}">
                    <Coords points="125,1096 759,1096 759,1253 125,1253"/>
                    <TextEquiv>
                        <Unicode>Pourquoy</Unicode>
                    </TextEquiv>
                    <TextStyle fontFamily="Times New Roman" fontSize="9.5"/>
                </Word>
                <Word id="w_w2aab1b1b2b5b1ac19" language="English" custom="readingOrder {index:1;}">
                    <Coords points="811,1096 1053,1096 1053,1209 811,1209"/>
                    <TextEquiv>
                        <Unicode>c’en</Unicode>
                    </TextEquiv>
                    <TextStyle fontFamily="Times New Roman" fontSize="9.5"/>
                </Word>
                <Word id="w_w2aab1b1b2b5b1ac29" language="English" custom="readingOrder {index:2;}">
                    <Coords points="1119,1087 1683,1087 1683,1219 1119,1219"/>
                    <TextEquiv>
                        <Unicode>étonner?</Unicode>
                    </TextEquiv>
                    <TextStyle fontFamily="Times New Roman" fontSize="9.5"/>
                </Word>
                <Word id="w_w2aab1b1b2b5b1ac47" language="English" custom="readingOrder {index:3;}">
                    <Coords points="1735,1117 2241,1117 2241,1232 1735,1232"/>
                    <TextEquiv>
                        <Unicode>Roxane</Unicode>
                    </TextEquiv>
                    <TextStyle fontFamily="Times New Roman" fontSize="9.5"/>
                </Word>
                <Word id="w_w2aab1b1b2b5b1ac61" language="English" custom="readingOrder {index:4;}">
                    <Coords points="2287,1107 2459,1107 2459,1234 2287,1234"/>
                    <TextEquiv>
                        <Unicode>eft</Unicode>
                    </TextEquiv>
                    <TextStyle fontFamily="Times New Roman" fontSize="9.5"/>
                </Word>
                <Word id="w_w2aab1b1b2b5b1ac69" language="English" custom="readingOrder {index:5;}">
                    <Coords points="2511,1151 2711,1151 2711,1233 2511,1233"/>
                    <TextEquiv>
                        <Unicode>ma</Unicode>
                    </TextEquiv>
                    <TextStyle fontFamily="Times New Roman" fontSize="9.5"/>
                </Word>
                <Word id="w_w2aab1b1b2b5b1ac75" language="English" custom="readingOrder {index:6;}">
                    <Coords points="2757,1117 3224,1117 3224,1287 2757,1287"/>
                    <TextEquiv>
                        <Unicode>Rivale;</Unicode>
                    </TextEquiv>
                    <TextStyle fontFamily="Times New Roman" fontSize="9.5"/>
                </Word>
                <TextEquiv>
                    <Unicode>Pourquoy t’en étonner? Roxane eſt ma Rivale;</Unicode>
                </TextEquiv>
                <TextStyle fontFamily="Times New Roman" fontSize="9.5"/>
            </TextLine>
            <TextEquiv>
                <Unicode>Pourquoy t’en étonner? Roxane eſt ma Rivale;</Unicode>
            </TextEquiv>
        </TextRegion>
        <TextRegion type="paragraph" id="r_1_4" custom="readingOrder {index:3;}">
            <Coords points="131,1240 2947,1240 2947,1461 131,1461"/>
            <TextLine id="tl_5" primaryLanguage="English" custom="readingOrder {index:0;}">
                <Coords points="132,1241 2946,1241 2946,1460 132,1460"/>
                <Baseline points="133,1382 292,1373 681,1407 898,1373 1539,1421 1748,1393 2293,1422 2524,1408 2945,1450"/>
                <Word id="w_w2aab1b1b2b7b1ab1" language="English" custom="readingOrder {index:0;}">
                    <Coords points="133,1267 292,1267 292,1382 133,1382"/>
                    <TextEquiv>
                        <Unicode>Sa</Unicode>
                    </TextEquiv>
                    <TextStyle fontFamily="Times New Roman" fontSize="9.5"/>
                </Word>
                <Word id="w_w2aab1b1b2b7b1ab7" language="English" custom="readingOrder {index:1;}">
                    <Coords points="355,1294 681,1294 681,1417 355,1417"/>
                    <TextEquiv>
                        <Unicode>rage,</Unicode>
                    </TextEquiv>
                    <TextStyle fontFamily="Times New Roman" fontSize="9.5"/>
                </Word>
                <Word id="w_w2aab1b1b2b7b1ac19" language="English" custom="readingOrder {index:2;}">
                    <Coords points="733,1250 898,1250 898,1377 733,1377"/>
                    <TextEquiv>
                        <Unicode>fes</Unicode>
                    </TextEquiv>
                    <TextStyle fontFamily="Times New Roman" fontSize="9.5"/>
                </Word>
                <Word id="w_w2aab1b1b2b7b1ac27" language="English" custom="readingOrder {index:3;}">
                    <Coords points="931,1261 1539,1261 1539,1432 931,1432"/>
                    <TextEquiv>
                        <Unicode>chagrins,</Unicode>
                    </TextEquiv>
                    <TextStyle fontFamily="Times New Roman" fontSize="9.5"/>
                </Word>
                <Word id="w_w2aab1b1b2b7b1ac47" language="English" custom="readingOrder {index:4;}">
                    <Coords points="1583,1266 1748,1266 1748,1393 1583,1393"/>
                    <TextEquiv>
                        <Unicode>fes</Unicode>
                    </TextEquiv>
                    <TextStyle fontFamily="Times New Roman" fontSize="9.5"/>
                </Word>
                <Word id="w_w2aab1b1b2b7b1ac55" language="English" custom="readingOrder {index:5;}">
                    <Coords points="1795,1270 2293,1270 2293,1422 1795,1422"/>
                    <TextEquiv>
                        <Unicode>fureurs,</Unicode>
                    </TextEquiv>
                    <TextStyle fontFamily="Times New Roman" fontSize="9.5"/>
                </Word>
                <Word id="w_w2aab1b1b2b7b1ac73" language="English" custom="readingOrder {index:6;}">
                    <Coords points="2352,1277 2524,1277 2524,1408 2352,1408"/>
                    <TextEquiv>
                        <Unicode>fes</Unicode>
                    </TextEquiv>
                    <TextStyle fontFamily="Times New Roman" fontSize="9.5"/>
                </Word>
                <Word id="w_w2aab1b1b2b7b1ac81" language="English" custom="readingOrder {index:7;}">
                    <Coords points="2580,1285 2945,1285 2945,1450 2580,1450"/>
                    <TextEquiv>
                        <Unicode>refus,</Unicode>
                    </TextEquiv>
                    <TextStyle fontFamily="Times New Roman" fontSize="9.5"/>
                </Word>
                <TextEquiv>
                    <Unicode>Sa rage, ſes chagrins, ſes fureurs, ſes refus,</Unicode>
                </TextEquiv>
                <TextStyle fontFamily="Times New Roman" fontSize="9.5"/>
            </TextLine>
            <TextEquiv>
                <Unicode>Sa rage, ſes chagrins, ſes fureurs, ſes refus,</Unicode>
            </TextEquiv>
        </TextRegion>
        <TextRegion type="paragraph" id="r_1_5" custom="readingOrder {index:4;}">
            <Coords points="120,1413 2789,1413 2789,1625 120,1625"/>
            <TextLine id="tl_6" primaryLanguage="English" custom="readingOrder {index:0;}">
                <Coords points="121,1414 2788,1414 2788,1624 121,1624"/>
                <Baseline points="122,1546 441,1540 685,1542 889,1541 1161,1545 1709,1556 2087,1560 2786,1584"/>
                <Word id="w_w2aab1b1b2b9b1ab1" language="English" custom="readingOrder {index:0;}">
                    <Coords points="122,1430 441,1430 441,1546 122,1546"/>
                    <TextEquiv>
                        <Unicode>Tout</Unicode>
                    </TextEquiv>
                    <TextStyle fontFamily="Times New Roman" fontSize="9.5"/>
                </Word>
                <Word id="w_w2aab1b1b2b9b1ac11" language="English" custom="readingOrder {index:1;}">
                    <Coords points="494,1458 685,1458 685,1542 494,1542"/>
                    <TextEquiv>
                        <Unicode>me</Unicode>
                    </TextEquiv>
                    <TextStyle fontFamily="Times New Roman" fontSize="9.5"/>
                </Word>
                <Word id="w_w2aab1b1b2b9b1ac17" language="English" custom="readingOrder {index:2;}">
                    <Coords points="722,1424 889,1424 889,1541 722,1541"/>
                    <TextEquiv>
                        <Unicode>dit</Unicode>
                    </TextEquiv>
                    <TextStyle fontFamily="Times New Roman" fontSize="9.5"/>
                </Word>
                <Word id="w_w2aab1b1b2b9b1ac25" language="English" custom="readingOrder {index:3;}">
                    <Coords points="929,1464 1161,1464 1161,1595 929,1595"/>
                    <TextEquiv>
                        <Unicode>que</Unicode>
                    </TextEquiv>
                    <TextStyle fontFamily="Times New Roman" fontSize="9.5"/>
                </Word>
                <Word id="w_w2aab1b1b2b9b1ac33" language="English" custom="readingOrder {index:4;}">
                    <Coords points="1204,1444 1709,1444 1709,1556 1204,1556"/>
                    <TextEquiv>
                        <Unicode>Roxane</Unicode>
                    </TextEquiv>
                    <TextStyle fontFamily="Times New Roman" fontSize="9.5"/>
                </Word>
                <Word id="w_w2aab1b1b2b9b1ac47" language="English" custom="readingOrder {index:5;}">
                    <Coords points="1772,1445 2087,1445 2087,1575 1772,1575"/>
                    <TextEquiv>
                        <Unicode>aime</Unicode>
                    </TextEquiv>
                    <TextStyle fontFamily="Times New Roman" fontSize="9.5"/>
                </Word>
                <Word id="w_w2aab1b1b2b9b1ac57" language="English" custom="readingOrder {index:6;}">
                    <Coords points="2142,1453 2786,1453 2786,1584 2142,1584"/>
                    <TextEquiv>
                        <Unicode>Lconatus.</Unicode>
                    </TextEquiv>
                    <TextStyle fontFamily="Times New Roman" fontSize="9.5"/>
                </Word>
                <TextEquiv>
                    <Unicode>Tout me dit que Roxane aime Leonatus.</Unicode>
                </TextEquiv>
                <TextStyle fontFamily="Times New Roman" fontSize="9.5"/>
            </TextLine>
            <TextEquiv>
                <Unicode>Tout me dit que Roxane aime Leonatus.</Unicode>
            </TextEquiv>
        </TextRegion>
        <TextRegion type="paragraph" id="r_1_6" custom="readingOrder {index:5;}">
            <Coords points="117,1576 3492,1576 3492,2457 117,2457"/>
            <TextLine id="tl_7" primaryLanguage="English" custom="readingOrder {index:0;}">
                <Coords points="131,1577 3229,1577 3229,1797 131,1797"/>
                <Baseline points="131,1711 447,1700 948,1740 1513,1753 1655,1725 1867,1731 2298,1730 2492,1739 3228,1759"/>
                <Word id="w_w2aab1b1b2c11b1ab1" language="English" custom="readingOrder {index:0;}">
                    <Coords points="131,1592 447,1592 447,1711 131,1711"/>
                    <TextEquiv>
                        <Unicode>Mais</Unicode>
                    </TextEquiv>
                    <TextStyle fontFamily="Times New Roman" fontSize="9.5"/>
                </Word>
                <Word id="w_w2aab1b1b2c11b1ac11" language="English" custom="readingOrder {index:1;}">
                    <Coords points="483,1582 948,1582 948,1740 483,1740"/>
                    <TextEquiv>
                        <Unicode>écoute,</Unicode>
                    </TextEquiv>
                    <TextStyle fontFamily="Times New Roman" fontSize="9.5"/>
                </Word>
                <Word id="w_w2aab1b1b2c11b1ac27" language="English" custom="readingOrder {index:2;}">
                    <Coords points="1011,1599 1513,1599 1513,1753 1011,1753"/>
                    <TextEquiv>
                        <Unicode>Clconc,</Unicode>
                    </TextEquiv>
                    <TextStyle fontFamily="Times New Roman" fontSize="9.5"/>
                </Word>
                <Word id="w_w2aab1b1b2c11b1ac43" language="English" custom="readingOrder {index:3;}">
                    <Coords points="1573,1608 1655,1608 1655,1725 1573,1725"/>
                    <TextEquiv>
                        <Unicode>il</Unicode>
                    </TextEquiv>
                    <TextStyle fontFamily="Times New Roman" fontSize="9.5"/>
                </Word>
                <Word id="w_w2aab1b1b2c11b1ac49" language="English" custom="readingOrder {index:4;}">
                    <Coords points="1701,1607 1867,1607 1867,1731 1701,1731"/>
                    <TextEquiv>
                        <Unicode>eft</Unicode>
                    </TextEquiv>
                    <TextStyle fontFamily="Times New Roman" fontSize="9.5"/>
                </Word>
                <Word id="w_w2aab1b1b2c11b1ac57" language="English" custom="readingOrder {index:5;}">
                    <Coords points="1909,1653 2298,1653 2298,1775 1909,1775"/>
                    <TextEquiv>
                        <Unicode>temps</Unicode>
                    </TextEquiv>
                    <TextStyle fontFamily="Times New Roman" fontSize="9.5"/>
                </Word>
                <Word id="w_w2aab1b1b2c11b1ac69" language="English" custom="readingOrder {index:6;}">
                    <Coords points="2347,1613 2492,1613 2492,1739 2347,1739"/>
                    <TextEquiv>
                        <Unicode>de</Unicode>
                    </TextEquiv>
                    <TextStyle fontFamily="Times New Roman" fontSize="9.5"/>
                </Word>
                <Word id="w_w2aab1b1b2c11b1ac75" language="English" custom="readingOrder {index:7;}">
                    <Coords points="2541,1628 3228,1628 3228,1790 2541,1790"/>
                    <TextEquiv>
                        <Unicode>t’aprendre</Unicode>
                    </TextEquiv>
                    <TextStyle fontFamily="Times New Roman" fontSize="9.5"/>
                </Word>
                <TextEquiv>
                    <Unicode>Mais écoute, Cleone, il eſt temps de t’aprendre</Unicode>
                </TextEquiv>
                <TextStyle fontFamily="Times New Roman" fontSize="9.5"/>
            </TextLine>
            <TextLine id="tl_8" primaryLanguage="English" custom="readingOrder {index:1;}">
                <Coords points="118,1748 3070,1748 3070,1962 118,1962"/>
                <Baseline points="118,1880 274,1873 682,1874 838,1884 1394,1887 1644,1887 2176,1898 3069,1899"/>
                <Word id="w_w2aab1b1b2c11b3ab1" language="English" custom="readingOrder {index:0;}">
                    <Coords points="118,1762 274,1762 274,1880 118,1880"/>
                    <TextEquiv>
                        <Unicode>Le</Unicode>
                    </TextEquiv>
                    <TextStyle fontFamily="Times New Roman" fontSize="9.5"/>
                </Word>
                <Word id="w_w2aab1b1b2c11b3ab7" language="English" custom="readingOrder {index:1;}">
                    <Coords points="324,1752 682,1752 682,1875 324,1875"/>
                    <TextEquiv>
                        <Unicode>fecret</Unicode>
                    </TextEquiv>
                    <TextStyle fontFamily="Times New Roman" fontSize="9.5"/>
                </Word>
                <Word id="w_w2aab1b1b2c11b3ac21" language="English" custom="readingOrder {index:2;}">
                    <Coords points="728,1776 838,1776 838,1884 728,1884"/>
                    <TextEquiv>
                        <Unicode>&amp;</Unicode>
                    </TextEquiv>
                    <TextStyle fontFamily="Times New Roman" fontSize="9.5"/>
                </Word>
                <Word id="w_w2aab1b1b2c11b3ac25" language="English" custom="readingOrder {index:3;}">
                    <Coords points="885,1767 1394,1767 1394,1887 885,1887"/>
                    <TextEquiv>
                        <Unicode>l’amour</Unicode>
                    </TextEquiv>
                    <TextStyle fontFamily="Times New Roman" fontSize="9.5"/>
                </Word>
                <Word id="w_w2aab1b1b2c11b3ac41" language="English" custom="readingOrder {index:4;}">
                    <Coords points="1442,1772 1644,1772 1644,1888 1442,1888"/>
                    <TextEquiv>
                        <Unicode>des</Unicode>
                    </TextEquiv>
                    <TextStyle fontFamily="Times New Roman" fontSize="9.5"/>
                </Word>
                <Word id="w_w2aab1b1b2c11b3ac49" language="English" custom="readingOrder {index:5;}">
                    <Coords points="1710,1790 2176,1790 2176,1904 1710,1904"/>
                    <TextEquiv>
                        <Unicode>Veuves</Unicode>
                    </TextEquiv>
                    <TextStyle fontFamily="Times New Roman" fontSize="9.5"/>
                </Word>
                <Word id="w_w2aab1b1b2c11b3ac63" language="English" custom="readingOrder {index:6;}">
                    <Coords points="2218,1783 3069,1783 3069,1919 2218,1919"/>
                    <TextEquiv>
                        <Unicode>d'Alexandre-</Unicode>
                    </TextEquiv>
                    <TextStyle fontFamily="Times New Roman" fontSize="9.5"/>
                </Word>
                <TextEquiv>
                    <Unicode>Le ſecret &amp; l’amour des Veuves d'Alexandre;</Unicode>
                </TextEquiv>
                <TextStyle fontFamily="Times New Roman" fontSize="9.5"/>
            </TextLine>
            <TextLine id="tl_9" primaryLanguage="English" custom="readingOrder {index:2;}">
                <Coords points="127,1911 3491,1911 3491,2137 127,2137"/>
                <Baseline points="128,2049 397,2037 764,2077 1822,2092 2027,2062 2349,2067 2747,2077 3491,2137"/>
                <Word id="w_w2aab1b1b2c11b5ab1" language="English" custom="readingOrder {index:0;}">
                    <Coords points="128,1931 397,1931 397,2049 128,2049"/>
                    <TextEquiv>
                        <Unicode>Mes</Unicode>
                    </TextEquiv>
                    <TextStyle fontFamily="Times New Roman" fontSize="9.5"/>
                </Word>
                <Word id="w_w2aab1b1b2c11b5ab9" language="English" custom="readingOrder {index:1;}">
                    <Coords points="450,1916 764,1916 764,2077 450,2077"/>
                    <TextEquiv>
                        <Unicode>feux,</Unicode>
                    </TextEquiv>
                    <TextStyle fontFamily="Times New Roman" fontSize="9.5"/>
                </Word>
                <Word id="w_w2aab1b1b2c11b5ac21" language="English" custom="readingOrder {index:2;}">
                    <Coords points="806,1935 1822,1935 1822,2092 806,2092"/>
                    <TextEquiv>
                        <Unicode>mes-triftesfeux,</Unicode>
                    </TextEquiv>
                    <TextStyle fontFamily="Times New Roman" fontSize="9.5"/>
                </Word>
                <Word id="w_w2aab1b1b2c11b5ac55" language="English" custom="readingOrder {index:3;}">
                    <Coords points="1880,1987 2027,1987 2027,2062 1880,2062"/>
                    <TextEquiv>
                        <Unicode>ne</Unicode>
                    </TextEquiv>
                    <TextStyle fontFamily="Times New Roman" fontSize="9.5"/>
                </Word>
                <Word id="w_w2aab1b1b2c11b5ac61" language="English" custom="readingOrder {index:4;}">
                    <Coords points="2084,1946 2349,1946 2349,2067 2084,2067"/>
                    <TextEquiv>
                        <Unicode>font</Unicode>
                    </TextEquiv>
                    <TextStyle fontFamily="Times New Roman" fontSize="9.5"/>
                </Word>
                <Word id="w_w2aab1b1b2c11b5ac71" language="English" custom="readingOrder {index:5;}">
                    <Coords points="2393,1960 2747,1960 2747,2117 2393,2117"/>
                    <TextEquiv>
                        <Unicode>point</Unicode>
                    </TextEquiv>
                    <TextStyle fontFamily="Times New Roman" fontSize="9.5"/>
                </Word>
                <Word id="w_w2aab1b1b2c11b5ac83" language="English" custom="readingOrder {index:6;}">
                    <Coords points="2789,1967 3491,1967 3491,2137 2789,2137"/>
                    <TextEquiv>
                        <Unicode>criminel^</Unicode>
                    </TextEquiv>
                    <TextStyle fontFamily="Times New Roman" fontSize="9.5"/>
                </Word>
                <TextEquiv>
                    <Unicode>Mes feux, mes triſtes feux, ne ſont point criminels,</Unicode>
                </TextEquiv>
                <TextStyle fontFamily="Times New Roman" fontSize="9.5"/>
            </TextLine>
            <TextLine id="tl_10" primaryLanguage="English" custom="readingOrder {index:3;}">
                <Coords points="130,2079 3445,2079 3445,2307 130,2307"/>
                <Baseline points="131,2237 577,2206 1062,2216 1446,2222 1688,2270 1832,2226 2136,2231 2559,2240 2822,2251 3443,2307"/>
                <Word id="w_w2aab1b1b2c11b7ab1" language="English" custom="readingOrder {index:0;}">
                    <Coords points="131,2085 577,2085 577,2237 131,2237"/>
                    <TextEquiv>
                        <Unicode>Quand</Unicode>
                    </TextEquiv>
                    <TextStyle fontFamily="Times New Roman" fontSize="9.5"/>
                </Word>
                <Word id="w_w2aab1b1b2c11b7ac13" language="English" custom="readingOrder {index:1;}">
                    <Coords points="618,2095 1062,2095 1062,2251 618,2251"/>
                    <TextEquiv>
                        <Unicode>j’adore</Unicode>
                    </TextEquiv>
                    <TextStyle fontFamily="Times New Roman" fontSize="9.5"/>
                </Word>
                <Word id="w_w2aab1b1b2c11b7ac29" language="English" custom="readingOrder {index:2;}">
                    <Coords points="1111,2140 1446,2140 1446,2261 1111,2261"/>
                    <TextEquiv>
                        <Unicode>apres</Unicode>
                    </TextEquiv>
                    <TextStyle fontFamily="Times New Roman" fontSize="9.5"/>
                </Word>
                <Word id="w_w2aab1b1b2c11b7ac41" language="English" custom="readingOrder {index:3;}">
                    <Coords points="1501,2111 1688,2111 1688,2270 1501,2270"/>
                    <TextEquiv>
                        <Unicode>luy</Unicode>
                    </TextEquiv>
                    <TextStyle fontFamily="Times New Roman" fontSize="9.5"/>
                </Word>
                <Word id="w_w2aab1b1b2c11b7ac49" language="English" custom="readingOrder {index:4;}">
                    <Coords points="1727,2111 1832,2111 1832,2226 1727,2226"/>
                    <TextEquiv>
                        <Unicode>le</Unicode>
                    </TextEquiv>
                    <TextStyle fontFamily="Times New Roman" fontSize="9.5"/>
                </Word>
                <Word id="w_w2aab1b1b2c11b7ac55" language="English" custom="readingOrder {index:5;}">
                    <Coords points="1878,2121 2136,2121 2136,2272 1878,2272"/>
                    <TextEquiv>
                        <Unicode>plus</Unicode>
                    </TextEquiv>
                    <TextStyle fontFamily="Times New Roman" fontSize="9.5"/>
                </Word>
                <Word id="w_w2aab1b1b2c11b7ac65" language="English" custom="readingOrder {index:6;}">
                    <Coords points="2176,2125 2559,2125 2559,2281 2176,2281"/>
                    <TextEquiv>
                        <Unicode>grand</Unicode>
                    </TextEquiv>
                    <TextStyle fontFamily="Times New Roman" fontSize="9.5"/>
                </Word>
                <Word id="w_w2aab1b1b2c11b7ac77" language="English" custom="readingOrder {index:7;}">
                    <Coords points="2615,2125 2822,2125 2822,2251 2615,2251"/>
                    <TextEquiv>
                        <Unicode>des</Unicode>
                    </TextEquiv>
                    <TextStyle fontFamily="Times New Roman" fontSize="9.5"/>
                </Word>
                <Word id="w_w2aab1b1b2c11b7ac85" language="English" custom="readingOrder {index:8;}">
                    <Coords points="2868,2145 3443,2145 3443,2307 2868,2307"/>
                    <TextEquiv>
                        <Unicode>Mortels,</Unicode>
                    </TextEquiv>
                    <TextStyle fontFamily="Times New Roman" fontSize="9.5"/>
                </Word>
                <TextEquiv>
                    <Unicode>Quand j’adore apres luy le plus grand des Mortels,</Unicode>
                </TextEquiv>
                <TextStyle fontFamily="Times New Roman" fontSize="9.5"/>
            </TextLine>
            <TextLine id="tl_11" primaryLanguage="English" custom="readingOrder {index:4;}">
                <Coords points="136,2245 2778,2245 2778,2456 136,2456"/>
                <Baseline points="136,2380 372,2371 481,2374 659,2375 774,2375 1311,2386 1446,2390 1818,2394 2092,2401 2229,2399 2776,2456"/>
                <Word id="w_w2aab1b1b2c11b9ab1" language="English" custom="readingOrder {index:0;}">
                    <Coords points="136,2269 372,2269 372,2380 136,2380"/>
                    <TextEquiv>
                        <Unicode>Car</Unicode>
                    </TextEquiv>
                    <TextStyle fontFamily="Times New Roman" fontSize="9.5"/>
                </Word>
                <Word id="w_w2aab1b1b2c11b9ab9" language="English" custom="readingOrder {index:1;}">
                    <Coords points="410,2249 481,2249 481,2376 410,2376"/>
                    <TextEquiv>
                        <Unicode>fi</Unicode>
                    </TextEquiv>
                    <TextStyle fontFamily="Times New Roman" fontSize="9.5"/>
                </Word>
                <Word id="w_w2aab1b1b2c11b9ac15" language="English" custom="readingOrder {index:2;}">
                    <Coords points="524,2253 659,2253 659,2375 524,2375"/>
                    <TextEquiv>
                        <Unicode>de</Unicode>
                    </TextEquiv>
                    <TextStyle fontFamily="Times New Roman" fontSize="9.5"/>
                </Word>
                <Word id="w_w2aab1b1b2c11b9ac21" language="English" custom="readingOrder {index:3;}">
                    <Coords points="702,2264 774,2264 774,2375 702,2375"/>
                    <TextEquiv>
                        <Unicode>T</Unicode>
                    </TextEquiv>
                    <TextStyle fontFamily="Times New Roman" fontSize="9.5"/>
                </Word>
                <Word id="w_w2aab1b1b2c11b9ac25" language="English" custom="readingOrder {index:4;}">
                    <Coords points="800,2269 1311,2269 1311,2391 800,2391"/>
                    <TextEquiv>
                        <Unicode>Univers</Unicode>
                    </TextEquiv>
                    <TextStyle fontFamily="Times New Roman" fontSize="9.5"/>
                </Word>
                <Word id="w_w2aab1b1b2c11b9ac41" language="English" custom="readingOrder {index:5;}">
                    <Coords points="1364,2275 1446,2275 1446,2390 1364,2390"/>
                    <TextEquiv>
                        <Unicode>il</Unicode>
                    </TextEquiv>
                    <TextStyle fontFamily="Times New Roman" fontSize="9.5"/>
                </Word>
                <Word id="w_w2aab1b1b2c11b9ac47" language="English" custom="readingOrder {index:6;}">
                    <Coords points="1492,2274 1818,2274 1818,2396 1492,2396"/>
                    <TextEquiv>
                        <Unicode>n’eut</Unicode>
                    </TextEquiv>
                    <TextStyle fontFamily="Times New Roman" fontSize="9.5"/>
                </Word>
                <Word id="w_w2aab1b1b2c11b9ac59" language="English" custom="readingOrder {index:7;}">
                    <Coords points="1850,2280 2092,2280 2092,2405 1850,2405"/>
                    <TextEquiv>
                        <Unicode>efté</Unicode>
                    </TextEquiv>
                    <TextStyle fontFamily="Times New Roman" fontSize="9.5"/>
                </Word>
                <Word id="w_w2aab1b1b2c11b9ac69" language="English" custom="readingOrder {index:8;}">
                    <Coords points="2122,2283 2229,2283 2229,2400 2122,2400"/>
                    <TextEquiv>
                        <Unicode>le</Unicode>
                    </TextEquiv>
                    <TextStyle fontFamily="Times New Roman" fontSize="9.5"/>
                </Word>
                <Word id="w_w2aab1b1b2c11b9ac75" language="English" custom="readingOrder {index:9;}">
                    <Coords points="2282,2289 2776,2289 2776,2456 2282,2456"/>
                    <TextEquiv>
                        <Unicode>Maître,</Unicode>
                    </TextEquiv>
                    <TextStyle fontFamily="Times New Roman" fontSize="9.5"/>
                </Word>
                <TextEquiv>
                    <Unicode>Car ſi de l'Univers il n’eut eſté le Maître,</Unicode>
                </TextEquiv>
                <TextStyle fontFamily="Times New Roman" fontSize="9.5"/>
            </TextLine>
            <TextEquiv>
                <Unicode>Mais écoute, Cleone, il eſt temps de t’aprendre
Le ſecret &amp; l’amour des Veuves d'Alexandre;
Mes feux, mes triſtes feux, ne ſont point criminels,
Quand j’adore apres luy le plus grand des Mortels,
Car ſi de l'Univers il n’eut eſté le Maître,</Unicode>
            </TextEquiv>
        </TextRegion>
        <TextRegion type="paragraph" id="r_1_7" custom="readingOrder {index:6;}">
            <Coords points="126,2414 2668,2414 2668,2629 126,2629"/>
            <TextLine id="tl_12" primaryLanguage="English" custom="readingOrder {index:0;}">
                <Coords points="127,2415 2667,2415 2667,2628 127,2628"/>
                <Baseline points="127,2550 283,2539 557,2544 1197,2554 1601,2559 2011,2569 2189,2568 2666,2590"/>
                <Word id="w_w2aab1b1b2c13b1ab1" language="English" custom="readingOrder {index:0;}">
                    <Coords points="127,2439 283,2439 283,2550 127,2550"/>
                    <TextEquiv>
                        <Unicode>Le</Unicode>
                    </TextEquiv>
                    <TextStyle fontFamily="Times New Roman" fontSize="9.5"/>
                </Word>
                <Word id="w_w2aab1b1b2c13b1ab7" language="English" custom="readingOrder {index:1;}">
                    <Coords points="336,2418 557,2418 557,2545 336,2545"/>
                    <TextEquiv>
                        <Unicode>feul</Unicode>
                    </TextEquiv>
                    <TextStyle fontFamily="Times New Roman" fontSize="9.5"/>
                </Word>
                <Word id="w_w2aab1b1b2c13b1ac17" language="English" custom="readingOrder {index:2;}">
                    <Coords points="600,2438 1197,2438 1197,2554 600,2554"/>
                    <TextEquiv>
                        <Unicode>Lconatus</Unicode>
                    </TextEquiv>
                    <TextStyle fontFamily="Times New Roman" fontSize="9.5"/>
                </Word>
                <Word id="w_w2aab1b1b2c13b1ac35" language="English" custom="readingOrder {index:3;}">
                    <Coords points="1250,2434 1601,2434 1601,2560 1250,2560"/>
                    <TextEquiv>
                        <Unicode>eftoit</Unicode>
                    </TextEquiv>
                    <TextStyle fontFamily="Times New Roman" fontSize="9.5"/>
                </Word>
                <Word id="w_w2aab1b1b2c13b1ac49" language="English" custom="readingOrder {index:4;}">
                    <Coords points="1646,2443 2011,2443 2011,2615 1646,2615"/>
                    <TextEquiv>
                        <Unicode>digne</Unicode>
                    </TextEquiv>
                    <TextStyle fontFamily="Times New Roman" fontSize="9.5"/>
                </Word>
                <Word id="w_w2aab1b1b2c13b1ac61" language="English" custom="readingOrder {index:5;}">
                    <Coords points="2049,2452 2189,2452 2189,2569 2049,2569"/>
                    <TextEquiv>
                        <Unicode>de</Unicode>
                    </TextEquiv>
                    <TextStyle fontFamily="Times New Roman" fontSize="9.5"/>
                </Word>
                <Word id="w_w2aab1b1b2c13b1ac67" language="English" custom="readingOrder {index:6;}">
                    <Coords points="2229,2453 2666,2453 2666,2590 2229,2590"/>
                    <TextEquiv>
                        <Unicode>Tertre.</Unicode>
                    </TextEquiv>
                    <TextStyle fontFamily="Times New Roman" fontSize="9.5"/>
                </Word>
                <TextEquiv>
                    <Unicode>Le ſeul Leonatus eſtoit digne de l'eſtre.</Unicode>
                </TextEquiv>
                <TextStyle fontFamily="Times New Roman" fontSize="9.5"/>
            </TextLine>
            <TextEquiv>
                <Unicode>Le ſeul Leonatus eſtoit digne de l'eſtre.</Unicode>
            </TextEquiv>
        </TextRegion>
        <TextRegion type="paragraph" id="r_1_8" custom="readingOrder {index:7;}">
            <Coords points="121,2586 3433,2589 3433,2974 121,2971"/>
            <TextLine id="tl_13" primaryLanguage="English" custom="readingOrder {index:0;}">
                <Coords points="122,2587 3430,2588 3430,2815 122,2814"/>
                <Baseline points="123,2724 582,2708 930,2714 1262,2719 1779,2768 2026,2734 2577,2783 2870,2753 3426,2770"/>
                <Word id="w_w2aab1b1b2c15b1ab1" language="English" custom="readingOrder {index:0;}">
                    <Coords points="123,2611 582,2611 582,2753 123,2753"/>
                    <TextEquiv>
                        <Unicode>Aprens</Unicode>
                    </TextEquiv>
                    <TextStyle fontFamily="Times New Roman" fontSize="9.5"/>
                </Word>
                <Word id="w_w2aab1b1b2c15b1ac15" language="English" custom="readingOrder {index:1;}">
                    <Coords points="619,2597 930,2597 930,2714 619,2714"/>
                    <TextEquiv>
                        <Unicode>donc</Unicode>
                    </TextEquiv>
                    <TextStyle fontFamily="Times New Roman" fontSize="9.5"/>
                </Word>
                <Word id="w_w2aab1b1b2c15b1ac25" language="English" custom="readingOrder {index:2;}">
                    <Coords points="973,2641 1262,2641 1262,2719 973,2719"/>
                    <TextEquiv>
                        <Unicode>mon</Unicode>
                    </TextEquiv>
                    <TextStyle fontFamily="Times New Roman" fontSize="9.5"/>
                </Word>
                <Word id="w_w2aab1b1b2c15b1ac33" language="English" custom="readingOrder {index:3;}">
                    <Coords points="1309,2645 1779,2645 1779,2768 1309,2768"/>
                    <TextEquiv>
                        <Unicode>amour,</Unicode>
                    </TextEquiv>
                    <TextStyle fontFamily="Times New Roman" fontSize="9.5"/>
                </Word>
                <Word id="w_w2aab1b1b2c15b1ac47" language="English" custom="readingOrder {index:4;}">
                    <Coords points="1829,2660 2026,2660 2026,2738 1829,2738"/>
                    <TextEquiv>
                        <Unicode>ma</Unicode>
                    </TextEquiv>
                    <TextStyle fontFamily="Times New Roman" fontSize="9.5"/>
                </Word>
                <Word id="w_w2aab1b1b2c15b1ac53" language="English" custom="readingOrder {index:5;}">
                    <Coords points="2069,2622 2577,2622 2577,2783 2069,2783"/>
                    <TextEquiv>
                        <Unicode>crainte,</Unicode>
                    </TextEquiv>
                    <TextStyle fontFamily="Times New Roman" fontSize="9.5"/>
                </Word>
                <Word id="w_w2aab1b1b2c15b1ac71" language="English" custom="readingOrder {index:6;}">
                    <Coords points="2610,2665 2870,2665 2870,2753 2610,2753"/>
                    <TextEquiv>
                        <Unicode>mes</Unicode>
                    </TextEquiv>
                    <TextStyle fontFamily="Times New Roman" fontSize="9.5"/>
                </Word>
                <Word id="w_w2aab1b1b2c15b1ac79" language="English" custom="readingOrder {index:7;}">
                    <Coords points="2928,2670 3430,2671 3430,2814 2928,2813"/>
                    <TextEquiv>
                        <Unicode>ennuis&gt;</Unicode>
                    </TextEquiv>
                    <TextStyle fontFamily="Times New Roman" fontSize="9.5"/>
                </Word>
                <TextEquiv>
                    <Unicode>Aprens donc mon amour, ma crainte, mes ennuis,</Unicode>
                </TextEquiv>
                <TextStyle fontFamily="Times New Roman" fontSize="9.5"/>
            </TextLine>
            <TextLine id="tl_14" primaryLanguage="English" custom="readingOrder {index:1;}">
                <Coords points="131,2751 3026,2751 3026,2970 131,2970"/>
                <Baseline points="132,2888 273,2877 651,2881 1285,2892 1486,2897 1773,2901 2145,2908 2463,2913 3024,2938"/>
                <Word id="w_w2aab1b1b2c15b3ab1" language="English" custom="readingOrder {index:0;}">
                    <Coords points="132,2775 273,2775 273,2888 132,2888"/>
                    <TextEquiv>
                        <Unicode>Et</Unicode>
                    </TextEquiv>
                    <TextStyle fontFamily="Times New Roman" fontSize="9.5"/>
                </Word>
                <Word id="w_w2aab1b1b2c15b3ab7" language="English" custom="readingOrder {index:1;}">
                    <Coords points="326,2761 651,2761 651,2887 326,2887"/>
                    <TextEquiv>
                        <Unicode>l’état</Unicode>
                    </TextEquiv>
                    <TextStyle fontFamily="Times New Roman" fontSize="9.5"/>
                </Word>
                <Word id="w_w2aab1b1b2c15b3ac21" language="English" custom="readingOrder {index:2;}">
                    <Coords points="687,2767 1285,2767 1285,2933 687,2933"/>
                    <TextEquiv>
                        <Unicode>pitoyable</Unicode>
                    </TextEquiv>
                    <TextStyle fontFamily="Times New Roman" fontSize="9.5"/>
                </Word>
                <Word id="w_w2aab1b1b2c15b3ac41" language="English" custom="readingOrder {index:3;}">
                    <Coords points="1324,2772 1486,2772 1486,2897 1324,2897"/>
                    <TextEquiv>
                        <Unicode>où</Unicode>
                    </TextEquiv>
                    <TextStyle fontFamily="Times New Roman" fontSize="9.5"/>
                </Word>
                <Word id="w_w2aab1b1b2c15b3ac47" language="English" custom="readingOrder {index:4;}">
                    <Coords points="1526,2819 1773,2819 1773,2903 1526,2903"/>
                    <TextEquiv>
                        <Unicode>mes</Unicode>
                    </TextEquiv>
                    <TextStyle fontFamily="Times New Roman" fontSize="9.5"/>
                </Word>
                <Word id="w_w2aab1b1b2c15b3ac55" language="English" custom="readingOrder {index:5;}">
                    <Coords points="1815,2796 2145,2796 2145,2945 1815,2945"/>
                    <TextEquiv>
                        <Unicode>jours</Unicode>
                    </TextEquiv>
                    <TextStyle fontFamily="Times New Roman" fontSize="9.5"/>
                </Word>
                <Word id="w_w2aab1b1b2c15b3ac67" language="English" custom="readingOrder {index:6;}">
                    <Coords points="2202,2787 2463,2787 2463,2913 2202,2913"/>
                    <TextEquiv>
                        <Unicode>font</Unicode>
                    </TextEquiv>
                    <TextStyle fontFamily="Times New Roman" fontSize="9.5"/>
                </Word>
                <Word id="w_w2aab1b1b2c15b3ac77" language="English" custom="readingOrder {index:7;}">
                    <Coords points="2522,2795 3024,2795 3024,2938 2522,2938"/>
                    <TextEquiv>
                        <Unicode>réduits.</Unicode>
                    </TextEquiv>
                    <TextStyle fontFamily="Times New Roman" fontSize="9.5"/>
                </Word>
                <TextEquiv>
                    <Unicode>Et l’état pitoyable où mes jours ſont réduits.</Unicode>
                </TextEquiv>
                <TextStyle fontFamily="Times New Roman" fontSize="9.5"/>
            </TextLine>
            <TextEquiv>
                <Unicode>Aprens donc mon amour, ma crainte, mes ennuis,
Et l’état pitoyable où mes jours ſont réduits.</Unicode>
            </TextEquiv>
        </TextRegion>
        <TextRegion type="paragraph" id="r_1_9" custom="readingOrder {index:8;}">
            <Coords points="129,2920 2978,2920 2978,3298 129,3298"/>
            <TextLine id="tl_15" primaryLanguage="English" custom="readingOrder {index:0;}">
                <Coords points="131,2921 2977,2921 2977,3137 131,3137"/>
                <Baseline points="131,3053 551,3056 724,3056 1467,3060 1658,3066 1842,3071 2154,3072 2976,3095"/>
                <Word id="w_w2aab1b1b2c17b1ab1" language="English" custom="readingOrder {index:0;}">
                    <Coords points="131,2936 551,2936 551,3056 131,3056"/>
                    <TextEquiv>
                        <Unicode>Helasî</Unicode>
                    </TextEquiv>
                    <TextStyle fontFamily="Times New Roman" fontSize="9.5"/>
                </Word>
                <Word id="w_w2aab1b1b2c17b1ac15" language="English" custom="readingOrder {index:1;}">
                    <Coords points="613,2969 724,2969 724,3056 613,3056"/>
                    <TextEquiv>
                        <Unicode>te</Unicode>
                    </TextEquiv>
                    <TextStyle fontFamily="Times New Roman" fontSize="9.5"/>
                </Word>
                <Word id="w_w2aab1b1b2c17b1ac21" language="English" custom="readingOrder {index:2;}">
                    <Coords points="767,2935 1467,2935 1467,3066 767,3066"/>
                    <TextEquiv>
                        <Unicode>fouvient-il</Unicode>
                    </TextEquiv>
                    <TextStyle fontFamily="Times New Roman" fontSize="9.5"/>
                </Word>
                <Word id="w_w2aab1b1b2c17b1ac45" language="English" custom="readingOrder {index:3;}">
                    <Coords points="1517,2943 1658,2943 1658,3066 1517,3066"/>
                    <TextEquiv>
                        <Unicode>de</Unicode>
                    </TextEquiv>
                    <TextStyle fontFamily="Times New Roman" fontSize="9.5"/>
                </Word>
                <Word id="w_w2aab1b1b2c17b1ac51" language="English" custom="readingOrder {index:4;}">
                    <Coords points="1711,2989 1842,2989 1842,3071 1711,3071"/>
                    <TextEquiv>
                        <Unicode>ce</Unicode>
                    </TextEquiv>
                    <TextStyle fontFamily="Times New Roman" fontSize="9.5"/>
                </Word>
                <Word id="w_w2aab1b1b2c17b1ac57" language="English" custom="readingOrder {index:5;}">
                    <Coords points="1890,2973 2154,2973 2154,3120 1890,3120"/>
                    <TextEquiv>
                        <Unicode>jour</Unicode>
                    </TextEquiv>
                    <TextStyle fontFamily="Times New Roman" fontSize="9.5"/>
                </Word>
                <Word id="w_w2aab1b1b2c17b1ac67" language="English" custom="readingOrder {index:6;}">
                    <Coords points="2213,2959 2976,2959 2976,3095 2213,3095"/>
                    <TextEquiv>
                        <Unicode>mémorable</Unicode>
                    </TextEquiv>
                    <TextStyle fontFamily="Times New Roman" fontSize="9.5"/>
                </Word>
                <TextEquiv>
                    <Unicode>Helas! te ſouvient-il de ce jour mémorable</Unicode>
                </TextEquiv>
                <TextStyle fontFamily="Times New Roman" fontSize="9.5"/>
            </TextLine>
            <TextLine id="tl_16" primaryLanguage="English" custom="readingOrder {index:1;}">
                <Coords points="130,3085 2608,3085 2608,3297 130,3297"/>
                <Baseline points="130,3249 378,3209 552,3216 750,3225 1226,3231 1376,3231 1812,3240 2608,3259"/>
                <Word id="w_w2aab1b1b2c17b3ab1" language="English" custom="readingOrder {index:0;}">
                    <Coords points="130,3097 378,3097 378,3249 130,3249"/>
                    <TextEquiv>
                        <Unicode>Qui</Unicode>
                    </TextEquiv>
                    <TextStyle fontFamily="Times New Roman" fontSize="9.5"/>
                </Word>
                <Word id="w_w2aab1b1b2c17b3ab9" language="English" custom="readingOrder {index:1;}">
                    <Coords points="425,3098 552,3098 552,3221 425,3221"/>
                    <TextEquiv>
                        <Unicode>fit</Unicode>
                    </TextEquiv>
                    <TextStyle fontFamily="Times New Roman" fontSize="9.5"/>
                </Word>
                <Word id="w_w2aab1b1b2c17b3ac17" language="English" custom="readingOrder {index:2;}">
                    <Coords points="608,3099 750,3099 750,3225 608,3225"/>
                    <TextEquiv>
                        <Unicode>de</Unicode>
                    </TextEquiv>
                    <TextStyle fontFamily="Times New Roman" fontSize="9.5"/>
                </Word>
                <Word id="w_w2aab1b1b2c17b3ac23" language="English" custom="readingOrder {index:3;}">
                    <Coords points="790,3114 1226,3114 1226,3231 790,3231"/>
                    <TextEquiv>
                        <Unicode>Darius</Unicode>
                    </TextEquiv>
                    <TextStyle fontFamily="Times New Roman" fontSize="9.5"/>
                </Word>
                <Word id="w_w2aab1b1b2c17b3ac37" language="English" custom="readingOrder {index:4;}">
                    <Coords points="1270,3117 1376,3117 1376,3234 1270,3234"/>
                    <TextEquiv>
                        <Unicode>le</Unicode>
                    </TextEquiv>
                    <TextStyle fontFamily="Times New Roman" fontSize="9.5"/>
                </Word>
                <Word id="w_w2aab1b1b2c17b3ac43" language="English" custom="readingOrder {index:5;}">
                    <Coords points="1422,3108 1812,3108 1812,3240 1422,3240"/>
                    <TextEquiv>
                        <Unicode>deftin</Unicode>
                    </TextEquiv>
                    <TextStyle fontFamily="Times New Roman" fontSize="9.5"/>
                </Word>
                <Word id="w_w2aab1b1b2c17b3ac57" language="English" custom="readingOrder {index:6;}">
                    <Coords points="1860,3122 2608,3122 2608,3289 1860,3289"/>
                    <TextEquiv>
                        <Unicode>déplorable?</Unicode>
                    </TextEquiv>
                    <TextStyle fontFamily="Times New Roman" fontSize="9.5"/>
                </Word>
                <TextEquiv>
                    <Unicode>Qui fit de Darius le deſtin déplorable?</Unicode>
                </TextEquiv>
                <TextStyle fontFamily="Times New Roman" fontSize="9.5"/>
            </TextLine>
            <TextEquiv>
                <Unicode>Helas! te ſouvient-il de ce jour mémorable
Qui fit de Darius le deſtin déplorable?</Unicode>
            </TextEquiv>
        </TextRegion>
        <TextRegion type="paragraph" id="r_1_10" custom="readingOrder {index:9;}">
            <Coords points="120,3256 3463,3256 3463,3966 120,3966"/>
            <TextLine id="tl_17" primaryLanguage="English" custom="readingOrder {index:0;}">
                <Coords points="121,3257 3193,3257 3193,3475 121,3475"/>
                <Baseline points="121,3417 582,3384 725,3392 1211,3398 1754,3403 2001,3409 2169,3414 2741,3423 3193,3443"/>
                <Word id="w_w2aab1b1b2c19b1ab1" language="English" custom="readingOrder {index:0;}">
                    <Coords points="121,3267 582,3267 582,3417 121,3417"/>
                    <TextEquiv>
                        <Unicode>Quand</Unicode>
                    </TextEquiv>
                    <TextStyle fontFamily="Times New Roman" fontSize="9.5"/>
                </Word>
                <Word id="w_w2aab1b1b2c19b1ac13" language="English" custom="readingOrder {index:1;}">
                    <Coords points="624,3273 725,3273 725,3392 624,3392"/>
                    <TextEquiv>
                        <Unicode>le</Unicode>
                    </TextEquiv>
                    <TextStyle fontFamily="Times New Roman" fontSize="9.5"/>
                </Word>
                <Word id="w_w2aab1b1b2c19b1ac19" language="English" custom="readingOrder {index:2;}">
                    <Coords points="762,3276 1211,3276 1211,3398 762,3398"/>
                    <TextEquiv>
                        <Unicode>monde</Unicode>
                    </TextEquiv>
                    <TextStyle fontFamily="Times New Roman" fontSize="9.5"/>
                </Word>
                <Word id="w_w2aab1b1b2c19b1ac31" language="English" custom="readingOrder {index:3;}">
                    <Coords points="1264,3281 1754,3281 1754,3403 1264,3403"/>
                    <TextEquiv>
                        <Unicode>ébranlé</Unicode>
                    </TextEquiv>
                    <TextStyle fontFamily="Times New Roman" fontSize="9.5"/>
                </Word>
                <Word id="w_w2aab1b1b2c19b1ac47" language="English" custom="readingOrder {index:4;}">
                    <Coords points="1795,3328 2001,3328 2001,3453 1795,3453"/>
                    <TextEquiv>
                        <Unicode>par</Unicode>
                    </TextEquiv>
                    <TextStyle fontFamily="Times New Roman" fontSize="9.5"/>
                </Word>
                <Word id="w_w2aab1b1b2c19b1ac55" language="English" custom="readingOrder {index:5;}">
                    <Coords points="2040,3336 2169,3336 2169,3414 2040,3414"/>
                    <TextEquiv>
                        <Unicode>ce</Unicode>
                    </TextEquiv>
                    <TextStyle fontFamily="Times New Roman" fontSize="9.5"/>
                </Word>
                <Word id="w_w2aab1b1b2c19b1ac61" language="English" custom="readingOrder {index:6;}">
                    <Coords points="2217,3307 2741,3307 2741,3458 2217,3458"/>
                    <TextEquiv>
                        <Unicode>premier</Unicode>
                    </TextEquiv>
                    <TextStyle fontFamily="Times New Roman" fontSize="9.5"/>
                </Word>
                <Word id="w_w2aab1b1b2c19b1ac77" language="English" custom="readingOrder {index:7;}">
                    <Coords points="2790,3342 3193,3342 3193,3443 2790,3443"/>
                    <TextEquiv>
                        <Unicode>revers</Unicode>
                    </TextEquiv>
                    <TextStyle fontFamily="Times New Roman" fontSize="9.5"/>
                </Word>
                <TextEquiv>
                    <Unicode>Quand le monde ébranlé par ce premier revers</Unicode>
                </TextEquiv>
                <TextStyle fontFamily="Times New Roman" fontSize="9.5"/>
            </TextLine>
            <TextLine id="tl_18" primaryLanguage="English" custom="readingOrder {index:1;}">
                <Coords points="130,3425 3451,3425 3451,3647 130,3647"/>
                <Baseline points="131,3552 884,3561 1086,3562 1702,3566 2056,3576 2544,3586 2876,3592 3094,3607 3450,3647"/>
                <Word id="w_w2aab1b1b2c19b3ab1" language="English" custom="readingOrder {index:0;}">
                    <Coords points="131,3441 884,3441 884,3602 131,3602"/>
                    <TextEquiv>
                        <Unicode>Commença</Unicode>
                    </TextEquiv>
                    <TextStyle fontFamily="Times New Roman" fontSize="9.5"/>
                </Word>
                <Word id="w_w2aab1b1b2c19b3ac19" language="English" custom="readingOrder {index:1;}">
                    <Coords points="945,3446 1086,3446 1086,3562 945,3562"/>
                    <TextEquiv>
                        <Unicode>de</Unicode>
                    </TextEquiv>
                    <TextStyle fontFamily="Times New Roman" fontSize="9.5"/>
                </Word>
                <Word id="w_w2aab1b1b2c19b3ac25" language="English" custom="readingOrder {index:2;}">
                    <Coords points="1135,3446 1702,3446 1702,3568 1135,3568"/>
                    <TextEquiv>
                        <Unicode>trembler</Unicode>
                    </TextEquiv>
                    <TextStyle fontFamily="Times New Roman" fontSize="9.5"/>
                </Word>
                <Word id="w_w2aab1b1b2c19b3ac43" language="English" custom="readingOrder {index:3;}">
                    <Coords points="1755,3500 2056,3500 2056,3577 1755,3577"/>
                    <TextEquiv>
                        <Unicode>nous</Unicode>
                    </TextEquiv>
                    <TextStyle fontFamily="Times New Roman" fontSize="9.5"/>
                </Word>
                <Word id="w_w2aab1b1b2c19b3ac53" language="English" custom="readingOrder {index:4;}">
                    <Coords points="2097,3500 2544,3500 2544,3629 2097,3629"/>
                    <TextEquiv>
                        <Unicode>voyant</Unicode>
                    </TextEquiv>
                    <TextStyle fontFamily="Times New Roman" fontSize="9.5"/>
                </Word>
                <Word id="w_w2aab1b1b2c19b3ac67" language="English" custom="readingOrder {index:5;}">
                    <Coords points="2581,3471 2876,3471 2876,3593 2581,3593"/>
                    <TextEquiv>
                        <Unicode>dans</Unicode>
                    </TextEquiv>
                    <TextStyle fontFamily="Times New Roman" fontSize="9.5"/>
                </Word>
                <Word id="w_w2aab1b1b2c19b3ac77" language="English" custom="readingOrder {index:6;}">
                    <Coords points="2933,3487 3094,3487 3094,3607 2933,3607"/>
                    <TextEquiv>
                        <Unicode>les</Unicode>
                    </TextEquiv>
                    <TextStyle fontFamily="Times New Roman" fontSize="9.5"/>
                </Word>
                <Word id="w_w2aab1b1b2c19b3ac85" language="English" custom="readingOrder {index:7;}">
                    <Coords points="3147,3480 3450,3480 3450,3647 3147,3647"/>
                    <TextEquiv>
                        <Unicode>fersf</Unicode>
                    </TextEquiv>
                    <TextStyle fontFamily="Times New Roman" fontSize="9.5"/>
                </Word>
                <TextEquiv>
                    <Unicode>Commença de trembler nous voyant dans les fers;</Unicode>
                </TextEquiv>
                <TextStyle fontFamily="Times New Roman" fontSize="9.5"/>
            </TextLine>
            <TextLine id="tl_19" primaryLanguage="English" custom="readingOrder {index:2;}">
                <Coords points="121,3585 3462,3585 3462,3827 121,3827"/>
                <Baseline points="122,3751 402,3715 764,3725 898,3731 1446,3770 1897,3742 2631,3756 2879,3762 3029,3766 3461,3785"/>
                <Word id="w_w2aab1b1b2c19b5ab1" language="English" custom="readingOrder {index:0;}">
                    <Coords points="122,3599 402,3599 402,3751 122,3751"/>
                    <TextEquiv>
                        <Unicode>Que</Unicode>
                    </TextEquiv>
                    <TextStyle fontFamily="Times New Roman" fontSize="9.5"/>
                </Word>
                <Word id="w_w2aab1b1b2c19b5ab9" language="English" custom="readingOrder {index:1;}">
                    <Coords points="460,3604 764,3604 764,3726 460,3726"/>
                    <TextEquiv>
                        <Unicode>dans</Unicode>
                    </TextEquiv>
                    <TextStyle fontFamily="Times New Roman" fontSize="9.5"/>
                </Word>
                <Word id="w_w2aab1b1b2c19b5ac19" language="English" custom="readingOrder {index:2;}">
                    <Coords points="792,3616 898,3616 898,3731 792,3731"/>
                    <TextEquiv>
                        <Unicode>le</Unicode>
                    </TextEquiv>
                    <TextStyle fontFamily="Times New Roman" fontSize="9.5"/>
                </Word>
                <Word id="w_w2aab1b1b2c19b5ac25" language="English" custom="readingOrder {index:3;}">
                    <Coords points="966,3610 1446,3610 1446,3770 966,3770"/>
                    <TextEquiv>
                        <Unicode>Champ</Unicode>
                    </TextEquiv>
                    <TextStyle fontFamily="Times New Roman" fontSize="9.5"/>
                </Word>
                <Word id="w_w2aab1b1b2c19b5ac37" language="English" custom="readingOrder {index:4;}">
                    <Coords points="1482,3611 1897,3611 1897,3742 1482,3742"/>
                    <TextEquiv>
                        <Unicode>d’Iflùs</Unicode>
                    </TextEquiv>
                    <TextStyle fontFamily="Times New Roman" fontSize="9.5"/>
                </Word>
                <Word id="w_w2aab1b1b2c19b5ac53" language="English" custom="readingOrder {index:5;}">
                    <Coords points="1960,3630 2631,3630 2631,3756 1960,3756"/>
                    <TextEquiv>
                        <Unicode>Alexandre</Unicode>
                    </TextEquiv>
                    <TextStyle fontFamily="Times New Roman" fontSize="9.5"/>
                </Word>
                <Word id="w_w2aab1b1b2c19b5ac73" language="English" custom="readingOrder {index:6;}">
                    <Coords points="2684,3681 2879,3681 2879,3762 2684,3762"/>
                    <TextEquiv>
                        <Unicode>eut</Unicode>
                    </TextEquiv>
                    <TextStyle fontFamily="Times New Roman" fontSize="9.5"/>
                </Word>
                <Word id="w_w2aab1b1b2c19b5ac81" language="English" custom="readingOrder {index:7;}">
                    <Coords points="2914,3656 3029,3656 3029,3766 2914,3766"/>
                    <TextEquiv>
                        <Unicode>la</Unicode>
                    </TextEquiv>
                    <TextStyle fontFamily="Times New Roman" fontSize="9.5"/>
                </Word>
                <Word id="w_w2aab1b1b2c19b5ac87" language="English" custom="readingOrder {index:8;}">
                    <Coords points="3071,3660 3461,3660 3461,3822 3071,3822"/>
                    <TextEquiv>
                        <Unicode>gloire</Unicode>
                    </TextEquiv>
                    <TextStyle fontFamily="Times New Roman" fontSize="9.5"/>
                </Word>
                <TextEquiv>
                    <Unicode>Que dans le Champ d’Iſſus Aléxandre eut la gloire</Unicode>
                </TextEquiv>
                <TextStyle fontFamily="Times New Roman" fontSize="9.5"/>
            </TextLine>
            <TextLine id="tl_20" primaryLanguage="English" custom="readingOrder {index:3;}">
                <Coords points="121,3755 2941,3755 2941,3965 121,3965"/>
                <Baseline points="122,3887 243,3887 819,3890 1017,3895 1287,3896 1559,3900 1713,3901 2349,3915 2940,3955"/>
                <Word id="w_w2aab1b1b2c19b7ab1" language="English" custom="readingOrder {index:0;}">
                    <Coords points="122,3775 243,3775 243,3887 122,3887"/>
                    <TextEquiv>
                        <Unicode>D</Unicode>
                    </TextEquiv>
                    <TextStyle fontFamily="Times New Roman" fontSize="9.5"/>
                </Word>
                <Word id="w_w2aab1b1b2c19b7ab5" language="English" custom="readingOrder {index:1;}">
                    <Coords points="296,3770 819,3770 819,3891 296,3891"/>
                    <TextEquiv>
                        <Unicode>honorer</Unicode>
                    </TextEquiv>
                    <TextStyle fontFamily="Times New Roman" fontSize="9.5"/>
                </Word>
                <Word id="w_w2aab1b1b2c19b7ac21" language="English" custom="readingOrder {index:2;}">
                    <Coords points="872,3775 1017,3775 1017,3895 872,3895"/>
                    <TextEquiv>
                        <Unicode>de</Unicode>
                    </TextEquiv>
                    <TextStyle fontFamily="Times New Roman" fontSize="9.5"/>
                </Word>
                <Word id="w_w2aab1b1b2c19b7ac27" language="English" custom="readingOrder {index:3;}">
                    <Coords points="1064,3814 1287,3814 1287,3896 1064,3896"/>
                    <TextEquiv>
                        <Unicode>nos</Unicode>
                    </TextEquiv>
                    <TextStyle fontFamily="Times New Roman" fontSize="9.5"/>
                </Word>
                <Word id="w_w2aab1b1b2c19b7ac35" language="English" custom="readingOrder {index:4;}">
                    <Coords points="1334,3774 1559,3774 1559,3900 1334,3900"/>
                    <TextEquiv>
                        <Unicode>fers</Unicode>
                    </TextEquiv>
                    <TextStyle fontFamily="Times New Roman" fontSize="9.5"/>
                </Word>
                <Word id="w_w2aab1b1b2c19b7ac45" language="English" custom="readingOrder {index:5;}">
                    <Coords points="1612,3779 1713,3779 1713,3901 1612,3901"/>
                    <TextEquiv>
                        <Unicode>fa</Unicode>
                    </TextEquiv>
                    <TextStyle fontFamily="Times New Roman" fontSize="9.5"/>
                </Word>
                <Word id="w_w2aab1b1b2c19b7ac51" language="English" custom="readingOrder {index:6;}">
                    <Coords points="1761,3799 2349,3799 2349,3946 1761,3946"/>
                    <TextEquiv>
                        <Unicode>première</Unicode>
                    </TextEquiv>
                    <TextStyle fontFamily="Times New Roman" fontSize="9.5"/>
                </Word>
                <Word id="w_w2aab1b1b2c19b7ac69" language="English" custom="readingOrder {index:7;}">
                    <Coords points="2395,3805 2940,3805 2940,3955 2395,3955"/>
                    <TextEquiv>
                        <Unicode>victoire,</Unicode>
                    </TextEquiv>
                    <TextStyle fontFamily="Times New Roman" fontSize="9.5"/>
                </Word>
                <TextEquiv>
                    <Unicode>D'honorer de nos fers ſa premiere victoire,</Unicode>
                </TextEquiv>
                <TextStyle fontFamily="Times New Roman" fontSize="9.5"/>
            </TextLine>
            <TextEquiv>
                <Unicode>Quand le monde ébranlé par ce premier revers
Commença de trembler nous voyant dans les fers;
Que dans le Champ d’Iſſus Aléxandre eut la gloire
D'honorer de nos fers ſa premiere victoire,</Unicode>
            </TextEquiv>
        </TextRegion>
        <TextRegion type="paragraph" id="r_1_11" custom="readingOrder {index:10;}">
            <Coords points="124,3928 3330,3928 3330,4315 124,4315"/>
            <TextLine id="tl_21" primaryLanguage="English" custom="readingOrder {index:0;}">
                <Coords points="130,3929 3329,3929 3329,4147 130,4147"/>
                <Baseline points="131,4061 480,4049 1232,4059 1416,4064 1848,4075 2000,4073 2414,4084 2672,4088 3327,4147"/>
                <Word id="w_w2aab1b1b2c21b1ab1" language="English" custom="readingOrder {index:0;}">
                    <Coords points="131,3933 480,3933 480,4061 131,4061"/>
                    <TextEquiv>
                        <Unicode>Nous</Unicode>
                    </TextEquiv>
                    <TextStyle fontFamily="Times New Roman" fontSize="9.5"/>
                </Word>
                <Word id="w_w2aab1b1b2c21b1ac11" language="English" custom="readingOrder {index:1;}">
                    <Coords points="539,3943 1232,3943 1232,4064 539,4064"/>
                    <TextEquiv>
                        <Unicode>attendions</Unicode>
                    </TextEquiv>
                    <TextStyle fontFamily="Times New Roman" fontSize="9.5"/>
                </Word>
                <Word id="w_w2aab1b1b2c21b1ac33" language="English" custom="readingOrder {index:2;}">
                    <Coords points="1273,3984 1416,3984 1416,4064 1273,4064"/>
                    <TextEquiv>
                        <Unicode>en</Unicode>
                    </TextEquiv>
                    <TextStyle fontFamily="Times New Roman" fontSize="9.5"/>
                </Word>
                <Word id="w_w2aab1b1b2c21b1ac39" language="English" custom="readingOrder {index:3;}">
                    <Coords points="1464,3954 1848,3954 1848,4106 1464,4106"/>
                    <TextEquiv>
                        <Unicode>pleurs</Unicode>
                    </TextEquiv>
                    <TextStyle fontFamily="Times New Roman" fontSize="9.5"/>
                </Word>
                <Word id="w_w2aab1b1b2c21b1ac53" language="English" custom="readingOrder {index:4;}">
                    <Coords points="1895,3964 2000,3964 2000,4078 1895,4078"/>
                    <TextEquiv>
                        <Unicode>le</Unicode>
                    </TextEquiv>
                    <TextStyle fontFamily="Times New Roman" fontSize="9.5"/>
                </Word>
                <Word id="w_w2aab1b1b2c21b1ac59" language="English" custom="readingOrder {index:5;}">
                    <Coords points="2035,3962 2414,3962 2414,4085 2035,4085"/>
                    <TextEquiv>
                        <Unicode>deftin</Unicode>
                    </TextEquiv>
                    <TextStyle fontFamily="Times New Roman" fontSize="9.5"/>
                </Word>
                <Word id="w_w2aab1b1b2c21b1ac73" language="English" custom="readingOrder {index:6;}">
                    <Coords points="2471,3967 2672,3967 2672,4089 2471,4089"/>
                    <TextEquiv>
                        <Unicode>des</Unicode>
                    </TextEquiv>
                    <TextStyle fontFamily="Times New Roman" fontSize="9.5"/>
                </Word>
                <Word id="w_w2aab1b1b2c21b1ac81" language="English" custom="readingOrder {index:7;}">
                    <Coords points="2743,3983 3327,3983 3327,4147 2743,4147"/>
                    <TextEquiv>
                        <Unicode>Vaincu?,</Unicode>
                    </TextEquiv>
                    <TextStyle fontFamily="Times New Roman" fontSize="9.5"/>
                </Word>
                <TextEquiv>
                    <Unicode>Nous attendions en pleurs le deſtin des Vaincus,</Unicode>
                </TextEquiv>
                <TextStyle fontFamily="Times New Roman" fontSize="9.5"/>
            </TextLine>
            <TextLine id="tl_22" primaryLanguage="English" custom="readingOrder {index:1;}">
                <Coords points="125,4101 3036,4101 3036,4314 125,4314"/>
                <Baseline points="126,4228 417,4218 829,4222 1191,4228 1793,4238 1937,4238 2319,4253 2503,4258 3035,4278"/>
                <Word id="w_w2aab1b1b2c21b3ab1" language="English" custom="readingOrder {index:0;}">
                    <Coords points="126,4113 417,4113 417,4228 126,4228"/>
                    <TextEquiv>
                        <Unicode>Lors</Unicode>
                    </TextEquiv>
                    <TextStyle fontFamily="Times New Roman" fontSize="9.5"/>
                </Word>
                <Word id="w_w2aab1b1b2c21b3ac11" language="English" custom="readingOrder {index:1;}">
                    <Coords points="457,4117 829,4117 829,4273 457,4273"/>
                    <TextEquiv>
                        <Unicode>qu'on</Unicode>
                    </TextEquiv>
                    <TextStyle fontFamily="Times New Roman" fontSize="9.5"/>
                </Word>
                <Word id="w_w2aab1b1b2c21b3ac23" language="English" custom="readingOrder {index:2;}">
                    <Coords points="890,4146 1191,4146 1191,4228 890,4228"/>
                    <TextEquiv>
                        <Unicode>nous</Unicode>
                    </TextEquiv>
                    <TextStyle fontFamily="Times New Roman" fontSize="9.5"/>
                </Word>
                <Word id="w_w2aab1b1b2c21b3ac33" language="English" custom="readingOrder {index:3;}">
                    <Coords points="1234,4155 1793,4155 1793,4287 1234,4287"/>
                    <TextEquiv>
                        <Unicode>annonça</Unicode>
                    </TextEquiv>
                    <TextStyle fontFamily="Times New Roman" fontSize="9.5"/>
                </Word>
                <Word id="w_w2aab1b1b2c21b3ac49" language="English" custom="readingOrder {index:4;}">
                    <Coords points="1834,4133 1937,4133 1937,4238 1834,4238"/>
                    <TextEquiv>
                        <Unicode>la</Unicode>
                    </TextEquiv>
                    <TextStyle fontFamily="Times New Roman" fontSize="9.5"/>
                </Word>
                <Word id="w_w2aab1b1b2c21b3ac55" language="English" custom="readingOrder {index:5;}">
                    <Coords points="1988,4169 2319,4169 2319,4254 1988,4254"/>
                    <TextEquiv>
                        <Unicode>mort</Unicode>
                    </TextEquiv>
                    <TextStyle fontFamily="Times New Roman" fontSize="9.5"/>
                </Word>
                <Word id="w_w2aab1b1b2c21b3ac65" language="English" custom="readingOrder {index:6;}">
                    <Coords points="2358,4137 2503,4137 2503,4258 2358,4258"/>
                    <TextEquiv>
                        <Unicode>de</Unicode>
                    </TextEquiv>
                    <TextStyle fontFamily="Times New Roman" fontSize="9.5"/>
                </Word>
                <Word id="w_w2aab1b1b2c21b3ac71" language="English" custom="readingOrder {index:7;}">
                    <Coords points="2554,4147 3035,4147 3035,4278 2554,4278"/>
                    <TextEquiv>
                        <Unicode>Darius:</Unicode>
                    </TextEquiv>
                    <TextStyle fontFamily="Times New Roman" fontSize="9.5"/>
                </Word>
                <TextEquiv>
                    <Unicode>Lors qu'on nous annonça la mort de Darius:</Unicode>
                </TextEquiv>
                <TextStyle fontFamily="Times New Roman" fontSize="9.5"/>
            </TextLine>
            <TextEquiv>
                <Unicode>Nous attendions en pleurs le deſtin des Vaincus,
Lors qu'on nous annonça la mort de Darius:</Unicode>
            </TextEquiv>
        </TextRegion>
        <TextRegion type="paragraph" id="r_1_12" custom="readingOrder {index:11;}">
            <Coords points="130,4262 3256,4262 3256,4477 130,4477"/>
            <TextLine id="tl_23" primaryLanguage="English" custom="readingOrder {index:0;}">
                <Coords points="131,4263 3255,4263 3255,4476 131,4476"/>
                <Baseline points="131,4393 323,4388 641,4391 909,4402 1682,4406 1947,4413 2438,4423 3253,4476"/>
                <Word id="w_w2aab1b1b2c23b1ab1" language="English" custom="readingOrder {index:0;}">
                    <Coords points="131,4281 323,4281 323,4393 131,4393"/>
                    <TextEquiv>
                        <Unicode>De</Unicode>
                    </TextEquiv>
                    <TextStyle fontFamily="Times New Roman" fontSize="9.5"/>
                </Word>
                <Word id="w_w2aab1b1b2c23b1ab7" language="English" custom="readingOrder {index:1;}">
                    <Coords points="365,4309 641,4309 641,4391 365,4391"/>
                    <TextEquiv>
                        <Unicode>cent</Unicode>
                    </TextEquiv>
                    <TextStyle fontFamily="Times New Roman" fontSize="9.5"/>
                </Word>
                <Word id="w_w2aab1b1b2c23b1ac17" language="English" custom="readingOrder {index:2;}">
                    <Coords points="673,4276 909,4276 909,4402 673,4402"/>
                    <TextEquiv>
                        <Unicode>cris</Unicode>
                    </TextEquiv>
                    <TextStyle fontFamily="Times New Roman" fontSize="9.5"/>
                </Word>
                <Word id="w_w2aab1b1b2c23b1ac27" language="English" custom="readingOrder {index:3;}">
                    <Coords points="945,4276 1682,4276 1682,4406 945,4406"/>
                    <TextEquiv>
                        <Unicode>douloureux</Unicode>
                    </TextEquiv>
                    <TextStyle fontFamily="Times New Roman" fontSize="9.5"/>
                </Word>
                <Word id="w_w2aab1b1b2c23b1ac49" language="English" custom="readingOrder {index:4;}">
                    <Coords points="1725,4330 1947,4330 1947,4413 1725,4413"/>
                    <TextEquiv>
                        <Unicode>nos</Unicode>
                    </TextEquiv>
                    <TextStyle fontFamily="Times New Roman" fontSize="9.5"/>
                </Word>
                <Word id="w_w2aab1b1b2c23b1ac57" language="English" custom="readingOrder {index:5;}">
                    <Coords points="1989,4311 2438,4311 2438,4423 1989,4423"/>
                    <TextEquiv>
                        <Unicode>Tentes</Unicode>
                    </TextEquiv>
                    <TextStyle fontFamily="Times New Roman" fontSize="9.5"/>
                </Word>
                <Word id="w_w2aab1b1b2c23b1ac71" language="English" custom="readingOrder {index:6;}">
                    <Coords points="2481,4316 3253,4316 3253,4476 2481,4476"/>
                    <TextEquiv>
                        <Unicode>retentirent,</Unicode>
                    </TextEquiv>
                    <TextStyle fontFamily="Times New Roman" fontSize="9.5"/>
                </Word>
                <TextEquiv>
                    <Unicode>De cent cris douloureux nos Tentes retentirent,</Unicode>
                </TextEquiv>
                <TextStyle fontFamily="Times New Roman" fontSize="9.5"/>
            </TextLine>
            <TextEquiv>
                <Unicode>De cent cris douloureux nos Tentes retentirent,</Unicode>
            </TextEquiv>
        </TextRegion>
        <TextRegion type="paragraph" id="r_1_13" custom="readingOrder {index:12;}">
            <Coords points="125,4434 3573,4434 3573,4813 125,4813"/>
            <TextLine id="tl_24" primaryLanguage="English" custom="readingOrder {index:0;}">
                <Coords points="126,4435 3572,4435 3572,4669 126,4669"/>
                <Baseline points="127,4562 338,4556 1108,4561 1927,4610 2324,4591 2668,4610 2850,4599 3572,4669"/>
                <Word id="w_w2aab1b1b2c25b1ab1" language="English" custom="readingOrder {index:0;}">
                    <Coords points="127,4445 338,4445 338,4562 127,4562"/>
                    <TextEquiv>
                        <Unicode>Les</Unicode>
                    </TextEquiv>
                    <TextStyle fontFamily="Times New Roman" fontSize="9.5"/>
                </Word>
                <Word id="w_w2aab1b1b2c25b1ab9" language="English" custom="readingOrder {index:1;}">
                    <Coords points="359,4444 1108,4444 1108,4596 359,4596"/>
                    <TextEquiv>
                        <Unicode>Vaincus,les</Unicode>
                    </TextEquiv>
                    <TextStyle fontFamily="Times New Roman" fontSize="9.5"/>
                </Word>
                <Word id="w_w2aab1b1b2c25b1ac33" language="English" custom="readingOrder {index:2;}">
                    <Coords points="1125,4453 1927,4453 1927,4620 1125,4620"/>
                    <TextEquiv>
                        <Unicode>Vainqueurs,</Unicode>
                    </TextEquiv>
                    <TextStyle fontFamily="Times New Roman" fontSize="9.5"/>
                </Word>
                <Word id="w_w2aab1b1b2c25b1ac57" language="English" custom="readingOrder {index:3;}">
                    <Coords points="1969,4509 2324,4509 2324,4592 1969,4592"/>
                    <TextEquiv>
                        <Unicode>corne</Unicode>
                    </TextEquiv>
                    <TextStyle fontFamily="Times New Roman" fontSize="9.5"/>
                </Word>
                <Word id="w_w2aab1b1b2c25b1ac69" language="English" custom="readingOrder {index:4;}">
                    <Coords points="2360,4515 2668,4515 2668,4610 2360,4610"/>
                    <TextEquiv>
                        <Unicode>nous</Unicode>
                    </TextEquiv>
                    <TextStyle fontFamily="Times New Roman" fontSize="9.5"/>
                </Word>
                <Word id="w_w2aab1b1b2c25b1ac79" language="English" custom="readingOrder {index:5;}">
                    <Coords points="2704,4519 2850,4519 2850,4600 2704,4600"/>
                    <TextEquiv>
                        <Unicode>en</Unicode>
                    </TextEquiv>
                    <TextStyle fontFamily="Times New Roman" fontSize="9.5"/>
                </Word>
                <Word id="w_w2aab1b1b2c25b1ac85" language="English" custom="readingOrder {index:6;}">
                    <Coords points="2891,4484 3572,4484 3572,4669 2891,4669"/>
                    <TextEquiv>
                        <Unicode>gémirencj</Unicode>
                    </TextEquiv>
                    <TextStyle fontFamily="Times New Roman" fontSize="9.5"/>
                </Word>
                <TextEquiv>
                    <Unicode>Les Vaincus, les Vainqueurs, cõme nous en gémirent,</Unicode>
                </TextEquiv>
                <TextStyle fontFamily="Times New Roman" fontSize="9.5"/>
            </TextLine>
            <TextLine id="tl_25" primaryLanguage="English" custom="readingOrder {index:1;}">
                <Coords points="135,4601 2624,4601 2624,4812 135,4812"/>
                <Baseline points="136,4731 347,4720 753,4725 1464,4765 1793,4744 2622,4800"/>
                <Word id="w_w2aab1b1b2c25b3ab1" language="English" custom="readingOrder {index:0;}">
                    <Coords points="136,4619 347,4619 347,4731 136,4731"/>
                    <TextEquiv>
                        <Unicode>Ma</Unicode>
                    </TextEquiv>
                    <TextStyle fontFamily="Times New Roman" fontSize="9.5"/>
                </Word>
                <Word id="w_w2aab1b1b2c25b3ab7" language="English" custom="readingOrder {index:1;}">
                    <Coords points="420,4618 753,4618 753,4730 420,4730"/>
                    <TextEquiv>
                        <Unicode>Mere</Unicode>
                    </TextEquiv>
                    <TextStyle fontFamily="Times New Roman" fontSize="9.5"/>
                </Word>
                <Word id="w_w2aab1b1b2c25b3ac17" language="English" custom="readingOrder {index:2;}">
                    <Coords points="806,4612 1464,4612 1464,4779 806,4779"/>
                    <TextEquiv>
                        <Unicode>évanotiye,</Unicode>
                    </TextEquiv>
                    <TextStyle fontFamily="Times New Roman" fontSize="9.5"/>
                </Word>
                <Word id="w_w2aab1b1b2c25b3ac39" language="English" custom="readingOrder {index:3;}">
                    <Coords points="1508,4663 1793,4663 1793,4746 1508,4746"/>
                    <TextEquiv>
                        <Unicode>avec</Unicode>
                    </TextEquiv>
                    <TextStyle fontFamily="Times New Roman" fontSize="9.5"/>
                </Word>
                <Word id="w_w2aab1b1b2c25b3ac49" language="English" custom="readingOrder {index:4;}">
                    <Coords points="1840,4632 2622,4632 2622,4804 1840,4804"/>
                    <TextEquiv>
                        <Unicode>Syfigambis,</Unicode>
                    </TextEquiv>
                    <TextStyle fontFamily="Times New Roman" fontSize="9.5"/>
                </Word>
                <TextEquiv>
                    <Unicode>Ma Mere évanoüye, avec Syſigambis,</Unicode>
                </TextEquiv>
                <TextStyle fontFamily="Times New Roman" fontSize="9.5"/>
            </TextLine>
            <TextEquiv>
                <Unicode>Les Vaincus, les Vainqueurs, cõme nous en gémirent,
Ma Mere évanoüye, avec Syſigambis,</Unicode>
            </TextEquiv>
        </TextRegion>
        <TextRegion type="paragraph" id="r_1_14" custom="readingOrder {index:13;}">
            <Coords points="119,4762 3514,4762 3514,5987 119,5987"/>
            <TextLine id="tl_26" primaryLanguage="English" custom="readingOrder {index:0;}">
                <Coords points="134,4763 3187,4767 3187,4994 134,4990"/>
                <Baseline points="135,4899 482,4893 908,4896 1578,4903 1852,4913 2428,4928 2582,4933 2860,4944 3183,4973"/>
                <Word id="w_w2aab1b1b2c27b1ab1" language="English" custom="readingOrder {index:0;}">
                    <Coords points="135,4781 482,4781 482,4899 135,4899"/>
                    <TextEquiv>
                        <Unicode>Nous</Unicode>
                    </TextEquiv>
                    <TextStyle fontFamily="Times New Roman" fontSize="9.5"/>
                </Word>
                <Word id="w_w2aab1b1b2c27b1ac11" language="English" custom="readingOrder {index:1;}">
                    <Coords points="519,4771 908,4771 908,4898 519,4898"/>
                    <TextEquiv>
                        <Unicode>failbit</Unicode>
                    </TextEquiv>
                    <TextStyle fontFamily="Times New Roman" fontSize="9.5"/>
                </Word>
                <Word id="w_w2aab1b1b2c27b1ac27" language="English" custom="readingOrder {index:2;}">
                    <Coords points="951,4780 1578,4780 1578,4908 951,4908"/>
                    <TextEquiv>
                        <Unicode>redoubler</Unicode>
                    </TextEquiv>
                    <TextStyle fontFamily="Times New Roman" fontSize="9.5"/>
                </Word>
                <Word id="w_w2aab1b1b2c27b1ac47" language="English" custom="readingOrder {index:3;}">
                    <Coords points="1631,4833 1852,4833 1852,4913 1631,4913"/>
                    <TextEquiv>
                        <Unicode>nos</Unicode>
                    </TextEquiv>
                    <TextStyle fontFamily="Times New Roman" fontSize="9.5"/>
                </Word>
                <Word id="w_w2aab1b1b2c27b1ac55" language="English" custom="readingOrder {index:4;}">
                    <Coords points="1909,4796 2428,4796 2428,4973 1909,4973"/>
                    <TextEquiv>
                        <Unicode>fanglocs</Unicode>
                    </TextEquiv>
                    <TextStyle fontFamily="Times New Roman" fontSize="9.5"/>
                </Word>
                <Word id="w_w2aab1b1b2c27b1ac73" language="English" custom="readingOrder {index:5;}">
                    <Coords points="2471,4831 2582,4831 2582,4933 2471,4933"/>
                    <TextEquiv>
                        <Unicode>&amp;</Unicode>
                    </TextEquiv>
                    <TextStyle fontFamily="Times New Roman" fontSize="9.5"/>
                </Word>
                <Word id="w_w2aab1b1b2c27b1ac77" language="English" custom="readingOrder {index:6;}">
                    <Coords points="2639,4857 2860,4857 2860,4944 2639,4944"/>
                    <TextEquiv>
                        <Unicode>nos</Unicode>
                    </TextEquiv>
                    <TextStyle fontFamily="Times New Roman" fontSize="9.5"/>
                </Word>
                <Word id="w_w2aab1b1b2c27b1ac85" language="English" custom="readingOrder {index:7;}">
                    <Coords points="2899,4827 3183,4827 3183,4973 2899,4973"/>
                    <TextEquiv>
                        <Unicode>cris,</Unicode>
                    </TextEquiv>
                    <TextStyle fontFamily="Times New Roman" fontSize="9.5"/>
                </Word>
                <TextEquiv>
                    <Unicode>Nous faiſoit redoubler nos ſanglots &amp; nos cris,</Unicode>
                </TextEquiv>
                <TextStyle fontFamily="Times New Roman" fontSize="9.5"/>
            </TextLine>
            <TextLine id="tl_27" primaryLanguage="English" custom="readingOrder {index:1;}">
                <Coords points="136,4931 3502,4931 3502,5166 136,5166"/>
                <Baseline points="136,5069 482,5057 1084,5071 1444,5072 1818,5077 2151,5092 2817,5113 3501,5166"/>
                <Word id="w_w2aab1b1b2c27b3ab1" language="English" custom="readingOrder {index:0;}">
                    <Coords points="136,4949 482,4949 482,5069 136,5069"/>
                    <TextEquiv>
                        <Unicode>Nous</Unicode>
                    </TextEquiv>
                    <TextStyle fontFamily="Times New Roman" fontSize="9.5"/>
                </Word>
                <Word id="w_w2aab1b1b2c27b3ac11" language="English" custom="readingOrder {index:1;}">
                    <Coords points="538,4941 1084,4941 1084,5071 538,5071"/>
                    <TextEquiv>
                        <Unicode>eftionsà</Unicode>
                    </TextEquiv>
                    <TextStyle fontFamily="Times New Roman" fontSize="9.5"/>
                </Word>
                <Word id="w_w2aab1b1b2c27b3ac29" language="English" custom="readingOrder {index:2;}">
                    <Coords points="1142,4956 1444,4956 1444,5072 1142,5072"/>
                    <TextEquiv>
                        <Unicode>leurs</Unicode>
                    </TextEquiv>
                    <TextStyle fontFamily="Times New Roman" fontSize="9.5"/>
                </Word>
                <Word id="w_w2aab1b1b2c27b3ac41" language="English" custom="readingOrder {index:3;}">
                    <Coords points="1496,4957 1818,4957 1818,5118 1496,5118"/>
                    <TextEquiv>
                        <Unicode>pieds</Unicode>
                    </TextEquiv>
                    <TextStyle fontFamily="Times New Roman" fontSize="9.5"/>
                </Word>
                <Word id="w_w2aab1b1b2c27b3ac53" language="English" custom="readingOrder {index:4;}">
                    <Coords points="1856,4965 2151,4965 2151,5092 1856,5092"/>
                    <TextEquiv>
                        <Unicode>dans</Unicode>
                    </TextEquiv>
                    <TextStyle fontFamily="Times New Roman" fontSize="9.5"/>
                </Word>
                <Word id="w_w2aab1b1b2c27b3ac63" language="English" custom="readingOrder {index:5;}">
                    <Coords points="2202,4981 2817,4981 2817,5113 2202,5113"/>
                    <TextEquiv>
                        <Unicode>cestriftcs</Unicode>
                    </TextEquiv>
                    <TextStyle fontFamily="Times New Roman" fontSize="9.5"/>
                </Word>
                <Word id="w_w2aab1b1b2c27b3ac85" language="English" custom="readingOrder {index:6;}">
                    <Coords points="2874,5001 3501,5001 3501,5166 2874,5166"/>
                    <TextEquiv>
                        <Unicode>allarmeSÿ</Unicode>
                    </TextEquiv>
                    <TextStyle fontFamily="Times New Roman" fontSize="9.5"/>
                </Word>
                <TextEquiv>
                    <Unicode>Nous eſtions à leurs pieds dans ces triſtes allarmes,</Unicode>
                </TextEquiv>
                <TextStyle fontFamily="Times New Roman" fontSize="9.5"/>
            </TextLine>
            <TextLine id="tl_28" primaryLanguage="English" custom="readingOrder {index:2;}">
                <Coords points="133,5103 3429,5103 3429,5337 133,5337"/>
                <Baseline points="134,5226 277,5221 619,5227 819,5236 1365,5241 1709,5247 2325,5265 2597,5271 2870,5282 3428,5307"/>
                <Word id="w_w2aab1b1b2c27b5ab1" language="English" custom="readingOrder {index:0;}">
                    <Coords points="134,5115 277,5115 277,5226 134,5226"/>
                    <TextEquiv>
                        <Unicode>Et</Unicode>
                    </TextEquiv>
                    <TextStyle fontFamily="Times New Roman" fontSize="9.5"/>
                </Word>
                <Word id="w_w2aab1b1b2c27b5ab7" language="English" custom="readingOrder {index:1;}">
                    <Coords points="319,5149 619,5149 619,5265 319,5265"/>
                    <TextEquiv>
                        <Unicode>pour</Unicode>
                    </TextEquiv>
                    <TextStyle fontFamily="Times New Roman" fontSize="9.5"/>
                </Word>
                <Word id="w_w2aab1b1b2c27b5ac17" language="English" custom="readingOrder {index:2;}">
                    <Coords points="658,5120 819,5120 819,5236 658,5236"/>
                    <TextEquiv>
                        <Unicode>les</Unicode>
                    </TextEquiv>
                    <TextStyle fontFamily="Times New Roman" fontSize="9.5"/>
                </Word>
                <Word id="w_w2aab1b1b2c27b5ac25" language="English" custom="readingOrder {index:3;}">
                    <Coords points="856,5115 1365,5115 1365,5241 856,5241"/>
                    <TextEquiv>
                        <Unicode>fecourir</Unicode>
                    </TextEquiv>
                    <TextStyle fontFamily="Times New Roman" fontSize="9.5"/>
                </Word>
                <Word id="w_w2aab1b1b2c27b5ac43" language="English" custom="readingOrder {index:4;}">
                    <Coords points="1410,5160 1709,5160 1709,5247 1410,5247"/>
                    <TextEquiv>
                        <Unicode>nous</Unicode>
                    </TextEquiv>
                    <TextStyle fontFamily="Times New Roman" fontSize="9.5"/>
                </Word>
                <Word id="w_w2aab1b1b2c27b5ac53" language="English" custom="readingOrder {index:5;}">
                    <Coords points="1772,5141 2325,5141 2325,5265 1772,5265"/>
                    <TextEquiv>
                        <Unicode>n’avions</Unicode>
                    </TextEquiv>
                    <TextStyle fontFamily="Times New Roman" fontSize="9.5"/>
                </Word>
                <Word id="w_w2aab1b1b2c27b5ac71" language="English" custom="readingOrder {index:6;}">
                    <Coords points="2367,5191 2597,5191 2597,5321 2367,5321"/>
                    <TextEquiv>
                        <Unicode>que</Unicode>
                    </TextEquiv>
                    <TextStyle fontFamily="Times New Roman" fontSize="9.5"/>
                </Word>
                <Word id="w_w2aab1b1b2c27b5ac79" language="English" custom="readingOrder {index:7;}">
                    <Coords points="2645,5198 2870,5198 2870,5282 2645,5282"/>
                    <TextEquiv>
                        <Unicode>nos</Unicode>
                    </TextEquiv>
                    <TextStyle fontFamily="Times New Roman" fontSize="9.5"/>
                </Word>
                <Word id="w_w2aab1b1b2c27b5ac87" language="English" custom="readingOrder {index:8;}">
                    <Coords points="2923,5165 3428,5165 3428,5307 2923,5307"/>
                    <TextEquiv>
                        <Unicode>larmes.</Unicode>
                    </TextEquiv>
                    <TextStyle fontFamily="Times New Roman" fontSize="9.5"/>
                </Word>
                <TextEquiv>
                    <Unicode>Et pour les ſecourir nous n’avions que nos larmes.</Unicode>
                </TextEquiv>
                <TextStyle fontFamily="Times New Roman" fontSize="9.5"/>
            </TextLine>
            <TextLine id="tl_29" primaryLanguage="English" custom="readingOrder {index:3;}">
                <Coords points="122,5271 2801,5271 2801,5489 122,5489"/>
                <Baseline points="123,5397 798,5400 1281,5410 1554,5414 1802,5420 2012,5424 2340,5435 2800,5449"/>
                <Word id="w_w2aab1b1b2c27b7ab1" language="English" custom="readingOrder {index:0;}">
                    <Coords points="123,5279 798,5279 798,5401 123,5401"/>
                    <TextEquiv>
                        <Unicode>Alexandre</Unicode>
                    </TextEquiv>
                    <TextStyle fontFamily="Times New Roman" fontSize="9.5"/>
                </Word>
                <Word id="w_w2aab1b1b2c27b7ac21" language="English" custom="readingOrder {index:1;}">
                    <Coords points="841,5289 1281,5289 1281,5411 841,5411"/>
                    <TextEquiv>
                        <Unicode>touché</Unicode>
                    </TextEquiv>
                    <TextStyle fontFamily="Times New Roman" fontSize="9.5"/>
                </Word>
                <Word id="w_w2aab1b1b2c27b7ac35" language="English" custom="readingOrder {index:2;}">
                    <Coords points="1318,5333 1554,5333 1554,5460 1318,5460"/>
                    <TextEquiv>
                        <Unicode>que</Unicode>
                    </TextEquiv>
                    <TextStyle fontFamily="Times New Roman" fontSize="9.5"/>
                </Word>
                <Word id="w_w2aab1b1b2c27b7ac43" language="English" custom="readingOrder {index:3;}">
                    <Coords points="1596,5339 1802,5339 1802,5460 1596,5460"/>
                    <TextEquiv>
                        <Unicode>par</Unicode>
                    </TextEquiv>
                    <TextStyle fontFamily="Times New Roman" fontSize="9.5"/>
                </Word>
                <Word id="w_w2aab1b1b2c27b7ac51" language="English" custom="readingOrder {index:4;}">
                    <Coords points="1855,5347 2012,5347 2012,5424 1855,5424"/>
                    <TextEquiv>
                        <Unicode>un</Unicode>
                    </TextEquiv>
                    <TextStyle fontFamily="Times New Roman" fontSize="9.5"/>
                </Word>
                <Word id="w_w2aab1b1b2c27b7ac57" language="English" custom="readingOrder {index:5;}">
                    <Coords points="2059,5305 2340,5305 2340,5435 2059,5435"/>
                    <TextEquiv>
                        <Unicode>faux</Unicode>
                    </TextEquiv>
                    <TextStyle fontFamily="Times New Roman" fontSize="9.5"/>
                </Word>
                <Word id="w_w2aab1b1b2c27b7ac67" language="English" custom="readingOrder {index:6;}">
                    <Coords points="2393,5362 2800,5362 2800,5485 2393,5485"/>
                    <TextEquiv>
                        <Unicode>raport</Unicode>
                    </TextEquiv>
                    <TextStyle fontFamily="Times New Roman" fontSize="9.5"/>
                </Word>
                <TextEquiv>
                    <Unicode>Alexandre touché que par un faux raport</Unicode>
                </TextEquiv>
                <TextStyle fontFamily="Times New Roman" fontSize="9.5"/>
            </TextLine>
            <TextLine id="tl_30" primaryLanguage="English" custom="readingOrder {index:4;}">
                <Coords points="126,5437 3116,5437 3116,5654 126,5654"/>
                <Baseline points="126,5575 476,5563 957,5575 1911,5594 2283,5604 2677,5615 3114,5650"/>
                <Word id="w_w2aab1b1b2c27b9ab1" language="English" custom="readingOrder {index:0;}">
                    <Coords points="126,5437 476,5437 476,5575 126,5575"/>
                    <TextEquiv>
                        <Unicode>Nous</Unicode>
                    </TextEquiv>
                    <TextStyle fontFamily="Times New Roman" fontSize="9.5"/>
                </Word>
                <Word id="w_w2aab1b1b2c27b9ac11" language="English" custom="readingOrder {index:1;}">
                    <Coords points="514,5448 957,5448 957,5575 514,5575"/>
                    <TextEquiv>
                        <Unicode>eftions</Unicode>
                    </TextEquiv>
                    <TextStyle fontFamily="Times New Roman" fontSize="9.5"/>
                </Word>
                <Word id="w_w2aab1b1b2c27b9ac27" language="English" custom="readingOrder {index:2;}">
                    <Coords points="1006,5459 1911,5459 1911,5630 1006,5630"/>
                    <TextEquiv>
                        <Unicode>aîlarmezpour</Unicode>
                    </TextEquiv>
                    <TextStyle fontFamily="Times New Roman" fontSize="9.5"/>
                </Word>
                <Word id="w_w2aab1b1b2c27b9ac53" language="English" custom="readingOrder {index:3;}">
                    <Coords points="1968,5513 2283,5513 2283,5604 1968,5604"/>
                    <TextEquiv>
                        <Unicode>cette</Unicode>
                    </TextEquiv>
                    <TextStyle fontFamily="Times New Roman" fontSize="9.5"/>
                </Word>
                <Word id="w_w2aab1b1b2c27b9ac65" language="English" custom="readingOrder {index:4;}">
                    <Coords points="2312,5483 2677,5483 2677,5615 2312,5615"/>
                    <TextEquiv>
                        <Unicode>feinte</Unicode>
                    </TextEquiv>
                    <TextStyle fontFamily="Times New Roman" fontSize="9.5"/>
                </Word>
                <Word id="w_w2aab1b1b2c27b9ac79" language="English" custom="readingOrder {index:5;}">
                    <Coords points="2714,5538 3114,5538 3114,5650 2714,5650"/>
                    <TextEquiv>
                        <Unicode>mort.</Unicode>
                    </TextEquiv>
                    <TextStyle fontFamily="Times New Roman" fontSize="9.5"/>
                </Word>
                <TextEquiv>
                    <Unicode>Nous eſtions allarmez pour cette feinte mort,</Unicode>
                </TextEquiv>
                <TextStyle fontFamily="Times New Roman" fontSize="9.5"/>
            </TextLine>
            <TextLine id="tl_31" primaryLanguage="English" custom="readingOrder {index:5;}">
                <Coords points="120,5609 3469,5610 3469,5847 120,5846"/>
                <Baseline points="121,5739 571,5732 1017,5738 1221,5747 1642,5758 1973,5763 2314,5773 2752,5788 3467,5838"/>
                <Word id="w_w2aab1b1b2c27c11ab1" language="English" custom="readingOrder {index:0;}">
                    <Coords points="121,5622 571,5622 571,5739 121,5739"/>
                    <TextEquiv>
                        <Unicode>Voulut</Unicode>
                    </TextEquiv>
                    <TextStyle fontFamily="Times New Roman" fontSize="9.5"/>
                </Word>
                <Word id="w_w2aab1b1b2c27c11ac15" language="English" custom="readingOrder {index:1;}">
                    <Coords points="621,5617 1017,5617 1017,5739 621,5739"/>
                    <TextEquiv>
                        <Unicode>fecher</Unicode>
                    </TextEquiv>
                    <TextStyle fontFamily="Times New Roman" fontSize="9.5"/>
                </Word>
                <Word id="w_w2aab1b1b2c27c11ac29" language="English" custom="readingOrder {index:2;}">
                    <Coords points="1055,5628 1221,5628 1221,5747 1055,5747"/>
                    <TextEquiv>
                        <Unicode>les</Unicode>
                    </TextEquiv>
                    <TextStyle fontFamily="Times New Roman" fontSize="9.5"/>
                </Word>
                <Word id="w_w2aab1b1b2c27c11ac37" language="English" custom="readingOrder {index:3;}">
                    <Coords points="1259,5637 1642,5637 1642,5789 1259,5789"/>
                    <TextEquiv>
                        <Unicode>pleurs</Unicode>
                    </TextEquiv>
                    <TextStyle fontFamily="Times New Roman" fontSize="9.5"/>
                </Word>
                <Word id="w_w2aab1b1b2c27c11ac51" language="English" custom="readingOrder {index:4;}">
                    <Coords points="1680,5648 1973,5648 1973,5812 1680,5812"/>
                    <TextEquiv>
                        <Unicode>qu'il</Unicode>
                    </TextEquiv>
                    <TextStyle fontFamily="Times New Roman" fontSize="9.5"/>
                </Word>
                <Word id="w_w2aab1b1b2c27c11ac63" language="English" custom="readingOrder {index:5;}">
                    <Coords points="2009,5691 2314,5691 2314,5773 2009,5773"/>
                    <TextEquiv>
                        <Unicode>nous</Unicode>
                    </TextEquiv>
                    <TextStyle fontFamily="Times New Roman" fontSize="9.5"/>
                </Word>
                <Word id="w_w2aab1b1b2c27c11ac73" language="English" custom="readingOrder {index:6;}">
                    <Coords points="2357,5655 2752,5655 2752,5788 2357,5788"/>
                    <TextEquiv>
                        <Unicode>fàifoit</Unicode>
                    </TextEquiv>
                    <TextStyle fontFamily="Times New Roman" fontSize="9.5"/>
                </Word>
                <Word id="w_w2aab1b1b2c27c11ac89" language="English" custom="readingOrder {index:7;}">
                    <Coords points="2795,5670 3467,5670 3467,5843 2795,5843"/>
                    <TextEquiv>
                        <Unicode>répandre,;</Unicode>
                    </TextEquiv>
                    <TextStyle fontFamily="Times New Roman" fontSize="9.5"/>
                </Word>
                <TextEquiv>
                    <Unicode>Voulut ſecher les pleurs qu'il nous faiſoit répandre,</Unicode>
                </TextEquiv>
                <TextStyle fontFamily="Times New Roman" fontSize="9.5"/>
            </TextLine>
            <TextLine id="tl_32" primaryLanguage="English" custom="readingOrder {index:6;}">
                <Coords points="122,5779 2664,5779 2664,5986 122,5986"/>
                <Baseline points="123,5902 724,5903 1118,5911 1312,5916 1462,5923 1778,5932 2662,5986"/>
                <Word id="w_w2aab1b1b2c27c13ab1" language="English" custom="readingOrder {index:0;}">
                    <Coords points="123,5791 724,5791 724,5908 123,5908"/>
                    <TextEquiv>
                        <Unicode>Lconatus</Unicode>
                    </TextEquiv>
                    <TextStyle fontFamily="Times New Roman" fontSize="9.5"/>
                </Word>
                <Word id="w_w2aab1b1b2c27c13ac19" language="English" custom="readingOrder {index:1;}">
                    <Coords points="777,5824 1118,5824 1118,5912 777,5912"/>
                    <TextEquiv>
                        <Unicode>entra</Unicode>
                    </TextEquiv>
                    <TextStyle fontFamily="Times New Roman" fontSize="9.5"/>
                </Word>
                <Word id="w_w2aab1b1b2c27c13ac31" language="English" custom="readingOrder {index:2;}">
                    <Coords points="1171,5796 1312,5796 1312,5916 1171,5916"/>
                    <TextEquiv>
                        <Unicode>de</Unicode>
                    </TextEquiv>
                    <TextStyle fontFamily="Times New Roman" fontSize="9.5"/>
                </Word>
                <Word id="w_w2aab1b1b2c27c13ac37" language="English" custom="readingOrder {index:3;}">
                    <Coords points="1353,5801 1462,5801 1462,5923 1353,5923"/>
                    <TextEquiv>
                        <Unicode>la</Unicode>
                    </TextEquiv>
                    <TextStyle fontFamily="Times New Roman" fontSize="9.5"/>
                </Word>
                <Word id="w_w2aab1b1b2c27c13ac43" language="English" custom="readingOrder {index:4;}">
                    <Coords points="1510,5845 1778,5845 1778,5967 1510,5967"/>
                    <TextEquiv>
                        <Unicode>part</Unicode>
                    </TextEquiv>
                    <TextStyle fontFamily="Times New Roman" fontSize="9.5"/>
                </Word>
                <Word id="w_w2aab1b1b2c27c13ac53" language="English" custom="readingOrder {index:5;}">
                    <Coords points="1814,5815 2662,5815 2662,5986 1814,5986"/>
                    <TextEquiv>
                        <Unicode>d’Alexandre,</Unicode>
                    </TextEquiv>
                    <TextStyle fontFamily="Times New Roman" fontSize="9.5"/>
                </Word>
                <TextEquiv>
                    <Unicode>Leonatus entra de la part d’Aléxandre,</Unicode>
                </TextEquiv>
                <TextStyle fontFamily="Times New Roman" fontSize="9.5"/>
            </TextLine>
            <TextEquiv>
                <Unicode>Nous faiſoit redoubler nos ſanglots &amp; nos cris,
Nous eſtions à leurs pieds dans ces triſtes allarmes,
Et pour les ſecourir nous n’avions que nos larmes.
Alexandre touché que par un faux raport
Nous eſtions allarmez pour cette feinte mort,
Voulut ſecher les pleurs qu'il nous faiſoit répandre,
Leonatus entra de la part d’Aléxandre,</Unicode>
            </TextEquiv>
        </TextRegion>
        <TextRegion type="paragraph" id="r_1_15" custom="readingOrder {index:14;}">
            <Coords points="125,5938 3102,5938 3102,6353 125,6353"/>
            <TextLine id="tl_33" primaryLanguage="English" custom="readingOrder {index:0;}">
                <Coords points="131,5939 2980,5939 2980,6164 131,6164"/>
                <Baseline points="132,6067 273,6061 465,6067 933,6082 1519,6140 1717,6101 1977,6105 2355,6115 2979,6130"/>
                <Word id="w_w2aab1b1b2c29b1ab1" language="English" custom="readingOrder {index:0;}">
                    <Coords points="132,5939 273,5939 273,6067 132,6067"/>
                    <TextEquiv>
                        <Unicode>Et</Unicode>
                    </TextEquiv>
                    <TextStyle fontFamily="Times New Roman" fontSize="9.5"/>
                </Word>
                <Word id="w_w2aab1b1b2c29b1ab7" language="English" custom="readingOrder {index:1;}">
                    <Coords points="340,5989 465,5989 465,6067 340,6067"/>
                    <TextEquiv>
                        <Unicode>ce</Unicode>
                    </TextEquiv>
                    <TextStyle fontFamily="Times New Roman" fontSize="9.5"/>
                </Word>
                <Word id="w_w2aab1b1b2c29b1ac13" language="English" custom="readingOrder {index:2;}">
                    <Coords points="520,5960 933,5960 933,6082 520,6082"/>
                    <TextEquiv>
                        <Unicode>Prince</Unicode>
                    </TextEquiv>
                    <TextStyle fontFamily="Times New Roman" fontSize="9.5"/>
                </Word>
                <Word id="w_w2aab1b1b2c29b1ac27" language="English" custom="readingOrder {index:3;}">
                    <Coords points="966,5968 1519,5968 1519,6140 966,6140"/>
                    <TextEquiv>
                        <Unicode>attendry</Unicode>
                    </TextEquiv>
                    <TextStyle fontFamily="Times New Roman" fontSize="9.5"/>
                </Word>
                <Word id="w_w2aab1b1b2c29b1ac45" language="English" custom="readingOrder {index:4;}">
                    <Coords points="1572,5975 1717,5975 1717,6101 1572,6101"/>
                    <TextEquiv>
                        <Unicode>de</Unicode>
                    </TextEquiv>
                    <TextStyle fontFamily="Times New Roman" fontSize="9.5"/>
                </Word>
                <Word id="w_w2aab1b1b2c29b1ac51" language="English" custom="readingOrder {index:5;}">
                    <Coords points="1750,6023 1977,6023 1977,6105 1750,6105"/>
                    <TextEquiv>
                        <Unicode>nos</Unicode>
                    </TextEquiv>
                    <TextStyle fontFamily="Times New Roman" fontSize="9.5"/>
                </Word>
                <Word id="w_w2aab1b1b2c29b1ac59" language="English" custom="readingOrder {index:6;}">
                    <Coords points="2023,5989 2355,5989 2355,6121 2023,6121"/>
                    <TextEquiv>
                        <Unicode>vives</Unicode>
                    </TextEquiv>
                    <TextStyle fontFamily="Times New Roman" fontSize="9.5"/>
                </Word>
                <Word id="w_w2aab1b1b2c29b1ac71" language="English" custom="readingOrder {index:7;}">
                    <Coords points="2411,5998 2979,5998 2979,6130 2411,6130"/>
                    <TextEquiv>
                        <Unicode>douleurs</Unicode>
                    </TextEquiv>
                    <TextStyle fontFamily="Times New Roman" fontSize="9.5"/>
                </Word>
                <TextEquiv>
                    <Unicode>Et ce Prince attendry de nos vives douleurs</Unicode>
                </TextEquiv>
                <TextStyle fontFamily="Times New Roman" fontSize="9.5"/>
            </TextLine>
            <TextLine id="tl_34" primaryLanguage="English" custom="readingOrder {index:1;}">
                <Coords points="126,6107 3101,6107 3101,6352 126,6352"/>
                <Baseline points="127,6245 456,6246 737,6253 1038,6264 1524,6274 1694,6281 2140,6290 2344,6293 2616,6294 3099,6310"/>
                <Word id="w_w2aab1b1b2c29b3ab1" language="English" custom="readingOrder {index:0;}">
                    <Coords points="127,6107 456,6107 456,6246 127,6246"/>
                    <TextEquiv>
                        <Unicode>D-un</Unicode>
                    </TextEquiv>
                    <TextStyle fontFamily="Times New Roman" fontSize="9.5"/>
                </Word>
                <Word id="w_w2aab1b1b2c29b3ac11" language="English" custom="readingOrder {index:1;}">
                    <Coords points="499,6117 737,6117 737,6254 499,6254"/>
                    <TextEquiv>
                        <Unicode>fcul</Unicode>
                    </TextEquiv>
                    <TextStyle fontFamily="Times New Roman" fontSize="9.5"/>
                </Word>
                <Word id="w_w2aab1b1b2c29b3ac21" language="English" custom="readingOrder {index:2;}">
                    <Coords points="781,6167 1038,6167 1038,6274 781,6274"/>
                    <TextEquiv>
                        <Unicode>mot</Unicode>
                    </TextEquiv>
                    <TextStyle fontFamily="Times New Roman" fontSize="9.5"/>
                </Word>
                <Word id="w_w2aab1b1b2c29b3ac29" language="English" custom="readingOrder {index:3;}">
                    <Coords points="1085,6137 1524,6137 1524,6280 1085,6280"/>
                    <TextEquiv>
                        <Unicode>arxefta</Unicode>
                    </TextEquiv>
                    <TextStyle fontFamily="Times New Roman" fontSize="9.5"/>
                </Word>
                <Word id="w_w2aab1b1b2c29b3ac45" language="English" custom="readingOrder {index:4;}">
                    <Coords points="1577,6153 1694,6153 1694,6281 1577,6281"/>
                    <TextEquiv>
                        <Unicode>la</Unicode>
                    </TextEquiv>
                    <TextStyle fontFamily="Times New Roman" fontSize="9.5"/>
                </Word>
                <Word id="w_w2aab1b1b2c29b3ac51" language="English" custom="readingOrder {index:5;}">
                    <Coords points="1741,6151 2140,6151 2140,6290 1741,6290"/>
                    <TextEquiv>
                        <Unicode>foucee</Unicode>
                    </TextEquiv>
                    <TextStyle fontFamily="Times New Roman" fontSize="9.5"/>
                </Word>
                <Word id="w_w2aab1b1b2c29b3ac65" language="English" custom="readingOrder {index:6;}">
                    <Coords points="2183,6163 2344,6163 2344,6294 2183,6294"/>
                    <TextEquiv>
                        <Unicode>de</Unicode>
                    </TextEquiv>
                    <TextStyle fontFamily="Times New Roman" fontSize="9.5"/>
                </Word>
                <Word id="w_w2aab1b1b2c29b3ac71" language="English" custom="readingOrder {index:7;}">
                    <Coords points="2387,6213 2616,6213 2616,6299 2387,6299"/>
                    <TextEquiv>
                        <Unicode>nos</Unicode>
                    </TextEquiv>
                    <TextStyle fontFamily="Times New Roman" fontSize="9.5"/>
                </Word>
                <Word id="w_w2aab1b1b2c29b3ac79" language="English" custom="readingOrder {index:8;}">
                    <Coords points="2646,6184 3099,6184 3099,6345 2646,6345"/>
                    <TextEquiv>
                        <Unicode>pleurs.</Unicode>
                    </TextEquiv>
                    <TextStyle fontFamily="Times New Roman" fontSize="9.5"/>
                </Word>
                <TextEquiv>
                    <Unicode>D'un ſeul mot arreſta la ſource de nos pleurs.</Unicode>
                </TextEquiv>
                <TextStyle fontFamily="Times New Roman" fontSize="9.5"/>
            </TextLine>
            <TextEquiv>
                <Unicode>Et ce Prince attendry de nos vives douleurs
D'un ſeul mot arreſta la ſource de nos pleurs.</Unicode>
            </TextEquiv>
        </TextRegion>
        <SeparatorRegion id="r_2" custom="readingOrder {index:15;}">
            <Coords points="3996,0 4085,0 4085,7205 3996,7205"/>
        </SeparatorRegion>
        <TextRegion id="region_1548929771386_1124" custom="readingOrder {index:16;}">
            <Coords points="2710,6344 2711,6555 3079,6555 3078,6344"/>
            <TextLine id="line_1548929771541_1127" custom="readingOrder {index:0;}">
                <Coords points="2711,6345 3079,6345 3078,6554 2710,6554"/>
                <Baseline points="2711,6493 3079,6493"/>
                <Word id="word_1548929803523_1141" custom="readingOrder {index:0;}">
                    <Coords points="2714,6352 2823,6352 2823,6493 2714,6493"/>
                    <TextEquiv>
                        <Unicode></Unicode>
                    </TextEquiv>
                </Word>
                <Word id="word_1548929806493_1144" custom="readingOrder {index:1;}">
                    <Coords points="2930,6348 3074,6348 3074,6556 2930,6556"/>
                    <TextEquiv>
                        <Unicode></Unicode>
                    </TextEquiv>
                </Word>
                <TextEquiv>
                    <Unicode>B iij</Unicode>
                </TextEquiv>
            </TextLine>
            <TextEquiv>
                <Unicode>B iij</Unicode>
            </TextEquiv>
        </TextRegion>
    </Page>
</PcGts>
