4085 7277
428 426 582 609 V
1527 446 1820 604 ST
1893 453 2016 600 A
2079 456 2532 614 TIR
2604 456 2797 650 &;

415 652 1258 816 Jpeut-eftre
1303 704 1560 786 mes
1609 707 1980 795 vœux
2029 662 2752 795 feroient-ils
2791 669 3194 800 mieux
3237 684 3720 840 reçeufrj

410 829 553 950 Si
602 839 713 986 je
756 809 1152 950 faîfois
1202 878 1468 996 près
1522 832 1858 955 d'elle
1908 834 2170 1006 agir
2228 849 2873 970 Leonatus?

409 1002 591 1117 Ge
635 1019 927 1116 trait*
961 1043 1253 1126 vous
1303 1003 1470 1125 efl
1517 998 2045 1150 fenfible,
2095 1022 2201 1127 &
2249 1054 2541 1135 vous
2585 1014 2963 1176 frape,
3023 1013 3645 1176 Madame,

389 1164 536 1300 Je
585 1174 1104 1291 cannois
1141 1173 1440 1295 dans
1481 1214 1690 1296 vos
1733 1218 2030 1336 yeux
2075 1180 2180 1295 le
2229 1183 2708 1302 trouble
2761 1183 2904 1300 de
2947 1180 3334 1305 vofhe
3389 1208 3730 1350 amej

398 1334 727 1453 Mais
766 1330 1093 1457 enfin
1136 1339 1429 1458 dans
1466 1344 1635 1458 les
1688 1344 2077 1466 miens
2134 1389 2497 1512 voyez
2546 1350 2607 1476 à
2662 1350 3049 1477 voflre
3106 1394 3430 1506 tour,

399 1506 728 1627 Avec
771 1545 1067 1627 mon
1111 1509 1735 1676 dcfefpoir,
1779 1554 1981 1633 ma
2039 1560 2317 1681 rage
2371 1536 2476 1641 &
2515 1564 2807 1642 mon
2851 1561 3339 1652 amour.

1680 1690 2636 1814 ROXANE.

398 1831 1099 1997 Caffander,
1136 1886 1435 1973 vous
1476 1852 1957 2012 pouffez
1994 1891 2265 2014 trop
2316 1856 2567 1977 loin
2610 1856 3003 1983 voilre
3058 1857 3729 2028 infolenccj

403 2006 506 2123 C
559 2002 732 2128 efl:
775 2007 838 2127 à
895 2046 1182 2134 vous
1221 2016 1664 2144 devant
1699 2061 1980 2187 moy
2019 2022 2162 2143 de
2199 2027 2632 2190 garder
2671 2031 2778 2147 le
2827 2026 3309 2183 filence,

394 2182 543 2290 Et
586 2167 849 2295 fans
896 2182 1604 2349 aprofondir
1637 2192 1845 2359 qui
1883 2198 2342 2359 j’aime,
2390 2237 2546 2314 ou
2579 2199 2789 2369 qui
2826 2208 2942 2358 je
2996 2197 3308 2353 hais,

385 2348 707 2503 Ayez
760 2351 1013 2505 plus
1067 2353 1209 2474 de
1267 2357 1761 2526 refpeâ,
1803 2382 1915 2489 &
1965 2372 2235 2485 n’en
2274 2371 2683 2530 parlez
2726 2372 3225 2535 jamais,

393 2518 1294 2658 Retirez-vous,

1446 2698 1685 2820 CA
1748 2704 1825 2824 S
1894 2709 1971 2825 S
2030 2704 2477 2825 AND
2544 2713 2822 2829 ER.

1343 2864 1544 2986 Hé
1599 2863 1925 2991 bien?
1985 2884 2115 3010 Je
2159 2873 2873 3036 vousquite^
2945 2872 3629 3036 Madame^

384 3028 716 3142 Vous
770 3025 1168 3195 fçavez
1222 3068 1514 3151 mon
1574 3025 1982 3186 fecret,
2025 3044 2692 3196 jeconnois
2732 3030 3600 3206 voftreflame^

374 3188 872 3331 Ilfuflfir,
936 3199 1249 3323 Mais
1302 3200 1629 3322 enfin
1702 3195 1775 3322 fi
1832 3248 2085 3322 mes
2134 3239 2497 3327 voeux
2550 3210 2813 3327 font
2876 3204 3354 3378 déçeus,

373 3366 728 3486 Dans
775 3410 998 3531 peu
1041 3381 1158 3531 je
1223 3360 1720 3532 ferviray
1769 3410 2066 3496 ceux
2109 3370 2256 3492 de
2295 3386 2957 3503 Leonatus.

1154 4116 1267 4297 S
1382 4110 1547 4295 G
1650 4116 1795 4305 E
1902 4118 2107 4303 N
2210 4116 2359 4301 E
2630 4116 3050 4310 III.

799 4514 1960 4702 ROXANE,
2127 4524 2272 4665 H
2331 4523 2676 4674 ESI
2751 4528 2900 4677 O
2963 4534 3328 4689 NE.

1613 4872 1706 4985 r
1769 4873 2374 4999 oxan
2441 4886 2573 5003 e.

599 5019 1427 5188 'Orgueilleux
1483 5029 2281 5158 Caflanderfe
2341 5034 2867 5182 déclare.,
2911 5058 3013 5167 &
3067 5085 3259 5163 me
3317 5045 3745 5217 bravez

325 5205 636 5361 J.uy,
689 5195 898 5357 qui
952 5190 1092 5307 de
1152 5235 1444 5322 mon
1507 5216 1914 5367 Epoux
1974 5206 2322 5327 efloit
2365 5210 2858 5381 prefque
2916 5210 3526 5377 l’Efclave,

324 5370 437 5488 Il
486 5371 607 5483 in
630 5360 909 5482 fuite
962 5356 1029 5479 à
1080 5361 1183 5478 fa
1238 5371 1670 5533 gloire,
1748 5390 1855 5493 &
1898 5381 2157 5493 fans
2208 5370 2787 5537 refpcéfcer
2842 5380 3148 5532 rien,

339 5532 732 5665 M'oft
769 5532 1162 5697 parler
1203 5576 1344 5653 en
1411 5537 1955 5687 Maiftre.,
2003 5562 2106 5669 &
2169 5576 2442 5664 veut
2481 5546 2778 5669 cftre
2821 5546 2924 5669 le
2971 5556 3349 5673 mien*

340 5712 457 5834 li
496 5707 816 5825 vient
872 5702 1539 5828 aveetfierté
1588 5755 1784 5834 me
1844 5711 2472 5838 découvrir
2524 5716 2626 5834 fa
2682 5721 3088 5878 flame,

344 5882 767 6004 lîveut
847 5867 1559 6028 aprofondir
1609 5887 1715 6000 le
1768 5878 2131 6004 fecret
2208 5887 2357 6004 de
2414 5926 2713 6009 mon
2766 5937 2823 6008 a
2840 5931 3089 6048 me,

339 6057 406 6190 J
430 6058 618 6163 "en
681 6038 1137 6210 rougis,
1211 6041 1785 6194 Hefione,
1827 6072 2242 6179 Semes
2305 6056 2872 6224 fenstrop
2941 6063 3358 6190 émeus

350 6224 543 6344 Au
586 6254 889 6346 nom
942 6214 1083 6334 de
1136 6253 1345 6340 ma
1392 6218 1805 6350 Rivale
1844 6243 1957 6349 &
2004 6228 2156 6355 de
2224 6233 2882 6400 Leonatus,
