4085 7126
1505 358 1603 503 S
1657 355 1791 504 T
1857 361 1971 510 A
2033 363 2287 509 TI
2349 362 2491 511 R
2557 372 2742 553 A,

1692 584 1797 696 R
1852 577 1965 694 O
2012 583 2133 704 X
2188 588 2273 697 A
2324 585 2445 703 N
2504 591 2628 708 E.

1573 743 1891 900 Oii/j
1949 745 2593 904 Seigneur,
2627 735 2904 863 c'eft
2941 739 3706 908 luy-mefrhe|

380 862 1182 1042 Statifa^fôn
1236 930 1718 1051 amour,
1756 941 2068 1026 cette
2109 916 2508 1032 valeur
2561 907 3150 1077 fupiéme,

384 1044 1975 1229 Toutmeditquec’eiHuy
2025 1085 2397 1238 qu’on
2450 1079 2811 1248 afçeu
2858 1118 3135 1248 trop
3168 1085 3566 1243 punir*

381 1212 751 1336 Enfin
802 1262 985 1341 cet
1048 1236 1611 1352 Inconnu
1696 1236 2029 1362 tarde
2086 1280 2353 1405 trop
2420 1245 2481 1366 à
2538 1251 2917 1400 venir;

379 1377 839 1526 îliaut,
877 1433 1178 1548 pour
1217 1388 1679 1563 difiîper
1737 1447 1990 1528 mes
2037 1418 2647 1532 mortelle?:
2705 1419 3321 1566 allarmes,

365 1546 1006 1680 Chercher
1053 1600 1236 1680 cet
1299 1581 1842 1728 Ennemy
1889 1576 2092 1733 qui
2145 1619 2342 1695 me
2385 1623 2740 1700 coûte
2785 1585 2988 1700 des
3043 1589 3523 1714 larmes.

1486 1743 2009 1872 PERD
2076 1752 2275 1867 IG
2342 1761 2579 1872 CA
2641 1762 2780 1882 S.
3280 1757 3518 1873 Elle
3525 1762 3890 1927 fort*.

364 1885 623 2014 Ah/
680 1894 1124 2033 Dieux,
1162 1890 1453 2016 d’un
1500 1914 1655 2024 tel
1712 1908 2151 2035 deflein
2208 1925 2315 2064 je
2370 1909 2923 2039 demeure
2980 1915 3444 2077 fin-pris*

355 2061 999 2181 serait-ce
1042 2104 1341 2186 mon
1412 2076 1757 2201 Rival
1800 2075 2123 2200 enfin
2168 2081 2771 2220 quiferoit
2822 2091 3129 2246 pris?

365 2228 914 2353 Suivons
949 2240 1503 2393 Roxane,
1545 2250 1940 2368 allons
1972 2250 2529 2408 pénétrer
2583 2297 2716 2372 ce
2765 2252 3291 2394 miftere,

345 2396 524 2531 JJt
571 2435 1010 2574 vou.ee
1043 2440 1280 2575 que
1309 2407 1420 2530 le
1501 2425 1788 2544 Sort
1821 2460 1984 2537 oa
2027 2422 2578 2541 l’Amour
2631 2465 2854 2546 ont
2905 2470 3066 2595 pu
3093 2415 3441 2566 faire^

1229 2893 1538 3053 Fin
1621 2883 1822 3048 du
1865 2890 2439 3060 Second
2485 2897 2898 3063 Acte.
