4085 7126
401 337 597 521 ft*

1545 382 1837 531 ST
1901 383 2337 531 ATI
2405 388 2537 532 R
2613 396 2789 568 A,

416 592 560 702 Et
606 612 838 740 que
872 620 1174 707 mon
1216 621 1650 755 propre
1692 597 1960 726 bras
2004 598 2068 716 à
2116 636 2416 717 mon
2470 641 2898 717 amour
2946 583 3288 756 fatal,

416 750 784 870 Perde
822 754 1222 883 voftre
1272 765 1730 912 Rivale,
1786 780 1896 884 &
1954 764 2260 888 serve
2308 808 2604 885 mon
2662 769 3060 928 Rival;

415 918 711 1040 Bien
749 926 1005 1040 loin
1063 927 1207 1041 de
1251 931 1355 1045 le
1397 931 1703 1085 haïr,
1755 932 1959 1052 fon
2017 974 2441 1051 amour
2493 975 2781 1061 vous
2833 970 3399 1104 outrage,

425 1094 563 1208 Et
611 1134 907 1208 vous
951 1128 1099 1213 en
1143 1093 1683 1263 foûpirez
1727 1094 1865 1218 de
1929 1104 2421 1218 douleur
2469 1123 2579 1229 &
2631 1109 2775 1223 de
2823 1147 3153 1272 rage;

415 1256 801 1380 Faites
847 1262 1305 1395 mieux.
1369 1269 1901 1400 Puniflez
1949 1270 2155 1438 qui
2199 1314 2491 1391 vous
2539 1271 2731 1389 ofe
2779 1311 3399 1448 outrager,

425 1434 569 1544 Et
601 1424 1089 1549 donnez
1123 1433 1187 1553 à
1225 1477 1521 1557 mon
1585 1433 1851 1565 bras
1891 1444 1993 1556 le
2041 1438 2295 1556 foin
2367 1438 2509 1557 de
2563 1483 2859 1561 vous
2921 1482 3433 1616 vanger-

424 1606 760 1720 Vous
804 1600 1330 1759 l'aimez,
1384 1625 1492 1729 &
1530 1611 2048 1778 l’Ingrat
2086 1611 2524 1774 peut-il
2566 1649 2716 1725 en
2774 1611 3152 1730 aimer
3206 1614 3792 1730 d’autres?

424 1772 716 1882 Peut
798 1806 956 1886 on
1004 1769 1300 1893 eftre
1344 1777 1788 1898 touché
1826 1782 2342 1902 d'autres
2386 1817 2676 1941 yeux
2720 1817 2948 1945 que
2996 1781 3198 1902 des
3242 1772 3758 1910 voflres?

434 1930 1070 2102 Madame,
1138 1941 1214 2065 fi
1266 1983 1398 2063 ce
1466 1949 1876 2068 Prince
1944 1950 2426 2064 adoroit
2494 1985 2706 2069 vos
2760 1950 3282 2102 attraits,

434 2118 764 2226 Tout
804 2150 1104 2230 mon
1158 2117 1504 2241 Rival
1539 2118 1832 2285 qu’il
1890 2106 2102 2254 eft,
2169 2134 2280 2270 je
2322 2116 2510 2275 luy
2561 2117 3492 2280 pardonnerois;

433 2278 759 2398 Mais
813 2318 1113 2436 pour
1161 2289 1345 2441 luy
1391 2287 2081 2447 pardonner
2119 2326 2411 2408 vous
2455 2293 2873 2407 n’avez
2921 2288 3267 2451 point
3319 2288 3567 2408 d’ex
3585 2316 3723 2402 eu
3743 2269 3808 2393 5c

415 2450 559 2580 Je
597 2440 779 2608 luy
837 2490 1143 2569 veux
1187 2455 1739 2575 arracher
1797 2494 1929 2570 ce
1987 2494 2327 2574 cœur
2371 2455 2663 2619 qu’il
2715 2495 3007 2579 vous
3055 2456 3479 2604 réfute,

445 2622 593 2738 Et
631 2652 927 2772 pour
975 2623 1247 2742 voir
1285 2618 2083 2786 aujourd’huy
2135 2632 2299 2742 les
2357 2623 2795 2741 crimes
2847 2628 3307 2782 expiez,

438 2794 775 2910 Vous
827 2784 1395 2948 l’aporter
1448 2785 2201 2964 fanglant,&
2239 2794 2337 2908 le
2377 2825 2811 2913 mettre
2846 2789 2913 2913 à
2956 2834 3165 2917 vos
3200 2780 3591 2958 pieds.

1716 2969 2680 3088 ROXANE.
440 3124 598 3282 Je
650 3164 800 3242 ne
852 3162 1154 3243 veux
1196 3123 1590 3283 point,
1648 3128 2288 3294 Seigneur,
2332 3128 2476 3243 de
2534 3129 3070 3283 pareilles
3118 3128 3754 3283 Vi&imes,

406 3296 666 3416 Un
710 3292 1108 3454 foûpir
1152 3297 1384 3415 feul
1438 3300 1926 3455 pouroit
1982 3296 2378 3454 expier
2436 3335 2702 3415 tous
2744 3297 2904 3415 tes
2956 3300 3444 3450 crimes,

453 3474 790 3584 Vous
821 3465 1440 3617 m’aimez,
1475 3477 1596 3631 je
1639 3508 1936 3587 vous
1977 3462 2421 3626 plains,
2465 3483 2578 3633 je
2631 3507 2776 3583 ne
2817 3469 3076 3627 puis
3133 3472 3380 3584 rien
3423 3468 3562 3588 de
3603 3469 3916 3626 plus.

463 3632 539 3754 à
567 3670 893 3784 part.
951 3631 1133 3750 Ah
1185 3641 1655 3759 Dieux/
1717 3680 1949 3798 que
2013 3634 2663 3755 Caflander
2721 3635 3017 3755 n’eft
3083 3636 3159 3754 il
3221 3646 3867 3795 Leonatus,

473 3808 941 3970 Ouque
1015 3816 1615 3927 Leonatus
1673 3804 2367 3970 changeant
2401 3807 2545 3927 de
2587 3847 2923 3927 coeur
2981 3802 3567 3956 &d’ame,

469 3974 995 4104 N’a-t-il
1053 3970 1193 4093 de
1251 3973 1905 4103 Caflander
1965 3980 2127 4094 les
2175 3969 2835 4139 transports
2893 3980 3145 4099 &la
3197 3974 3271 4088 fi
3307 4002 3605 4098 rme?

1352 4567 3080 4774 SCENE V.
482 4849 1466 5058 tfrsIONE,
1590 4875 2534 5052 ROXANE,
2662 4858 3970 5034 CASSANDER,

1694 5174 1818 5291 H
1878 5179 1966 5291 E
2018 5175 2094 5291 S
2146 5175 2190 5283 I
2250 5171 2358 5291 O
2426 5172 2546 5284 N
2614 5172 2738 5288 E.

901 5332 1385 5479 Adame,
1423 5331 1867 5459 Statira
1923 5326 2215 5454 n’eft
2255 5330 2509 5490 plus
2559 5327 2859 5451 dans
2899 5331 3007 5449 le
3055 5326 3493 5480 Palais,

504 5494 711 5632 Oii
772 5547 1094 5632 vient
1142 5503 1286 5623 de
1324 5507 1884 5623 l’enlever
1938 5542 2146 5666 par
2188 5498 2386 5618 des
2430 5493 2834 5617 ordres
2886 5499 3354 5642 fecrets,

498 5676 1084 5804 Plufieurs
1138 5671 1586 5795 Gardes
1628 5710 2106 5844 gagnez
2146 5704 2368 5788 ont
2420 5665 2632 5785 fait
2666 5705 2982 5789 cette
3020 5656 3556 5824 furprîfe,

508 5848 838 5976 Mais
886 5886 1054 5966 on
1108 5887 1256 5967 ne
1304 5838 1822 5967 connoît
1856 5848 2210 6006 point
2248 5833 2874 5963 l'Autheur
2922 5837 3060 5957 de
3104 5827 3892 5996 l'encreprite.

1781 6009 2773 6148 ROXANE.
523 6196 637 6320 Il
689 6186 1133 6350 périra,
1191 6177 1919 6320 leTraiftre.
1969 6186 2451 6339 Allons,
2495 6181 3015 6335 tenons,
3053 6176 3703 6344 Seigneur,

533 6348 1567 6532 Ewpefàons....
