4085 7205
3411 469 3645 637 19
1079 405 2479 581 TRAGEDIE.

181 604 289 731 fl
335 596 669 726 fallut
697 610 1042 736 obcïr
1079 625 1801 781 cependant,
1845 656 1952 761 &
1993 680 2290 762 mon
2341 675 2616 765 ame

187 784 406 895 Par
459 809 616 890 un
667 778 1434 910 triftedevoir
1483 789 1782 960 fçeut
1835 809 2458 930 combatre
2505 809 3153 969 maflame,

177 948 322 1065 Et
371 938 510 1054 de
579 953 1162 1090 Léonais
1205 946 1712 1123 effaçant
1765 1007 2032 1089 tous
2073 979 2236 1095 les
2281 978 2667 1133 traits,

177 1112 422 1263 Luy
459 1101 704 1229 dire
767 1155 914 1233 en
951 1122 1560 1284 foupirant
1607 1171 1764 1253 un
1810 1136 2161 1262 adieu
2206 1182 2507 1301 pour
2560 1145 3043 1301 jamais.

177 1281 685 1427 Depuis,
724 1319 1077 1446 grâce
1120 1329 1345 1407 aux
1388 1295 1827 1441 Dieux,
1870 1344 2175 1428 mon
2212 1350 2551 1433 cœur
2594 1355 2895 1477 pour
2924 1320 3119 1477 luy
3160 1313 3589 1435 moins*

180 1454 280 1561 A
334 1450 829 1566 foutenu
878 1459 983 1570 le
1032 1493 1321 1571 nom
1378 1460 1951 1625 d'Epoufe
1998 1470 2847 1645 d'Alexandre;
3017 1505 3049 1646 (
3102 1469 3521 1605 tendre
3534 1564 3587 1641 a

166 1612 461 1735 Une
528 1653 859 1736 vertu
896 1617 1326 1769 fevere,
1382 1668 1539 1744 un
1602 1633 2051 1758 auflere
2088 1643 2542 1799 devoir,

172 1788 589 1903 M’ont
624 1818 897 1903 cent
946 1782 1177 1903 fois
1234 1798 1791 1917 arrachée
1840 1843 1987 1918 au
2029 1807 2409 1963 plaifir
2456 1816 2593 1932 de
2634 1816 2731 1933 le
2774 1822 3078 1939 voir*

172 1946 467 2067 Loin
510 1950 651 2067 de
688 1956 879 2113 luy
921 1966 1037 2112 je
1086 1950 1539 2073 tâchois
1588 1966 2210 2093 d’étouffer
2245 2021 2442 2098 nia
2475 1981 3114 2143 tendresse.

159 2120 312 2277 Je
362 2110 874 2237 Kévitois
915 2120 1291 2240 helas.'
1343 2141 1455 2247 &
1495 2131 1602 2247 le
1655 2145 2474 2266 trouvoisfans
2525 2145 2866 2272 cesse.

159 2294 316 2405 Le
359 2294 546 2409 Ro
555 2333 622 2450 y
663 2294 869 2451 qui
925 2290 1112 2450 luy
1159 2289 1678 2416 donnoir
1721 2338 2200 2430 comme
2243 2315 2305 2430 à
2351 2308 2556 2431 fon
2623 2330 3067 2486 Favory;*

161 2458 316 2569 Le
361 2453 1464 2618 rangd’Epheftion
1516 2468 1812 2628 qu’il
1851 2479 2174 2594 avait
2217 2516 2474 2599 ram
2521 2484 2925 2639 cher/,

165 2613 366 2733 Vit
414 2656 646 2778 que
703 2627 1024 2744 Leon
1045 2667 1102 2742 a
1121 2660 1302 2739 tus
1339 2671 1534 2748 me
1577 2628 1734 2748 fai
1751 2640 1962 2757 soit
2005 2640 2146 2759 de
2197 2650 2300 2764 la
2362 2647 2757 2804 peine,

163 2790 302 2903 Et
355 2824 552 2903 me
593 2829 844 2912 crut
876 2830 1176 2952 pour
1205 2829 1336 2911 ce
1397 2800 1807 2921 Prince
1844 2845 2072 2932 un
2118 2809 2543 2933 fecrete
2584 2816 2995 2975 haine,

162 2954 302 3071 Et
334 2944 823 3082 souvent
866 2958 1332 3125 malgré
1372 2970 1553 3126 îuy
1592 2975 2259 3095 l’amenant
2292 2984 2725 3105 devant
2768 3014 3169 3156 moy;.

156 3122 302 3243 M
346 3123 943 3245 arrachoit
980 3128 1177 3248 des
1220 3128 1669 3293 foupirs
1705 3143 1992 3305 qu'il
2048 3149 2419 3265 volôit
2456 3144 2524 3269 à
2564 3189 2757 3274 ma
2794 3152 3048 3315 foy,

152 3288 699 3413 Souvent
748 3297 829 3412 il
858 3337 1057 3417 me
1109 3302 1471 3459 prioit
1518 3302 1813 3423 dans
1860 3306 1971 3428 fa
2024 3312 2597 3437 tendresse
2646 3322 3187 3445 extrême

152 3456 701 3582 D’aimer
748 3475 1337 3586 Lconatus
1384 3510 1871 3592 comme
1914 3481 1997 3596 il
2040 3486 2553 3603 l’aimoit
2600 3486 3358 3644 luy-mefm©#-

152 3626 502 3786 Moy,
539 3631 745 3796 qui
792 3630 1086 3751 dans
1125 3674 1306 3751 cet
1344 3631 1792 3756 inftant
1839 3685 2040 3760 eus
2093 3656 2452 3767 voulu
2501 3661 2608 3767 la
2643 3654 2954 3801 haïr,

145 3789 660 3944 Cleonc',
719 3815 828 3959 je
877 3839 912 3914 t
935 3839 1182 3915 rem
1199 3799 1267 3914 b
1283 3804 1498 3919 lois
1547 3798 1688 3921 de
1745 3809 1932 3965 luy
1959 3847 2240 3975 trop
2277 3819 2667 3961 obeïr,

141 3967 286 4078 Et
319 3996 450 4073 ce
513 3968 922 4084 Prince
971 3964 1394 4084 confus
1443 3969 1640 4084 des
1681 3974 2126 4100 bornez
2159 3982 2300 4104 de
2347 3983 2552 4103 fon
2615 3978 3167 4133 Maiftre,

141 4122 754 4252 M’évitoit
803 4131 1326 4254 aufïitofl
1376 4137 1674 4297 qu’il
1717 4176 1912 4260 me
1969 4156 2374 4302 voyoit
2416 4150 3049 4312 paroiftre.

1389 4314 1956 4431 CLEO
2032 4324 2343 4451 NE.

136 4454 501 4600 Mais,
558 4460 1161 4605 Madame,
1200 4463 1262 4590 à
1318 4469 2695 4640 préfentqu’Alexandre
2734 4484 3029 4606 n’efl:
3082 4489 3404 4649 plusj

136 4626 957 4785 VoLSpouveL
996 4627 1271 4750 £irs
1336 4633 1857 4803 scrupule
1904 4648 2279 4770 aimer
2322 4668 2965 4809 Leonatus;

126 4793 333 4919 Un
390 4797 805 4918 Prince
856 4797 997 4919 de
1050 4802 1257 4922 fon
1314 4801 1505 4918 fan
1527 4848 1603 4969 g
1655 4847 1927 4968 peut
1954 4861 2299 4977 apres
2346 4827 2537 4987 luy
2579 4817 3405 4983 prétendre.*^-

1314 4981 2354 5113 STATUA.

113 5139 249 5276 Je
285 5136 590 5290 puis,
644 5126 903 5252 fans
946 5123 1475 5256 offencer
1508 5150 1673 5261 les
1722 5184 2140 5271 mânes
2187 5154 3034 5306 d’Alexandre,

117 5305 690 5425 Ranimer
737 5303 1842 5476 aujourd’huydans
1899 5357 2194 5439 mon
2239 5362 2576 5446 cœur
2621 5329 2994 5445 abarn

111 5469 322 5595 Un
371 5503 798 5589 anvwar
857 5472 1365 5590 immolé
1399 5482 2100 5645 longtemps
2149 5484 2217 5609 à
2251 5535 2444 5609 ma
2491 5526 2874 5614 vertu*

113 5632 432 5763 Mais
473 5648 964 5763 Roxane
1021 5675 1088 5752 a
1145 5648 1560 5763 trouvé
1613 5661 2200 5783 Lconatus
2253 5661 2821 5807 aimable,

107 5815 248 5932 Et
289 5844 486 5922 ma
525 5805 884 5927 flame
921 5800 978 5923 à
1027 5805 1192 5923 fes
1224 5846 1526 5971 yeux
1577 5854 1778 5932 me
1825 5860 1962 5937 va
2015 5825 2434 5946 rendre
2481 5825 3113 5990 coupable-

116 5969 619 6110 Cleone,
669 5978 888 6091 elle
922 6009 1198 6131 peut
1259 6010 1559 6130 tout,
1616 5985 1783 6100 les
1840 5988 2721 6115 Macédoniens

108 6143 711 6270 Prennent
742 6138 913 6269 fes
956 6142 1565 6314 interefts,
1606 6163 1718 6280 &
1762 6148 2389 6334 négligent
2432 6164 2603 6289 les
2640 6158 3033 6290 miens
3052 6238 3089 6299 «
