4085 7048
1153 336 1498 491 TU
1553 348 1682 497 A
1745 350 1874 503 G
1925 352 2038 505 E
2089 353 2358 507 DI
2413 357 2573 510 E.

3411 397 3597 545 13
1393 726 1498 847 R
1553 728 1666 845 O
1725 738 1842 855 X
1897 735 1998 852 A
2045 741 2174 862 N
2237 743 2373 864 H.

167 860 690 1014 Statira?
1265 1052 1846 1176 LEON
1905 1060 2497 1189 ATUS.

789 1213 1306 1330 Comme
1353 1255 1648 1333 vous
1693 1221 1906 1335 elle
1961 1218 2128 1339 efl
2203 1242 2586 1345 Veuve
2647 1218 2796 1344 du
2845 1226 3165 1389 Roy*

175 1359 792 1515 Madame,
831 1411 1316 1497 comme
1371 1421 1660 1496 vous
1693 1387 1910 1501 elle
1955 1382 2120 1507 eft
2157 1388 2497 1535 libre,
2531 1392 2746 1506 elle
2797 1393 2960 1516 efl
3017 1412 3472 1569 Reyneg

170 1542 358 1653 De
403 1528 712 1685 plus,
764 1572 1034 1655 cent
1072 1543 1398 1661 mille
1445 1558 1720 1667 Bras
1775 1546 2416 1676 viendront
2462 1558 2523 1667 b
2539 1552 2635 1672 ri
2651 1552 2810 1676 fer
2857 1556 2964 1676 fa
3013 1563 3512 1743 chaîne^

172 1693 309 1817 Si
356 1694 607 1813 Ion
644 1736 941 1816 nous
982 1709 1093 1818 la
1134 1704 1540 1865 refuse,
1586 1727 1691 1836 &
1751 1713 2129 1880 qu’on
2186 1718 2377 1833 ofe
2422 1719 2917 1841 arrefler

156 1854 451 1988 Une
496 1868 887 2022 Reyne
934 1864 1209 1987 d’un
1242 1868 1531 2041 fang
1568 1918 1797 2040 que
1834 1888 2071 1992 Ton
2122 1879 2381 1997 doit
2434 1879 3052 2047 refpeâer.

1404 2053 2323 2177 ROXÀNE.

172 2175 500 2318 'Ciel/
550 2194 1432 2357 qu’entens-je?

1251 2380 1326 2493 P
1389 2374 1598 2492 ER
1649 2379 1856 2493 DI
1921 2383 2020 2494 C
2083 2384 2182 2497 C
2249 2388 2531 2513 AS.

1111 2540 1739 2703 Seigneur,
1775 2579 2060 2658 vous
2103 2545 2600 2708 ignorez
2641 2585 2916 2707 peut
2949 2559 3306 2683 -eflré

167 2696 450 2844 Que
487 2733 786 2814 nous
831 2700 1218 2858 parler
1261 2700 1551 2820 ainfî
1595 2700 1861 2824 c’efl
1921 2750 2226 2838 nous
2277 2721 2654 2863 parler
2685 2759 2828 2834 en
2875 2730 3437 2897 Maiftre,
3412 2748 3442 2809 1

168 2870 312 2985 Et
346 2900 630 2979 vous
672 2862 1034 2985 devez
1080 2868 1334 3037 agir
1368 2911 1642 2994 avec
1684 2877 2084 2992 moins
2126 2879 2270 2994 de
2310 2881 2852 3042 hauteur;

166 3022 761 3151 Attendez
807 3037 1165 3198 qu’un
1232 3037 1755 3160 Combat
1786 3084 2075 3164 vous
2118 3045 2475 3161 rende
2510 3055 2611 3166 le
2656 3056 3364 3222 vainqueur*

166 3193 499 3312 Mais
536 3206 645 3355 je
682 3237 971 3320 veux
1022 3241 1311 3320 vous
1348 3206 1743 3325 ouvrir
1796 3245 2081 3326 mon
2136 3254 2405 3326 ame
2442 3250 2771 3334 toute
2828 3230 3336 3388 entière,

170 3362 810 3515 Oiiy,c’efl
856 3373 1376 3534 moyqui
1422 3371 1861 3494 retiens
1898 3372 2007 3486 la
2056 3390 2453 3535 Reyne
2510 3382 3300 3543 prisonnière.

157 3519 493 3642 Mais
531 3522 999 3679 fçachez
1050 3575 1277 3694 que
1311 3536 1471 3651 les
1513 3536 1739 3652 fers
1796 3577 2025 3694 que
2074 3547 2351 3699 j'ote
2409 3542 2591 3700 luy
2633 3552 3101 3671 donner

151 3688 366 3812 Ne
391 3689 1098 3813 rattachent
1139 3699 1316 3854 icy
1362 3742 1588 3864 que
1629 3738 1924 3854 pour
1975 3703 2118 3861 l'y
2165 3741 2901 3845 couronner.*

1295 3872 1374 3981 L
1441 3878 1516 3982 E
1571 3868 1850 3989 ON
1899 3869 2479 3997 ATUS.

155 4024 324 4150 3La
376 4052 1098 4172 couronner,
1153 4058 1500 4152 vous?

1218 4203 1305 4312 P
1368 4205 1439 4314 E
1508 4204 1599 4307 R
1654 4204 1765 4317 D
1834 4204 1875 4312 ï
1932 4209 2031 4318 C
2088 4209 2181 4317 C
2234 4208 2329 4321 A
2384 4204 2512 4323 S,

1460 4374 1798 4521 M°y,
1858 4368 2001 4523 Je
2058 4364 2533 4521 précens
2574 4390 2683 4493 &
2731 4379 3219 4540 j'efperS

160 4514 439 4668 Que
466 4544 775 4629 cette
818 4515 1151 4635 main
1192 4519 1305 4638 la
1348 4530 1677 4683 place
1722 4570 1871 4644 au
1908 4531 2323 4648 Trône
2374 4530 2509 4649 de
2550 4539 2751 4663 son
2822 4554 3154 4692 Pere*

1288 4700 1370 4809 L
1426 4706 1506 4812 E
1566 4699 1852 4818 ON
1912 4705 2300 4823 ATU
2360 4709 2483 4827 S.

161 4847 484 4974 Mais
525 4846 636 4961 la
677 4858 1127 5008 Reyne,
1169 4857 1787 5018 Seigneur,
1835 4856 2280 4979 suivant
2317 4899 2446 4978 ce
2482 4876 2864 5038 grand
2915 4879 3413 5066 deffemj

147 5011 1064 5159 Voudra-t-elle
1111 5016 1380 5135 d’un
1439 5022 1852 5141 Trône
1883 5021 2232 5144 offert
2277 5031 2416 5150 de
2457 5036 2838 5163 voftre
2885 5051 3272 5183 main?

1397 5197 2351 5320 ROXANE.

152 5352 305 5467 Et
345 5372 960 5510 pourquoy
998 5391 1292 5490 non,
1333 5352 1972 5514 Seigneur?
2049 5366 2127 5481 S
2146 5401 2244 5476 ta
2267 5367 2484 5485 tira
2549 5376 3334 5548 pouroit-cllç

152 5498 635 5631 Refufer
686 5546 913 5626 une
945 5522 1277 5671 place
1324 5517 1477 5636 où
1532 5517 2133 5642 Perdiccas
2184 5534 2707 5690 l'apelle?

1120 5692 1351 5801 CA
1430 5692 1607 5812 SS
1698 5697 1783 5805 A
1848 5702 1963 5811 N
2034 5702 2139 5811 D
2204 5708 2478 5831 ER.

160 5829 785 5977 Madame,
862 5845 1301 5967 Statira
1358 5843 1699 5967 feroit
1752 5859 2183 6012 plutofl
2230 5863 2543 5987 refus

157 6010 358 6128 De
399 5999 995 6151 l’Unwcrs
1061 6009 1461 6158 offert,
1508 6057 1735 6185 que
1787 6017 1923 6143 de
1972 6037 2621 6176 Leonatus,

2966 6221 3095 6352 H
