4085 7100
487 445 681 643 &
1591 451 1905 609 ST
1943 454 2073 603 A
2127 452 2381 607 TI
2459 452 2597 609 R
2655 466 2844 652 A,

1557 669 2207 793 PERDI
2277 673 2379 795 C
2445 683 2906 809 CAS,

497 806 778 930 Nos
829 804 1325 944 deffeins
1373 824 1639 944 font
1696 829 2119 989 pareils
2166 830 2721 1008 ainfîque
2774 878 2991 964 nos
3048 840 3754 997 tendrelîe?^

487 971 1624 1154 Alais^eïgneur.il
1691 1001 2041 1165 s’agit
2083 1000 2237 1120 du
2285 1041 2623 1125 cœur
2657 1007 2853 1130 des
2897 1012 3195 1135 deux
3255 1010 3951 1169 Princeffe$y

477 1138 852 1262 Nous
907 1152 1384 1272 aimons
1435 1160 1678 1278 l'un
1741 1182 1850 1286 SL
1887 1172 2353 1315 l'autre,
2445 1192 2556 1298 &
2602 1177 3256 1337 peut-eftre
3317 1216 3584 1303 tous
3631 1178 3946 1321 deu;ç

485 1304 852 1430 Nous
889 1357 1332 1439 aurons
1379 1329 1830 1451 mefme
1877 1328 2110 1453 fort
2154 1377 2456 1498 pour
2519 1339 2658 1463 de
2705 1343 3398 1469 femblables
3455 1344 3775 1522 feuxj

477 1472 1148 1635 J'ayfauvé
1207 1496 1654 1615 Statira
1707 1500 1910 1616 des
1951 1497 2414 1621 fureurs
2451 1505 2594 1625 de
2651 1525 3158 1634 Roxane

475 1646 670 1763 Bu
721 1643 996 1762 bute
1043 1695 1268 1773 aux
1315 1696 1874 1782 cruautez
1917 1662 2060 1786 de
2117 1667 2218 1782 la
2265 1667 2542 1792 fîere
2597 1673 3139 1826 Perfane,

485 1814 850 1925 Cette
899 1813 1340 1942 ilîuftre
1397 1823 1976 1953 Princeffe
2029 1837 2424 1954 auroit
2485 1837 2844 1998 perdu
2901 1848 3002 1963 le
3043 1857 3314 2006 jour

471 1972 796 2095 Sans
836 1976 1002 2096 les
1059 1981 1374 2110 foins
1427 1991 2070 2154 emprelî'ez
2111 2006 2540 2167 qu’elle
2587 2000 2838 2125 doit
2885 2005 2949 2128 à
2985 2015 3500 2134 l’amour
3501 2082 3550 2173 5

470 2132 850 2262 Nous
888 2143 1340 2276 devons
1377 2161 1922 2311 pénétrer
1975 2172 2368 2330 quelle
2411 2166 2854 2334 jàloufe
2895 2176 3236 2296 envie

480 2300 699 2423 L'a
726 2309 945 2431 fait
1000 2320 1922 2449 inceflamment
1966 2372 2364 2454 armer
2411 2377 2830 2458 contre
2871 2337 2976 2459 fa
3023 2344 3260 2488 vie,

476 2470 1149 2606 Pcut-eftre
1195 2510 1560 2659 qu’un
1612 2496 1955 2620 Rival
1986 2500 2311 2620 aimé
2352 2499 2496 2623 de
2534 2540 2918 2629 toutes
2962 2510 3262 2634 deux

476 2636 791 2758 Leur
840 2690 909 2761 a
952 2642 1169 2771 fait
1216 2672 1649 2814 rejeter
1706 2705 1923 2781 nos
1976 2661 2512 2819 services,
2572 2710 2790 2790 nos
2832 2714 3236 2797 vœux-

486 2808 575 2929 §
588 2814 945 2929 tarira
990 2827 1463 2992 malgré
1500 2866 1785 2987 moy
1834 2872 2105 2952 veut
2142 2829 2511 2958 fuivre
2568 2838 3242 2996 Ptolomée,

486 2966 1159 3104 Peut-cftre
1200 3033 1331 3110 ce
1386 2996 1737 3114 Rival
1784 2996 2109 3121 eft-il
2160 2999 2451 3120 dans
2508 2989 2713 3124 fon
2774 3004 3269 3134 Armée?

476 3132 1087 3271 Leonatus
1140 3155 1844 3321 peut-eftre,
1892 3167 2099 3295 ah/
2156 3171 2794 3334 Seigneur,
2867 3186 3105 3338 j'en
3146 3172 3563 3301 frémis
3588 3270 3612 3314 t
3626 3189 3761 3325 ,*3

1554 3327 2886 3467 cassander;

480 3480 811 3654 Oiiy,
882 3481 1160 3614 cVft
1192 3494 1295 3619 le
1332 3493 1585 3659 plus
1618 3504 2066 3621 mortel
2102 3499 2241 3624 de
2278 3543 2537 3623 tous
2582 3543 2795 3627 vos
2858 3509 3470 3668 Ennemis,

476 3646 1135 3796 Leonatus,
1200 3662 1834 3824 Seigneur,
1872 3666 2173 3786 dans
2216 3680 2319 3790 le
2372 3710 2707 3840 party
2760 3671 3363 3793 contraire

476 3822 801 3941 Sans
829 3819 1247 3947 -doute
1284 3826 1460 3953 eft
1490 3871 1619 3947 ce
1690 3837 2032 3957 Rival
2062 3880 2291 4005 que
2332 3847 2579 3962 leur
2622 3881 2961 3963 cœur
2994 3882 3295 3962 nous
3342 3831 3872 4006 préfereZ.
3919 3871 3937 3898 *

1573 4009 2863 4137 PERDICCAS.

464 4142 636 4303 Je
687 4141 958 4310 fçais
999 4190 1315 4323 trop,
1353 4160 1420 4281 à
1461 4159 1663 4281 fon
1721 4205 2012 4286 nom
2038 4264 2065 4318 ,
2123 4191 2232 4294 &
2285 4214 2535 4290 mes
2592 4214 2887 4335 yeux
2921 4210 3120 4290 me
3161 4171 3466 4290 Pont
3513 4171 3742 4337 dir^

461 4312 772 4481 Q^c
835 4326 1302 4443 Statira
1349 4326 1855 4491 soupire,
1893 4350 2002 4456 §L
2063 4350 2550 4456 Roxane
2603 4342 3039 4506 rougit*

465 4479 806 4604 C’ell
849 4480 1154 4608 ailéz
1200 4533 1496 4647 pour
1539 4499 1824 4614 tirer
1863 4498 1998 4618 de
2039 4494 2404 4622 fortes
2441 4509 3241 4672 conjectures,

477 4649 1148 4774 Pénétrons
1191 4660 1498 4779 leurs
1539 4660 2032 4789 deffeins
2073 4710 2370 4825 pour
2406 4676 2908 4835 prendre
2951 4713 3168 4793 nos
3211 4666 3782 4848 mefures^

463 4812 577 4927 Il
633 4812 890 4941 faut
923 4851 988 4922 a
1043 4821 1674 4982 profond»
1711 4870 1844 4952 ce
1897 4830 2370 4962 miftere
2417 4880 2566 4957 en
2623 4880 2756 4956 ce
2793 4857 3109 5001 jour,

453 4988 678 5143 Icy
727 4993 842 5108 la
887 5013 958 5124 p
1011 4994 1512 5162 olitique
1569 4998 1733 5123 eft
1773 5009 2050 5123 unie
2117 5003 2185 5124 à
2225 5008 2819 5131 l’Amour.

487 5150 1399 5309 Roxanevient,
1441 5170 1897 5324 parlez,
1955 5165 2576 5294 l'occafion
2631 5170 2797 5289 eft
2845 5171 3198 5323 belle,

451 5316 1130 5494 ^cigneuî,
1163 5342 1276 5491 je
1309 5369 1506 5457 me
1565 5341 1966 5495 retire,
2005 5356 2114 5461 &
2151 5375 2444 5470 vous
2481 5335 2800 5466 laiffe
2837 5380 3354 5513 avecque
3395 5341 3746 5475 elfe*.
