4085 7126
406 427 575 572 tzL-
1510 334 2182 516 STAT
2242 351 2782 543 ira;

424 583 942 711 Cleone,
1004 568 1468 742 chaque
1509 573 1954 696 inftaut
2002 572 2560 692 redouble
2602 611 2898 692 mon
2956 558 3390 727 effroy,"

420 755 641 869 les
680 745 1017 864 traits
1068 750 1277 913 qui
1314 778 1607 863 vont
1642 740 1709 864 à
1756 744 1945 899 luy
1992 730 2569 860 semblent
2630 735 3105 855 tomber
3156 736 3331 855 fur
3372 705 3729 894 môy|

429 912 1086 1081 C’eftmoy
1127 915 1592 1080 quii’ay
1649 907 2068 1070 perdu,
2115 907 2923 1030 malheureufe
2985 896 3571 1027 PrinceiFe
3581 986 3636 1052 a

424 1085 1064 1248 Pourquoy
1122 1092 1714 1204 Lconatus
1766 1078 2116 1193 eut-il
2174 1118 2432 1199 tant
2484 1080 2622 1195 de
2672 1075 2952 1199 tend
2970 1074 3302 1199 relie?

430 1261 751 1375 Sans
782 1289 1035 1366 mes
1072 1246 1723 1406 coupables
1770 1285 2057 1404 yeux
2094 1246 2171 1360 il
2233 1257 2555 1367 n’eut
2596 1246 2849 1362 rien
2906 1237 3557 1405 entrepris;

443 1420 877 1532 Faut-il
931 1414 1225 1581 qu’il
1275 1457 1414 1538 en
1477 1418 1935 1576 reçoive
1993 1452 2141 1529 un
2205 1413 2284 1532 fi
2327 1408 2790 1533 fimefte
2827 1414 3157 1571 prix?

434 1585 712 1743 Que
754 1586 956 1705 fou
1014 1625 1070 1701 a
1088 1620 1296 1700 me
1330 1585 1492 1699 ait
1546 1576 1788 1700 èfle
1820 1619 2116 1743 pour
2154 1623 2436 1743 moy
2490 1618 2756 1738 trop
2794 1571 3434 1695 enflâmée?

438 1763 549 1875 Il
597 1802 677 1873 il
719 1757 1115 1876 auroit
1171 1753 1511 1910 point
1561 1748 1895 1910 péry,
1959 1752 2131 1867 s’il
2195 1767 2421 1867 m'a
2445 1748 2687 1871 voit
2745 1742 3149 1866 moins
3197 1728 3661 1872 aimée;

1697 1930 1794 2044 C
1855 1929 1934 2033 L
1997 1928 2078 2039 H
2125 1934 2236 2038 O
2311 1929 2422 2039 N
2489 1930 2614 2044 E.

440 2095 794 2236 Non,
842 2082 1660 2231 Madame,les
1718 2087 2106 2210 Dieux
2154 2082 2736 2246 prendrôt
2784 2077 3026 2199 foin
3080 2076 3430 2200 defes
3482 2081 3882 2234 jourSj

435 2263 505 2423 J
563 2298 623 2373 a
635 2304 701 2418 y
753 2297 967 2378 veu
1029 2254 1167 2373 de
1207 2257 1453 2373 loin
1497 2258 1831 2373 voler
1879 2269 2373 2377 Roxanc
2431 2253 2495 2373 à
2549 2254 2741 2372 fon
2789 2249 3297 2387 fecours,

439 2435 706 2549 Son
759 2465 1100 2544 cœur
1153 2450 1178 2590 (
1225 2429 1498 2541 n’en
1535 2422 1970 2540 doutez
2021 2426 2368 2579 point
2425 2425 2452 2565 )
2523 2420 2722 2540 das
2773 2459 2904 2535 ce
2945 2421 3244 2579 péril
3285 2412 3896 2565 cxt£éme|

440 2589 1134 2716 L’entraîne
1176 2608 1280 2712 &
1344 2593 1452 2703 la
1500 2594 1906 2712 côduit
1958 2632 2260 2747 pour
2312 2587 2712 2713 sauver
2764 2627 2898 2703 ce
2946 2589 3374 2757 qu’elle
3422 2578 3803 2729 aime*

445 2766 695 2885 Elle
739 2760 1129 2924 fçaura
1177 2761 1645 2880 calmer
1681 2760 1783 2876 la
1837 2755 2235 2875 fureur
2283 2759 2481 2875 des
2529 2755 3071 2894 Soldats,

439 2937 592 3055 Et
631 2927 1140 3052 dérober
1187 2922 1296 3042 fa
1348 2927 1528 3047 vie
1580 2966 1734 3046 au
1791 2927 1950 3042 fer
2007 2926 2146 3046 de
2217 2927 2878 3081 Perdiccas^

448 3104 785 3272 Oîiy,
842 3094 1469 3247 Madame,
1516 3090 2175 3258 espérez....

1663 3272 1911 3396 ST
1963 3276 2219 3386 AT
2287 3271 2475 3385 IR
2533 3272 2677 3384 A.

2282 3428 2928 3591 Efpérance
2999 3414 3410 3543 fatale/

458 3601 873 3793 Q^foy,
922 3645 1219 3725 mon
1270 3609 1723 3724 Amant
1756 3595 2225 3720 dévroit
2266 3605 2373 3720 la
2420 3601 2595 3725 vie
2646 3596 2707 3720 à
2744 3635 2947 3714 ma
3004 3591 3497 3716 Rivale?

463 3778 775 3916 Ciel,
833 3817 977 3892 en
1025 3812 1217 3893 me
1283 3765 1915 3921 rassurant,
1993 3807 2115 3887 tu
2159 3766 2781 3887 redoubles
2839 3806 3035 3887 ma
3083 3793 3426 3922 peur.

468 3955 612 4063 Et
666 3979 966 4104 pour
1010 3984 1204 4059 me
1250 3930 1846 4089 confbler,
1894 3969 2028 4055 tu
2072 3976 2264 4054 me
2304 3974 2702 4103 perces
2740 3939 2840 4055 le
2892 3970 3286 4059 cœur.

468 4116 991 4261 Cruelle,
1034 4156 1261 4270 voy
1314 4147 1611 4222 mon
1662 4147 1935 4226 amc
2002 4102 2681 4270 également
2728 4141 3281 4245 atteinte,

469 4280 917 4403 Frémir
955 4285 1095 4403 de
1131 4255 1845 4437 l'espérance
1899 4308 2319 4390 autant
2361 4308 2593 4437 que
2631 4264 2775 4384 de
2813 4275 2921 4387 la
2969 4264 3488 4407 crainte,

472 4461 848 4575 L’une
892 4465 1000 4571 &
1044 4451 1448 4566 l’autre
1506 4437 2206 4590 m’accable,
2258 4455 2368 4562 &
2406 4480 2598 4556 me
2646 4432 2864 4555 fait
2916 4431 3444 4594 foûpirer
3452 4504 3488 4585 ;

468 4604 897 4743 Hfe'las!
945 4658 1173 4787 que
1212 4614 1661 4767 dois-je
1697 4608 2289 4756 craindre,
2331 4647 2491 4723 ou
2539 4644 2761 4772 que
2808 4608 3257 4758 dois-je
3311 4588 3820 4757 efpérer^

473 4790 806 4915 Mais
847 4805 962 4950 je
999 4828 1218 4944 voy
1275 4777 1934 4933 Pe'rdiccas,
1973 4790 2078 4905 K
2125 4790 2240 4938 je
2281 4774 2696 4900 crains
2735 4771 2874 4896 de
2925 4781 3154 4895 l'en
3173 4767 3582 4890 tendre
3595 4860 3656 4924 ^

468 4938 956 5093 liaient
994 4953 1064 5081 à
1102 4991 1462 5091 nous,
