<?xml version="1.0" encoding="UTF-8" standalone="yes"?>
<PcGts xmlns="http://schema.primaresearch.org/PAGE/gts/pagecontent/2013-07-15" xmlns:xsi="http://www.w3.org/2001/XMLSchema-instance" xsi:schemaLocation="http://schema.primaresearch.org/PAGE/gts/pagecontent/2013-07-15 http://schema.primaresearch.org/PAGE/gts/pagecontent/2013-07-15/pagecontent.xsd">
    <Metadata>
        <Creator></Creator>
        <Created>2019-01-31T11:47:36.683+01:00</Created>
        <LastChange>2019-07-26T16:46:18.573+02:00</LastChange>
        <Comments>
                Measurement unit: pixel
                PrimaryLanguage: English
                Language: FrenchStandard
                Producer: ABBYY FineReader Engine 11</Comments>
        <TranskribusMetadata docId="188360" pageId="7477930" pageNr="43" tsid="13145861" status="DONE" userId="10612" imgUrl="https://files.transkribus.eu/Get?id=TTHUOZHSDPFRSWOESPJJGMSX&amp;fileType=view" xmlUrl="https://files.transkribus.eu/Get?id=XWDTVJFPXKVGBJPFAQYMQFFZ" imageId="2612582"/>
    </Metadata>
    <Page imageFilename="Pradon1680_Statira_cb311463583_corrected_0043.png" imageWidth="4000" imageHeight="7057">
        <PrintSpace>
            <Coords points="25,56 4000,56 4000,6960 25,6960"/>
        </PrintSpace>
        <ReadingOrder>
            <OrderedGroup id="ro_1604226093580" caption="Regions reading order">
                <RegionRefIndexed index="0" regionRef="r_1_1"/>
                <RegionRefIndexed index="1" regionRef="r_1_2"/>
                <RegionRefIndexed index="2" regionRef="r_1_3"/>
                <RegionRefIndexed index="3" regionRef="r_1_4"/>
                <RegionRefIndexed index="4" regionRef="r_1_5"/>
                <RegionRefIndexed index="5" regionRef="r_1_6"/>
                <RegionRefIndexed index="6" regionRef="r_1_7"/>
                <RegionRefIndexed index="7" regionRef="r_1_8"/>
                <RegionRefIndexed index="8" regionRef="r_2_1"/>
                <RegionRefIndexed index="9" regionRef="r_2_2"/>
                <RegionRefIndexed index="10" regionRef="r_2_3"/>
                <RegionRefIndexed index="11" regionRef="r_2_4"/>
                <RegionRefIndexed index="12" regionRef="r_2_5"/>
                <RegionRefIndexed index="13" regionRef="r_3_1"/>
                <RegionRefIndexed index="14" regionRef="r_3_2"/>
                <RegionRefIndexed index="15" regionRef="r_3_3"/>
                <RegionRefIndexed index="16" regionRef="r_3_4"/>
                <RegionRefIndexed index="17" regionRef="r_4_1"/>
                <RegionRefIndexed index="18" regionRef="r_4_2"/>
                <RegionRefIndexed index="19" regionRef="r_4_3"/>
                <RegionRefIndexed index="20" regionRef="r_4_4"/>
                <RegionRefIndexed index="21" regionRef="r_4_5"/>
                <RegionRefIndexed index="22" regionRef="r_4_6"/>
            </OrderedGroup>
        </ReadingOrder>
        <TextRegion type="paragraph" id="r_1_1" custom="readingOrder {index:0;}">
            <Coords points="1118,346 3613,346 3613,552 1118,552"/>
            <TextLine id="tl_1" primaryLanguage="English" custom="readingOrder {index:0;}">
                <Coords points="1119,347 3612,347 3612,551 1119,551"/>
                <Baseline points="1119,499 2563,504 3612,551"/>
                <Word id="w_w2aab1b1b2b1b1ab1" language="English" custom="readingOrder {index:0;}">
                    <Coords points="1119,347 2563,347 2563,508 1119,508"/>
                    <TextEquiv>
                        <Unicode>TRAGEDIE.</Unicode>
                    </TextEquiv>
                    <TextStyle fontFamily="Times New Roman" fontSize="12.0" bold="true"/>
                </Word>
                <Word id="w_w2aab1b1b2b1b1ac21" language="English" custom="readingOrder {index:1;}">
                    <Coords points="3427,379 3612,379 3612,551 3427,551"/>
                    <TextEquiv>
                        <Unicode>**</Unicode>
                    </TextEquiv>
                    <TextStyle fontFamily="Times New Roman" fontSize="12.0" bold="true"/>
                </Word>
                <TextEquiv>
                    <Unicode>TRAGEDIE. 25</Unicode>
                </TextEquiv>
                <TextStyle fontFamily="Times New Roman" fontSize="12.0" bold="true"/>
            </TextLine>
            <TextEquiv>
                <Unicode>TRAGEDIE. 25</Unicode>
            </TextEquiv>
        </TextRegion>
        <TextRegion type="paragraph" id="r_1_2" custom="readingOrder {index:1;}">
            <Coords points="143,530 3177,530 3177,724 143,724"/>
            <TextLine id="tl_2" primaryLanguage="English" custom="readingOrder {index:0;}">
                <Coords points="144,531 3176,531 3176,723 144,723"/>
                <Baseline points="145,660 262,656 881,688 1091,673 1305,675 1569,679 1767,680 1885,683 2275,679 2401,680 3175,683"/>
                <Word id="w_w2aab1b1b2b3b1ab1" language="English" custom="readingOrder {index:0;}">
                    <Coords points="145,531 262,531 262,660 145,660"/>
                    <TextEquiv>
                        <Unicode>ÎÎ</Unicode>
                    </TextEquiv>
                    <TextStyle fontFamily="Times New Roman" fontSize="8.5"/>
                </Word>
                <Word id="w_w2aab1b1b2b3b1ab7" language="English" custom="readingOrder {index:1;}">
                    <Coords points="295,543 881,543 881,693 295,693"/>
                    <TextEquiv>
                        <Unicode>aptoche,</Unicode>
                    </TextEquiv>
                    <TextStyle fontFamily="Times New Roman" fontSize="8.5"/>
                </Word>
                <Word id="w_w2aab1b1b2b3b1ac25" language="English" custom="readingOrder {index:2;}">
                    <Coords points="933,590 1091,590 1091,673 933,673"/>
                    <TextEquiv>
                        <Unicode>on</Unicode>
                    </TextEquiv>
                    <TextStyle fontFamily="Times New Roman" fontSize="8.5"/>
                </Word>
                <Word id="w_w2aab1b1b2b3b1ac31" language="English" custom="readingOrder {index:3;}">
                    <Coords points="1155,562 1305,562 1305,675 1155,675"/>
                    <TextEquiv>
                        <Unicode>l'a</Unicode>
                    </TextEquiv>
                    <TextStyle fontFamily="Times New Roman" fontSize="8.5"/>
                </Word>
                <Word id="w_w2aab1b1b2b3b1ac39" language="English" custom="readingOrder {index:4;}">
                    <Coords points="1347,600 1569,600 1569,680 1347,680"/>
                    <TextEquiv>
                        <Unicode>veu</Unicode>
                    </TextEquiv>
                    <TextStyle fontFamily="Times New Roman" fontSize="8.5"/>
                </Word>
                <Word id="w_w2aab1b1b2b3b1ac47" language="English" custom="readingOrder {index:5;}">
                    <Coords points="1615,561 1767,561 1767,680 1615,680"/>
                    <TextEquiv>
                        <Unicode>du</Unicode>
                    </TextEquiv>
                    <TextStyle fontFamily="Times New Roman" fontSize="8.5"/>
                </Word>
                <Word id="w_w2aab1b1b2b3b1ac53" language="English" custom="readingOrder {index:6;}">
                    <Coords points="1807,562 2095,562 2095,684 1807,684"/>
                    <TextEquiv>
                        <Unicode>haut</Unicode>
                    </TextEquiv>
                    <TextStyle fontFamily="Times New Roman" fontSize="8.5"/>
                </Word>
                <Word id="w_w2aab1b1b2b3b1b1b1" language="English" custom="readingOrder {index:7;}">
                    <Coords points="2131,562 2275,562 2275,679 2131,679"/>
                    <TextEquiv>
                        <Unicode>de</Unicode>
                    </TextEquiv>
                    <TextStyle fontFamily="Times New Roman" fontSize="8.5" italic="true"/>
                </Word>
                <Word id="w_w2aab1b1b2b3b1b1b7" language="English" custom="readingOrder {index:8;}">
                    <Coords points="2321,604 2539,604 2539,681 2321,681"/>
                    <TextEquiv>
                        <Unicode>nos</Unicode>
                    </TextEquiv>
                    <TextStyle fontFamily="Times New Roman" fontSize="8.5" italic="true"/>
                </Word>
                <Word id="w_w2aab1b1b2b3b1b2b3" language="English" custom="readingOrder {index:9;}">
                    <Coords points="2589,571 3175,571 3175,722 2589,722"/>
                    <TextEquiv>
                        <Unicode>Rempâr^</Unicode>
                    </TextEquiv>
                    <TextStyle fontFamily="Times New Roman" fontSize="8.5"/>
                </Word>
                <TextEquiv>
                    <Unicode>Il aproche, on l'a veu du haut de nos Rempars</Unicode>
                </TextEquiv>
            </TextLine>
            <TextEquiv>
                <Unicode>Il aproche, on l'a veu du haut de nos Rempars</Unicode>
            </TextEquiv>
        </TextRegion>
        <TextRegion type="paragraph" id="r_1_3" custom="readingOrder {index:2;}">
            <Coords points="142,706 3498,706 3498,1236 142,1236"/>
            <TextLine id="tl_3" primaryLanguage="English" custom="readingOrder {index:0;}">
                <Coords points="149,707 3098,707 3098,883 149,883"/>
                <Baseline points="150,826 482,825 968,835 1228,834 1616,845 2206,845 2420,844 3098,883"/>
                <Word id="w_w2aab1b1b2b5b1ab1" language="English" custom="readingOrder {index:0;}">
                    <Coords points="150,708 482,708 482,826 150,826"/>
                    <TextEquiv>
                        <Unicode>Faire</Unicode>
                    </TextEquiv>
                    <TextStyle fontFamily="Times New Roman" fontSize="8.5"/>
                </Word>
                <Word id="w_w2aab1b1b2b5b1ac13" language="English" custom="readingOrder {index:1;}">
                    <Coords points="554,755 968,755 968,836 554,836"/>
                    <TextEquiv>
                        <Unicode>contre</Unicode>
                    </TextEquiv>
                    <TextStyle fontFamily="Times New Roman" fontSize="8.5"/>
                </Word>
                <Word id="w_w2aab1b1b2b5b1ac27" language="English" custom="readingOrder {index:2;}">
                    <Coords points="1006,760 1228,760 1228,836 1006,836"/>
                    <TextEquiv>
                        <Unicode>nos</Unicode>
                    </TextEquiv>
                    <TextStyle fontFamily="Times New Roman" fontSize="8.5"/>
                </Word>
                <Word id="w_w2aab1b1b2b5b1ac35" language="English" custom="readingOrder {index:3;}">
                    <Coords points="1280,741 1616,741 1616,845 1280,845"/>
                    <TextEquiv>
                        <Unicode>Murs</Unicode>
                    </TextEquiv>
                    <TextStyle fontFamily="Times New Roman" fontSize="8.5"/>
                </Word>
                <Word id="w_w2aab1b1b2b5b1ac45" language="English" custom="readingOrder {index:4;}">
                    <Coords points="1664,732 2206,732 2206,851 1664,851"/>
                    <TextEquiv>
                        <Unicode>marches</Unicode>
                    </TextEquiv>
                    <TextStyle fontFamily="Times New Roman" fontSize="8.5"/>
                </Word>
                <Word id="w_w2aab1b1b2b5b1ac61" language="English" custom="readingOrder {index:5;}">
                    <Coords points="2268,731 2420,731 2420,850 2268,850"/>
                    <TextEquiv>
                        <Unicode>fes</Unicode>
                    </TextEquiv>
                    <TextStyle fontFamily="Times New Roman" fontSize="8.5"/>
                </Word>
                <Word id="w_w2aab1b1b2b5b1ac69" language="English" custom="readingOrder {index:6;}">
                    <Coords points="2481,731 3098,731 3098,883 2481,883"/>
                    <TextEquiv>
                        <Unicode>Etendarsj</Unicode>
                    </TextEquiv>
                    <TextStyle fontFamily="Times New Roman" fontSize="8.5"/>
                </Word>
                <TextEquiv>
                    <Unicode>Faire contre nos Murs marcher ſes Etendars;</Unicode>
                </TextEquiv>
                <TextStyle fontFamily="Times New Roman" fontSize="8.5"/>
            </TextLine>
            <TextLine id="tl_4" primaryLanguage="English" custom="readingOrder {index:1;}">
                <Coords points="154,871 3497,871 3497,1068 154,1068"/>
                <Baseline points="155,992 501,991 1115,1006 1427,1006 1695,1005 2051,1056 2663,1012 2807,1011 3497,1068"/>
                <Word id="w_w2aab1b1b2b5b3ab1" language="English" custom="readingOrder {index:0;}">
                    <Coords points="155,873 501,873 501,992 155,992"/>
                    <TextEquiv>
                        <Unicode>Nous</Unicode>
                    </TextEquiv>
                    <TextStyle fontFamily="Times New Roman" fontSize="8.5"/>
                </Word>
                <Word id="w_w2aab1b1b2b5b3ac11" language="English" custom="readingOrder {index:1;}">
                    <Coords points="540,916 1115,916 1115,1040 540,1040"/>
                    <TextEquiv>
                        <Unicode>pourrons</Unicode>
                    </TextEquiv>
                    <TextStyle fontFamily="Times New Roman" fontSize="8.5"/>
                </Word>
                <Word id="w_w2aab1b1b2b5b3ac29" language="English" custom="readingOrder {index:2;}">
                    <Coords points="1152,882 1427,882 1427,1011 1152,1011"/>
                    <TextEquiv>
                        <Unicode>d’un</Unicode>
                    </TextEquiv>
                    <TextStyle fontFamily="Times New Roman" fontSize="8.5"/>
                </Word>
                <Word id="w_w2aab1b1b2b5b3ac39" language="English" custom="readingOrder {index:3;}">
                    <Coords points="1460,886 1695,886 1695,1011 1460,1011"/>
                    <TextEquiv>
                        <Unicode>fcul</Unicode>
                    </TextEquiv>
                    <TextStyle fontFamily="Times New Roman" fontSize="8.5"/>
                </Word>
                <Word id="w_w2aab1b1b2b5b3ac49" language="English" custom="readingOrder {index:4;}">
                    <Coords points="1748,936 2051,936 2051,1056 1748,1056"/>
                    <TextEquiv>
                        <Unicode>coup</Unicode>
                    </TextEquiv>
                    <TextStyle fontFamily="Times New Roman" fontSize="8.5"/>
                </Word>
                <Word id="w_w2aab1b1b2b5b3ac59" language="English" custom="readingOrder {index:5;}">
                    <Coords points="2106,893 2663,893 2663,1055 2106,1055"/>
                    <TextEquiv>
                        <Unicode>prévenir</Unicode>
                    </TextEquiv>
                    <TextStyle fontFamily="Times New Roman" fontSize="8.5"/>
                </Word>
                <Word id="w_w2aab1b1b2b5b3ac77" language="English" custom="readingOrder {index:6;}">
                    <Coords points="2700,902 2807,902 2807,1014 2700,1014"/>
                    <TextEquiv>
                        <Unicode>la</Unicode>
                    </TextEquiv>
                    <TextStyle fontFamily="Times New Roman" fontSize="8.5"/>
                </Word>
                <Word id="w_w2aab1b1b2b5b3ac83" language="English" custom="readingOrder {index:7;}">
                    <Coords points="2856,892 3497,892 3497,1068 2856,1068"/>
                    <TextEquiv>
                        <Unicode>tempeftfjj</Unicode>
                    </TextEquiv>
                    <TextStyle fontFamily="Times New Roman" fontSize="8.5"/>
                </Word>
                <TextEquiv>
                    <Unicode>Nous pourrons d’un ſeul coup prévenir la tempeſte,</Unicode>
                </TextEquiv>
                <TextStyle fontFamily="Times New Roman" fontSize="8.5"/>
            </TextLine>
            <TextLine id="tl_5" primaryLanguage="English" custom="readingOrder {index:2;}">
                <Coords points="143,1033 3142,1033 3142,1235 143,1235"/>
                <Baseline points="143,1151 250,1146 448,1151 1061,1201 1749,1214 2208,1175 2700,1180 3141,1215"/>
                <Word id="w_w2aab1b1b2b5b5ab1" language="English" custom="readingOrder {index:0;}">
                    <Coords points="143,1033 250,1033 250,1151 143,1151"/>
                    <TextEquiv>
                        <Unicode>Il</Unicode>
                    </TextEquiv>
                    <TextStyle fontFamily="Times New Roman" fontSize="8.5"/>
                </Word>
                <Word id="w_w2aab1b1b2b5b5ab7" language="English" custom="readingOrder {index:1;}">
                    <Coords points="301,1072 448,1072 448,1151 301,1151"/>
                    <TextEquiv>
                        <Unicode>ne</Unicode>
                    </TextEquiv>
                    <TextStyle fontFamily="Times New Roman" fontSize="8.5"/>
                </Word>
                <Word id="w_w2aab1b1b2b5b5ac13" language="English" custom="readingOrder {index:2;}">
                    <Coords points="495,1043 1061,1043 1061,1201 495,1201"/>
                    <TextEquiv>
                        <Unicode>faudroit,</Unicode>
                    </TextEquiv>
                    <TextStyle fontFamily="Times New Roman" fontSize="8.5"/>
                </Word>
                <Word id="w_w2aab1b1b2b5b5ac33" language="English" custom="readingOrder {index:3;}">
                    <Coords points="1113,1057 1749,1057 1749,1219 1113,1219"/>
                    <TextEquiv>
                        <Unicode>Seigneur,</Unicode>
                    </TextEquiv>
                    <TextStyle fontFamily="Times New Roman" fontSize="8.5"/>
                </Word>
                <Word id="w_w2aab1b1b2b5b5ac53" language="English" custom="readingOrder {index:4;}">
                    <Coords points="1791,1067 2208,1067 2208,1181 1791,1181"/>
                    <TextEquiv>
                        <Unicode>abatre</Unicode>
                    </TextEquiv>
                    <TextStyle fontFamily="Times New Roman" fontSize="8.5"/>
                </Word>
                <Word id="w_w2aab1b1b2b5b5ac67" language="English" custom="readingOrder {index:5;}">
                    <Coords points="2257,1072 2700,1072 2700,1230 2257,1230"/>
                    <TextEquiv>
                        <Unicode>qu’une</Unicode>
                    </TextEquiv>
                    <TextStyle fontFamily="Times New Roman" fontSize="8.5"/>
                </Word>
                <Word id="w_w2aab1b1b2b5b5ac81" language="English" custom="readingOrder {index:6;}">
                    <Coords points="2739,1058 3141,1058 3141,1215 2739,1215"/>
                    <TextEquiv>
                        <Unicode>Tcfte*</Unicode>
                    </TextEquiv>
                    <TextStyle fontFamily="Times New Roman" fontSize="8.5"/>
                </Word>
                <TextEquiv>
                    <Unicode>Il ne faudroit, Seigneur, abatre qu’une Teſte,</Unicode>
                </TextEquiv>
                <TextStyle fontFamily="Times New Roman" fontSize="8.5"/>
            </TextLine>
            <TextEquiv>
                <Unicode>Faire contre nos Murs marcher ſes Etendars;
Nous pourrons d’un ſeul coup prévenir la tempeſte,
Il ne faudroit, Seigneur, abatre qu’une Teſte,</Unicode>
            </TextEquiv>
        </TextRegion>
        <TextRegion type="paragraph" id="r_1_4" custom="readingOrder {index:3;}">
            <Coords points="133,1198 2358,1198 2358,1361 133,1361"/>
            <TextLine id="tl_6" primaryLanguage="English" custom="readingOrder {index:0;}">
                <Coords points="134,1199 2357,1199 2357,1360 134,1360"/>
                <Baseline points="134,1314 497,1325 1135,1336 1335,1337 1525,1336 2356,1360"/>
                <Word id="w_w2aab1b1b2b7b1ab1" language="English" custom="readingOrder {index:0;}">
                    <Coords points="134,1199 497,1199 497,1325 134,1325"/>
                    <TextEquiv>
                        <Unicode>Punir</Unicode>
                    </TextEquiv>
                    <TextStyle fontFamily="Times New Roman" fontSize="8.5"/>
                </Word>
                <Word id="w_w2aab1b1b2b7b1ac13" language="English" custom="readingOrder {index:1;}">
                    <Coords points="550,1214 1135,1214 1135,1337 550,1337"/>
                    <TextEquiv>
                        <Unicode>Leonatus</Unicode>
                    </TextEquiv>
                    <TextStyle fontFamily="Times New Roman" fontSize="8.5"/>
                </Word>
                <Word id="w_w2aab1b1b2b7b1ac31" language="English" custom="readingOrder {index:2;}">
                    <Coords points="1190,1218 1335,1218 1335,1337 1190,1337"/>
                    <TextEquiv>
                        <Unicode>de</Unicode>
                    </TextEquiv>
                    <TextStyle fontFamily="Times New Roman" fontSize="8.5"/>
                </Word>
                <Word id="w_w2aab1b1b2b7b1ac37" language="English" custom="readingOrder {index:3;}">
                    <Coords points="1416,1218 1525,1218 1525,1336 1416,1336"/>
                    <TextEquiv>
                        <Unicode>fa</Unicode>
                    </TextEquiv>
                    <TextStyle fontFamily="Times New Roman" fontSize="8.5"/>
                </Word>
                <Word id="w_w2aab1b1b2b7b1ac43" language="English" custom="readingOrder {index:4;}">
                    <Coords points="1610,1224 2356,1224 2356,1360 1610,1360"/>
                    <TextEquiv>
                        <Unicode>témérité...,</Unicode>
                    </TextEquiv>
                    <TextStyle fontFamily="Times New Roman" fontSize="8.5"/>
                </Word>
                <TextEquiv>
                    <Unicode>Punir Leonatus de ſa temérité....</Unicode>
                </TextEquiv>
                <TextStyle fontFamily="Times New Roman" fontSize="8.5"/>
            </TextLine>
            <TextEquiv>
                <Unicode>Punir Leonatus de ſa temérité....</Unicode>
            </TextEquiv>
        </TextRegion>
        <TextRegion type="paragraph" id="r_1_5" custom="readingOrder {index:4;}">
            <Coords points="1186,1391 2539,1391 2539,1524 1186,1524"/>
            <TextLine id="tl_7" primaryLanguage="English" custom="readingOrder {index:0;}">
                <Coords points="1187,1392 2538,1392 2538,1523 1187,1523"/>
                <Baseline points="1187,1509 2537,1521"/>
                <Word id="w_w2aab1b1b2b9b1ab1" language="English" custom="readingOrder {index:0;}">
                    <Coords points="1187,1393 2537,1393 2537,1521 1187,1521"/>
                    <TextEquiv>
                        <Unicode>CASSANDER.</Unicode>
                    </TextEquiv>
                    <TextStyle fontFamily="Times New Roman" fontSize="8.5"/>
                </Word>
                <TextEquiv>
                    <Unicode>CASSANDER.</Unicode>
                </TextEquiv>
                <TextStyle fontFamily="Times New Roman" fontSize="8.5"/>
            </TextLine>
            <TextEquiv>
                <Unicode>CASSANDER.</Unicode>
            </TextEquiv>
        </TextRegion>
        <TextRegion type="paragraph" id="r_1_6" custom="readingOrder {index:5;}">
            <Coords points="139,1536 2680,1536 2680,1721 139,1721"/>
            <TextLine id="tl_8" primaryLanguage="English" custom="readingOrder {index:0;}">
                <Coords points="140,1537 2679,1537 2679,1720 140,1720"/>
                <Baseline points="140,1668 599,1658 843,1708 1281,1663 1694,1673 2124,1648 2241,1667 2678,1706"/>
                <Word id="w_w2aab1b1b2c11b1ab1" language="English" custom="readingOrder {index:0;}">
                    <Coords points="140,1549 599,1549 599,1668 140,1668"/>
                    <TextEquiv>
                        <Unicode>Contre</Unicode>
                    </TextEquiv>
                    <TextStyle fontFamily="Times New Roman" fontSize="8.5"/>
                </Word>
                <Word id="w_w2aab1b1b2c11b1ac15" language="English" custom="readingOrder {index:1;}">
                    <Coords points="652,1540 843,1540 843,1708 652,1708"/>
                    <TextEquiv>
                        <Unicode>luy</Unicode>
                    </TextEquiv>
                    <TextStyle fontFamily="Times New Roman" fontSize="8.5"/>
                </Word>
                <Word id="w_w2aab1b1b2c11b1ac23" language="English" custom="readingOrder {index:2;}">
                    <Coords points="898,1545 1281,1545 1281,1669 898,1669"/>
                    <TextEquiv>
                        <Unicode>voftre</Unicode>
                    </TextEquiv>
                    <TextStyle fontFamily="Times New Roman" fontSize="8.5"/>
                </Word>
                <Word id="w_w2aab1b1b2c11b1ac37" language="English" custom="readingOrder {index:3;}">
                    <Coords points="1358,1593 1694,1593 1694,1673 1358,1673"/>
                    <TextEquiv>
                        <Unicode>cœur</Unicode>
                    </TextEquiv>
                    <TextStyle fontFamily="Times New Roman" fontSize="8.5"/>
                </Word>
                <Word id="w_w2aab1b1b2c11b1ac47" language="English" custom="readingOrder {index:4;}">
                    <Coords points="1748,1554 2124,1554 2124,1673 1748,1673"/>
                    <TextEquiv>
                        <Unicode>feroit-</Unicode>
                    </TextEquiv>
                    <TextStyle fontFamily="Times New Roman" fontSize="8.5"/>
                </Word>
                <Word id="w_w2aab1b1b2c11b1ac63" language="English" custom="readingOrder {index:5;}">
                    <Coords points="2162,1559 2241,1559 2241,1669 2162,1669"/>
                    <TextEquiv>
                        <Unicode>il</Unicode>
                    </TextEquiv>
                    <TextStyle fontFamily="Times New Roman" fontSize="8.5"/>
                </Word>
                <Word id="w_w2aab1b1b2c11b1ac69" language="English" custom="readingOrder {index:6;}">
                    <Coords points="2298,1553 2678,1553 2678,1706 2298,1706"/>
                    <TextEquiv>
                        <Unicode>irrité,</Unicode>
                    </TextEquiv>
                    <TextStyle fontFamily="Times New Roman" fontSize="8.5"/>
                </Word>
                <TextEquiv>
                    <Unicode>Contre luy voſtre cœur ſeroit-il irrité,</Unicode>
                </TextEquiv>
                <TextStyle fontFamily="Times New Roman" fontSize="8.5"/>
            </TextLine>
            <TextEquiv>
                <Unicode>Contre luy voſtre cœur ſeroit-il irrité,</Unicode>
            </TextEquiv>
        </TextRegion>
        <TextRegion type="paragraph" id="r_1_7" custom="readingOrder {index:6;}">
            <Coords points="134,1698 3455,1698 3455,1894 134,1894"/>
            <TextLine id="tl_9" primaryLanguage="English" custom="readingOrder {index:0;}">
                <Coords points="135,1699 3454,1699 3454,1893 135,1893"/>
                <Baseline points="135,1838 749,1863 906,1834 1797,1834 1963,1839 2439,1842 2829,1847 3453,1867"/>
                <Word id="w_w2aab1b1b2c13b1ab1" language="English" custom="readingOrder {index:0;}">
                    <Coords points="135,1700 749,1700 749,1863 135,1863"/>
                    <TextEquiv>
                        <Unicode>Madame,</Unicode>
                    </TextEquiv>
                    <TextStyle fontFamily="Times New Roman" fontSize="8.5"/>
                </Word>
                <Word id="w_w2aab1b1b2c13b1ac17" language="English" custom="readingOrder {index:1;}">
                    <Coords points="797,1731 906,1731 906,1834 797,1834"/>
                    <TextEquiv>
                        <Unicode>&amp;</Unicode>
                    </TextEquiv>
                    <TextStyle fontFamily="Times New Roman" fontSize="8.5"/>
                </Word>
                <Word id="w_w2aab1b1b2c13b1ac21" language="English" custom="readingOrder {index:2;}">
                    <Coords points="953,1720 1797,1720 1797,1877 953,1877"/>
                    <TextEquiv>
                        <Unicode>pouriçz-vous</Unicode>
                    </TextEquiv>
                    <TextStyle fontFamily="Times New Roman" fontSize="8.5"/>
                </Word>
                <Word id="w_w2aab1b1b2c13b1ac47" language="English" custom="readingOrder {index:3;}">
                    <Coords points="1845,1764 1963,1764 1963,1839 1845,1839"/>
                    <TextEquiv>
                        <Unicode>m</Unicode>
                    </TextEquiv>
                    <TextStyle fontFamily="Times New Roman" fontSize="8.5"/>
                </Word>
                <Word id="w_w2aab1b1b2c13b1ac51" language="English" custom="readingOrder {index:4;}">
                    <Coords points="2019,1720 2439,1720 2439,1842 2019,1842"/>
                    <TextEquiv>
                        <Unicode>aflurer</Unicode>
                    </TextEquiv>
                    <TextStyle fontFamily="Times New Roman" fontSize="8.5"/>
                </Word>
                <Word id="w_w2aab1b1b2c13b1ac67" language="English" custom="readingOrder {index:5;}">
                    <Coords points="2487,1725 2829,1725 2829,1847 2487,1847"/>
                    <TextEquiv>
                        <Unicode>d’une</Unicode>
                    </TextEquiv>
                    <TextStyle fontFamily="Times New Roman" fontSize="8.5"/>
                </Word>
                <Word id="w_w2aab1b1b2c13b1ac79" language="English" custom="readingOrder {index:6;}">
                    <Coords points="2887,1725 3453,1725 3453,1867 2887,1867"/>
                    <TextEquiv>
                        <Unicode>haine.,^</Unicode>
                    </TextEquiv>
                    <TextStyle fontFamily="Times New Roman" fontSize="8.5"/>
                </Word>
                <TextEquiv>
                    <Unicode>Madame, &amp; pouriez-vous m'aſſurer d’une haine....</Unicode>
                </TextEquiv>
                <TextStyle fontFamily="Times New Roman" fontSize="8.5"/>
            </TextLine>
            <TextEquiv>
                <Unicode>Madame, &amp; pouriez-vous m'aſſurer d’une haine....</Unicode>
            </TextEquiv>
        </TextRegion>
        <TextRegion type="paragraph" id="r_1_8" custom="readingOrder {index:7;}">
            <Coords points="1361,1894 2329,1894 2329,2015 1361,2015"/>
            <TextLine id="tl_10" primaryLanguage="English" custom="readingOrder {index:0;}">
                <Coords points="1362,1895 2328,1895 2328,2014 1362,2014"/>
                <Baseline points="1362,2008 1466,2008 1642,2009 1812,2010 1974,2003 2142,2008 2328,2008"/>
                <Word id="w_w2aab1b1b2c15b1ab1" language="English" custom="readingOrder {index:0;}">
                    <Coords points="1362,1895 1466,1895 1466,2008 1362,2008"/>
                    <TextEquiv>
                        <Unicode>R</Unicode>
                    </TextEquiv>
                    <TextStyle fontFamily="Times New Roman" fontSize="8.5"/>
                </Word>
                <Word id="w_w2aab1b1b2c15b1ab5" language="English" custom="readingOrder {index:1;}">
                    <Coords points="1526,1900 1642,1900 1642,2009 1526,2009"/>
                    <TextEquiv>
                        <Unicode>O</Unicode>
                    </TextEquiv>
                    <TextStyle fontFamily="Times New Roman" fontSize="8.5"/>
                </Word>
                <Word id="w_w2aab1b1b2c15b1ab9" language="English" custom="readingOrder {index:2;}">
                    <Coords points="1702,1901 1812,1901 1812,2010 1702,2010"/>
                    <TextEquiv>
                        <Unicode>X</Unicode>
                    </TextEquiv>
                    <TextStyle fontFamily="Times New Roman" fontSize="8.5"/>
                </Word>
                <Word id="w_w2aab1b1b2c15b1ac13" language="English" custom="readingOrder {index:3;}">
                    <Coords points="1884,1901 1974,1901 1974,2003 1884,2003"/>
                    <TextEquiv>
                        <Unicode>A</Unicode>
                    </TextEquiv>
                    <TextStyle fontFamily="Times New Roman" fontSize="8.5"/>
                </Word>
                <Word id="w_w2aab1b1b2c15b1ac17" language="English" custom="readingOrder {index:4;}">
                    <Coords points="2028,1900 2142,1900 2142,2008 2028,2008"/>
                    <TextEquiv>
                        <Unicode>N</Unicode>
                    </TextEquiv>
                    <TextStyle fontFamily="Times New Roman" fontSize="8.5"/>
                </Word>
                <Word id="w_w2aab1b1b2c15b1ac21" language="English" custom="readingOrder {index:5;}">
                    <Coords points="2210,1905 2328,1905 2328,2009 2210,2009"/>
                    <TextEquiv>
                        <Unicode>E.</Unicode>
                    </TextEquiv>
                    <TextStyle fontFamily="Times New Roman" fontSize="8.5"/>
                </Word>
                <TextEquiv>
                    <Unicode>ROXANE.</Unicode>
                </TextEquiv>
                <TextStyle fontFamily="Times New Roman" fontSize="8.5"/>
            </TextLine>
            <TextEquiv>
                <Unicode>ROXANE.</Unicode>
            </TextEquiv>
        </TextRegion>
        <TextRegion type="paragraph" id="r_2_1" custom="readingOrder {index:8;}">
            <Coords points="123,2034 3576,2034 3576,2381 123,2381"/>
            <TextLine id="tl_11" primaryLanguage="English" custom="readingOrder {index:0;}">
                <Coords points="124,2035 3575,2035 3575,2228 124,2228"/>
                <Baseline points="125,2170 321,2154 555,2156 1659,2169 2163,2171 2425,2170 2635,2170 2951,2224 3575,2224"/>
                <Word id="w_w2aab1b3b2b1b1ab1" language="English" custom="readingOrder {index:0;}">
                    <Coords points="125,2051 321,2051 321,2170 125,2170"/>
                    <TextEquiv>
                        <Unicode>De</Unicode>
                    </TextEquiv>
                    <TextStyle fontFamily="Times New Roman" fontSize="8.5"/>
                </Word>
                <Word id="w_w2aab1b3b2b1b1ab7" language="English" custom="readingOrder {index:1;}">
                    <Coords points="359,2075 555,2075 555,2156 359,2156"/>
                    <TextEquiv>
                        <Unicode>ma</Unicode>
                    </TextEquiv>
                    <TextStyle fontFamily="Times New Roman" fontSize="8.5"/>
                </Word>
                <Word id="w_w2aab1b3b2b1b1ac13" language="English" custom="readingOrder {index:2;}">
                    <Coords points="603,2040 1659,2040 1659,2209 603,2209"/>
                    <TextEquiv>
                        <Unicode>haine,Seigneur/</Unicode>
                    </TextEquiv>
                    <TextStyle fontFamily="Times New Roman" fontSize="8.5"/>
                </Word>
                <Word id="w_w2aab1b3b2b1b1ac45" language="English" custom="readingOrder {index:3;}">
                    <Coords points="1723,2060 2163,2060 2163,2171 1723,2171"/>
                    <TextEquiv>
                        <Unicode>Dieux/</Unicode>
                    </TextEquiv>
                    <TextStyle fontFamily="Times New Roman" fontSize="8.5"/>
                </Word>
                <Word id="w_w2aab1b3b2b1b1ac59" language="English" custom="readingOrder {index:4;}">
                    <Coords points="2215,2057 2425,2057 2425,2170 2215,2170"/>
                    <TextEquiv>
                        <Unicode>elle</Unicode>
                    </TextEquiv>
                    <TextStyle fontFamily="Times New Roman" fontSize="8.5"/>
                </Word>
                <Word id="w_w2aab1b3b2b1b1ac69" language="English" custom="readingOrder {index:5;}">
                    <Coords points="2473,2051 2635,2051 2635,2170 2473,2170"/>
                    <TextEquiv>
                        <Unicode>efl</Unicode>
                    </TextEquiv>
                    <TextStyle fontFamily="Times New Roman" fontSize="8.5"/>
                </Word>
                <Word id="w_w2aab1b3b2b1b1ac77" language="English" custom="readingOrder {index:6;}">
                    <Coords points="2687,2090 2951,2090 2951,2224 2687,2224"/>
                    <TextEquiv>
                        <Unicode>trop</Unicode>
                    </TextEquiv>
                    <TextStyle fontFamily="Times New Roman" fontSize="8.5"/>
                </Word>
                <Word id="w_w2aab1b3b2b1b1ac87" language="English" custom="readingOrder {index:7;}">
                    <Coords points="2989,2062 3575,2062 3575,2224 2989,2224"/>
                    <TextEquiv>
                        <Unicode>certains</Unicode>
                    </TextEquiv>
                    <TextStyle fontFamily="Times New Roman" fontSize="8.5"/>
                </Word>
                <TextEquiv>
                    <Unicode>De ma haine, Seigneur! Dieux! elle eſt trop certaine,</Unicode>
                </TextEquiv>
                <TextStyle fontFamily="Times New Roman" fontSize="8.5"/>
            </TextLine>
            <TextLine id="tl_12" primaryLanguage="English" custom="readingOrder {index:1;}">
                <Coords points="149,2203 2728,2203 2728,2380 149,2380"/>
                <Baseline points="150,2332 642,2320 1106,2325 1336,2371 1660,2331 1788,2330 2172,2331 2286,2335 2728,2374"/>
                <Word id="w_w2aab1b3b2b1b3ab1" language="English" custom="readingOrder {index:0;}">
                    <Coords points="150,2217 642,2217 642,2332 150,2332"/>
                    <TextEquiv>
                        <Unicode>Roxane</Unicode>
                    </TextEquiv>
                    <TextStyle fontFamily="Times New Roman" fontSize="8.5"/>
                </Word>
                <Word id="w_w2aab1b3b2b1b3ac15" language="English" custom="readingOrder {index:1;}">
                    <Coords points="690,2246 1106,2246 1106,2325 690,2325"/>
                    <TextEquiv>
                        <Unicode>contre</Unicode>
                    </TextEquiv>
                    <TextStyle fontFamily="Times New Roman" fontSize="8.5"/>
                </Word>
                <Word id="w_w2aab1b3b2b1b3ac29" language="English" custom="readingOrder {index:2;}">
                    <Coords points="1154,2218 1336,2218 1336,2371 1154,2371"/>
                    <TextEquiv>
                        <Unicode>luy</Unicode>
                    </TextEquiv>
                    <TextStyle fontFamily="Times New Roman" fontSize="8.5"/>
                </Word>
                <Word id="w_w2aab1b3b2b1b3ac37" language="English" custom="readingOrder {index:3;}">
                    <Coords points="1396,2222 1660,2222 1660,2331 1396,2331"/>
                    <TextEquiv>
                        <Unicode>n’en</Unicode>
                    </TextEquiv>
                    <TextStyle fontFamily="Times New Roman" fontSize="8.5"/>
                </Word>
                <Word id="w_w2aab1b3b2b1b3ac47" language="English" custom="readingOrder {index:4;}">
                    <Coords points="1714,2260 1788,2260 1788,2330 1714,2330"/>
                    <TextEquiv>
                        <Unicode>a</Unicode>
                    </TextEquiv>
                    <TextStyle fontFamily="Times New Roman" fontSize="8.5"/>
                </Word>
                <Word id="w_w2aab1b3b2b1b3ac51" language="English" custom="readingOrder {index:5;}">
                    <Coords points="1829,2217 2172,2217 2172,2375 1829,2375"/>
                    <TextEquiv>
                        <Unicode>point</Unicode>
                    </TextEquiv>
                    <TextStyle fontFamily="Times New Roman" fontSize="8.5"/>
                </Word>
                <Word id="w_w2aab1b3b2b1b3ac63" language="English" custom="readingOrder {index:6;}">
                    <Coords points="2224,2217 2286,2217 2286,2335 2224,2335"/>
                    <TextEquiv>
                        <Unicode>à</Unicode>
                    </TextEquiv>
                    <TextStyle fontFamily="Times New Roman" fontSize="8.5"/>
                </Word>
                <Word id="w_w2aab1b3b2b1b3ac67" language="English" custom="readingOrder {index:7;}">
                    <Coords points="2326,2218 2728,2218 2728,2378 2326,2378"/>
                    <TextEquiv>
                        <Unicode>demy,</Unicode>
                    </TextEquiv>
                    <TextStyle fontFamily="Times New Roman" fontSize="8.5"/>
                </Word>
                <TextEquiv>
                    <Unicode>Roxane contre luy n’en a point à demy,</Unicode>
                </TextEquiv>
                <TextStyle fontFamily="Times New Roman" fontSize="8.5"/>
            </TextLine>
            <TextEquiv>
                <Unicode>De ma haine, Seigneur! Dieux! elle eſt trop certaine,
Roxane contre luy n’en a point à demy,</Unicode>
            </TextEquiv>
        </TextRegion>
        <TextRegion type="paragraph" id="r_2_2" custom="readingOrder {index:9;}">
            <Coords points="123,2366 2520,2366 2520,2548 123,2548"/>
            <TextLine id="tl_13" primaryLanguage="English" custom="readingOrder {index:0;}">
                <Coords points="124,2367 2519,2367 2519,2547 124,2547"/>
                <Baseline points="124,2505 273,2486 535,2534 1179,2490 1379,2491 1861,2497 2519,2525"/>
                <Word id="w_w2aab1b3b2b3b1ab1" language="English" custom="readingOrder {index:0;}">
                    <Coords points="124,2373 273,2373 273,2505 124,2505"/>
                    <TextEquiv>
                        <Unicode>Je</Unicode>
                    </TextEquiv>
                    <TextStyle fontFamily="Times New Roman" fontSize="8.5"/>
                </Word>
                <Word id="w_w2aab1b3b2b3b1ab7" language="English" custom="readingOrder {index:1;}">
                    <Coords points="314,2368 535,2368 535,2534 314,2534"/>
                    <TextEquiv>
                        <Unicode>hay</Unicode>
                    </TextEquiv>
                    <TextStyle fontFamily="Times New Roman" fontSize="8.5"/>
                </Word>
                <Word id="w_w2aab1b3b2b3b1ac15" language="English" custom="readingOrder {index:2;}">
                    <Coords points="588,2382 1179,2382 1179,2492 588,2492"/>
                    <TextEquiv>
                        <Unicode>Leonatus</Unicode>
                    </TextEquiv>
                    <TextStyle fontFamily="Times New Roman" fontSize="8.5"/>
                </Word>
                <Word id="w_w2aab1b3b2b3b1ac33" language="English" custom="readingOrder {index:3;}">
                    <Coords points="1234,2416 1379,2416 1379,2491 1234,2491"/>
                    <TextEquiv>
                        <Unicode>en</Unicode>
                    </TextEquiv>
                    <TextStyle fontFamily="Times New Roman" fontSize="8.5"/>
                </Word>
                <Word id="w_w2aab1b3b2b3b1ac39" language="English" custom="readingOrder {index:4;}">
                    <Coords points="1424,2386 1861,2386 1861,2500 1424,2500"/>
                    <TextEquiv>
                        <Unicode>mortel</Unicode>
                    </TextEquiv>
                    <TextStyle fontFamily="Times New Roman" fontSize="8.5"/>
                </Word>
                <Word id="w_w2aab1b3b2b3b1ac53" language="English" custom="readingOrder {index:5;}">
                    <Coords points="1932,2397 2519,2397 2519,2545 1932,2545"/>
                    <TextEquiv>
                        <Unicode>Ennemy,</Unicode>
                    </TextEquiv>
                    <TextStyle fontFamily="Times New Roman" fontSize="8.5"/>
                </Word>
                <TextEquiv>
                    <Unicode>Je hay Leonatus en mortel Ennemy,</Unicode>
                </TextEquiv>
                <TextStyle fontFamily="Times New Roman" fontSize="8.5"/>
            </TextLine>
            <TextEquiv>
                <Unicode>Je hay Leonatus en mortel Ennemy,</Unicode>
            </TextEquiv>
        </TextRegion>
        <TextRegion type="paragraph" id="r_2_3" custom="readingOrder {index:10;}">
            <Coords points="113,2530 3353,2530 3353,3221 113,3221"/>
            <TextLine id="tl_14" primaryLanguage="English" custom="readingOrder {index:0;}">
                <Coords points="131,2531 3352,2531 3352,2729 131,2729"/>
                <Baseline points="131,2658 380,2697 628,2652 1174,2656 1540,2662 1874,2663 2148,2666 2820,2675 3351,2729"/>
                <Word id="w_w2aab1b3b2b5b1ab1" language="English" custom="readingOrder {index:0;}">
                    <Coords points="131,2539 380,2539 380,2697 131,2697"/>
                    <TextEquiv>
                        <Unicode>Luy</Unicode>
                    </TextEquiv>
                    <TextStyle fontFamily="Times New Roman" fontSize="8.5"/>
                </Word>
                <Word id="w_w2aab1b3b2b5b1ab9" language="English" custom="readingOrder {index:1;}">
                    <Coords points="421,2538 628,2538 628,2701 421,2701"/>
                    <TextEquiv>
                        <Unicode>qui</Unicode>
                    </TextEquiv>
                    <TextStyle fontFamily="Times New Roman" fontSize="8.5"/>
                </Word>
                <Word id="w_w2aab1b3b2b5b1ac17" language="English" custom="readingOrder {index:2;}">
                    <Coords points="671,2537 1174,2537 1174,2697 671,2697"/>
                    <TextEquiv>
                        <Unicode>prétend</Unicode>
                    </TextEquiv>
                    <TextStyle fontFamily="Times New Roman" fontSize="8.5"/>
                </Word>
                <Word id="w_w2aab1b3b2b5b1ac33" language="English" custom="readingOrder {index:3;}">
                    <Coords points="1245,2582 1540,2582 1540,2662 1245,2662"/>
                    <TextEquiv>
                        <Unicode>nous</Unicode>
                    </TextEquiv>
                    <TextStyle fontFamily="Times New Roman" fontSize="8.5"/>
                </Word>
                <Word id="w_w2aab1b3b2b5b1ac43" language="English" custom="readingOrder {index:4;}">
                    <Coords points="1585,2543 1874,2543 1874,2665 1585,2665"/>
                    <TextEquiv>
                        <Unicode>faire</Unicode>
                    </TextEquiv>
                    <TextStyle fontFamily="Times New Roman" fontSize="8.5"/>
                </Word>
                <Word id="w_w2aab1b3b2b5b1ac55" language="English" custom="readingOrder {index:5;}">
                    <Coords points="1921,2587 2148,2587 2148,2666 1921,2666"/>
                    <TextEquiv>
                        <Unicode>une</Unicode>
                    </TextEquiv>
                    <TextStyle fontFamily="Times New Roman" fontSize="8.5"/>
                </Word>
                <Word id="w_w2aab1b3b2b5b1ac63" language="English" custom="readingOrder {index:6;}">
                    <Coords points="2199,2547 2820,2547 2820,2715 2199,2715"/>
                    <TextEquiv>
                        <Unicode>fanglantc</Unicode>
                    </TextEquiv>
                    <TextStyle fontFamily="Times New Roman" fontSize="8.5"/>
                </Word>
                <Word id="w_w2aab1b3b2b5b1ac83" language="English" custom="readingOrder {index:7;}">
                    <Coords points="2863,2588 3351,2588 3351,2729 2863,2729"/>
                    <TextEquiv>
                        <Unicode>guerre^</Unicode>
                    </TextEquiv>
                    <TextStyle fontFamily="Times New Roman" fontSize="8.5"/>
                </Word>
                <TextEquiv>
                    <Unicode>Luy qui prétend nous faire une ſanglante guerre,</Unicode>
                </TextEquiv>
                <TextStyle fontFamily="Times New Roman" fontSize="8.5"/>
            </TextLine>
            <TextLine id="tl_15" primaryLanguage="English" custom="readingOrder {index:1;}">
                <Coords points="114,2693 3059,2693 3059,2881 114,2881"/>
                <Baseline points="114,2793 399,2813 849,2822 1185,2822 1681,2827 1837,2832 1977,2831 2295,2827 2445,2836 2597,2831 3058,2881"/>
                <Word id="w_w2aab1b3b2b5b3ab1" language="English" custom="readingOrder {index:0;}">
                    <Coords points="114,2703 399,2703 399,2846 114,2846"/>
                    <TextEquiv>
                        <Unicode>&lt;Qui</Unicode>
                    </TextEquiv>
                    <TextStyle fontFamily="Times New Roman" fontSize="8.5"/>
                </Word>
                <Word id="w_w2aab1b3b2b5b3ac11" language="English" custom="readingOrder {index:1;}">
                    <Coords points="438,2743 849,2743 849,2823 438,2823"/>
                    <TextEquiv>
                        <Unicode>contre</Unicode>
                    </TextEquiv>
                    <TextStyle fontFamily="Times New Roman" fontSize="8.5"/>
                </Word>
                <Word id="w_w2aab1b3b2b5b3ac25" language="English" custom="readingOrder {index:2;}">
                    <Coords points="890,2744 1185,2744 1185,2826 890,2826"/>
                    <TextEquiv>
                        <Unicode>nous</Unicode>
                    </TextEquiv>
                    <TextStyle fontFamily="Times New Roman" fontSize="8.5"/>
                </Word>
                <Word id="w_w2aab1b3b2b5b3ac35" language="English" custom="readingOrder {index:3;}">
                    <Coords points="1226,2700 1681,2700 1681,2837 1226,2837"/>
                    <TextEquiv>
                        <Unicode>fofileve</Unicode>
                    </TextEquiv>
                    <TextStyle fontFamily="Times New Roman" fontSize="8.5"/>
                </Word>
                <Word id="w_w2aab1b3b2b5b3ac53" language="English" custom="readingOrder {index:4;}">
                    <Coords points="1728,2728 1837,2728 1837,2832 1728,2832"/>
                    <TextEquiv>
                        <Unicode>&amp;</Unicode>
                    </TextEquiv>
                    <TextStyle fontFamily="Times New Roman" fontSize="8.5"/>
                </Word>
                <Word id="w_w2aab1b3b2b5b3ac57" language="English" custom="readingOrder {index:5;}">
                    <Coords points="1878,2719 1977,2719 1977,2831 1878,2831"/>
                    <TextEquiv>
                        <Unicode>le</Unicode>
                    </TextEquiv>
                    <TextStyle fontFamily="Times New Roman" fontSize="8.5"/>
                </Word>
                <Word id="w_w2aab1b3b2b5b3ac63" language="English" custom="readingOrder {index:6;}">
                    <Coords points="2038,2718 2295,2718 2295,2836 2038,2836"/>
                    <TextEquiv>
                        <Unicode>Ciel</Unicode>
                    </TextEquiv>
                    <TextStyle fontFamily="Times New Roman" fontSize="8.5"/>
                </Word>
                <Word id="w_w2aab1b3b2b5b3ac73" language="English" custom="readingOrder {index:7;}">
                    <Coords points="2346,2734 2445,2734 2445,2836 2346,2836"/>
                    <TextEquiv>
                        <Unicode>&amp;</Unicode>
                    </TextEquiv>
                    <TextStyle fontFamily="Times New Roman" fontSize="8.5"/>
                </Word>
                <Word id="w_w2aab1b3b2b5b3ac77" language="English" custom="readingOrder {index:8;}">
                    <Coords points="2488,2723 2597,2723 2597,2831 2488,2831"/>
                    <TextEquiv>
                        <Unicode>la</Unicode>
                    </TextEquiv>
                    <TextStyle fontFamily="Times New Roman" fontSize="8.5"/>
                </Word>
                <Word id="w_w2aab1b3b2b5b3ac83" language="English" custom="readingOrder {index:9;}">
                    <Coords points="2642,2738 3058,2738 3058,2881 2642,2881"/>
                    <TextEquiv>
                        <Unicode>Terre,</Unicode>
                    </TextEquiv>
                    <TextStyle fontFamily="Times New Roman" fontSize="8.5"/>
                </Word>
                <TextEquiv>
                    <Unicode>Qui contre nous ſoûleve &amp; le Ciel &amp; la Terre,</Unicode>
                </TextEquiv>
                <TextStyle fontFamily="Times New Roman" fontSize="8.5"/>
            </TextLine>
            <TextLine id="tl_16" primaryLanguage="English" custom="readingOrder {index:2;}">
                <Coords points="135,2865 2824,2865 2824,3051 135,3051"/>
                <Baseline points="135,2988 783,3021 1189,3022 1466,2992 1616,2997 1952,2997 2823,3013"/>
                <Word id="w_w2aab1b3b2b5b5ab1" language="English" custom="readingOrder {index:0;}">
                    <Coords points="135,2875 783,2875 783,3021 135,3021"/>
                    <TextEquiv>
                        <Unicode>Leonatus,</Unicode>
                    </TextEquiv>
                    <TextStyle fontFamily="Times New Roman" fontSize="8.5"/>
                </Word>
                <Word id="w_w2aab1b3b2b5b5ac21" language="English" custom="readingOrder {index:1;}">
                    <Coords points="817,2875 1189,2875 1189,3022 817,3022"/>
                    <TextEquiv>
                        <Unicode>enfin,</Unicode>
                    </TextEquiv>
                    <TextStyle fontFamily="Times New Roman" fontSize="8.5"/>
                </Word>
                <Word id="w_w2aab1b3b2b5b5ac35" language="English" custom="readingOrder {index:2;}">
                    <Coords points="1239,2913 1466,2913 1466,3041 1239,3041"/>
                    <TextEquiv>
                        <Unicode>que</Unicode>
                    </TextEquiv>
                    <TextStyle fontFamily="Times New Roman" fontSize="8.5"/>
                </Word>
                <Word id="w_w2aab1b3b2b5b5ac43" language="English" custom="readingOrder {index:3;}">
                    <Coords points="1513,2894 1616,2894 1616,3032 1513,3032"/>
                    <TextEquiv>
                        <Unicode>je</Unicode>
                    </TextEquiv>
                    <TextStyle fontFamily="Times New Roman" fontSize="8.5"/>
                </Word>
                <Word id="w_w2aab1b3b2b5b5ac49" language="English" custom="readingOrder {index:4;}">
                    <Coords points="1655,2923 1952,2923 1952,2999 1655,2999"/>
                    <TextEquiv>
                        <Unicode>veux</Unicode>
                    </TextEquiv>
                    <TextStyle fontFamily="Times New Roman" fontSize="8.5"/>
                </Word>
                <Word id="w_w2aab1b3b2b5b5ac59" language="English" custom="readingOrder {index:5;}">
                    <Coords points="2001,2879 2823,2879 2823,3013 2001,3013"/>
                    <TextEquiv>
                        <Unicode>déformais.,..</Unicode>
                    </TextEquiv>
                    <TextStyle fontFamily="Times New Roman" fontSize="8.5"/>
                </Word>
                <TextEquiv>
                    <Unicode>Leonatus, enfin, que je veux deſormais....</Unicode>
                </TextEquiv>
                <TextStyle fontFamily="Times New Roman" fontSize="8.5"/>
            </TextLine>
            <TextLine id="tl_17" primaryLanguage="English" custom="readingOrder {index:3;}">
                <Coords points="136,3029 3221,3029 3221,3220 136,3220"/>
                <Baseline points="136,3154 1008,3159 1762,3198 2450,3193 2577,3163 2728,3172 2858,3173 3220,3188"/>
                <Word id="w_w2aab1b3b2b5b7ab1" language="English" custom="readingOrder {index:0;}">
                    <Coords points="136,3035 1008,3035 1008,3202 136,3202"/>
                    <TextEquiv>
                        <Unicode>Pourquoyme</Unicode>
                    </TextEquiv>
                    <TextStyle fontFamily="Times New Roman" fontSize="8.5"/>
                </Word>
                <Word id="w_w2aab1b3b2b5b7ac23" language="English" custom="readingOrder {index:1;}">
                    <Coords points="1060,3044 1762,3044 1762,3198 1060,3198"/>
                    <TextEquiv>
                        <Unicode>demander,</Unicode>
                    </TextEquiv>
                    <TextStyle fontFamily="Times New Roman" fontSize="8.5"/>
                </Word>
                <Word id="w_w2aab1b3b2b5b7ac43" language="English" custom="readingOrder {index:2;}">
                    <Coords points="1820,3051 2450,3051 2450,3212 1820,3212"/>
                    <TextEquiv>
                        <Unicode>Seigneur,</Unicode>
                    </TextEquiv>
                    <TextStyle fontFamily="Times New Roman" fontSize="8.5"/>
                </Word>
                <Word id="w_w2aab1b3b2b5b7ac63" language="English" custom="readingOrder {index:3;}">
                    <Coords points="2492,3045 2577,3045 2577,3163 2492,3163"/>
                    <TextEquiv>
                        <Unicode>fï</Unicode>
                    </TextEquiv>
                    <TextStyle fontFamily="Times New Roman" fontSize="8.5"/>
                </Word>
                <Word id="w_w2aab1b3b2b5b7ac69" language="English" custom="readingOrder {index:4;}">
                    <Coords points="2616,3064 2728,3064 2728,3216 2616,3216"/>
                    <TextEquiv>
                        <Unicode>je</Unicode>
                    </TextEquiv>
                    <TextStyle fontFamily="Times New Roman" fontSize="8.5"/>
                </Word>
                <Word id="w_w2aab1b3b2b5b7ac75" language="English" custom="readingOrder {index:5;}">
                    <Coords points="2756,3059 2858,3059 2858,3173 2756,3173"/>
                    <TextEquiv>
                        <Unicode>le</Unicode>
                    </TextEquiv>
                    <TextStyle fontFamily="Times New Roman" fontSize="8.5"/>
                </Word>
                <Word id="w_w2aab1b3b2b5b7ac81" language="English" custom="readingOrder {index:6;}">
                    <Coords points="2900,3056 3220,3056 3220,3188 2900,3188"/>
                    <TextEquiv>
                        <Unicode>hais?</Unicode>
                    </TextEquiv>
                    <TextStyle fontFamily="Times New Roman" fontSize="8.5"/>
                </Word>
                <TextEquiv>
                    <Unicode>Pourquoy me demander, Seigneur, ſi je le hais?</Unicode>
                </TextEquiv>
                <TextStyle fontFamily="Times New Roman" fontSize="8.5"/>
            </TextLine>
            <TextEquiv>
                <Unicode>Luy qui prétend nous faire une ſanglante guerre,
Qui contre nous ſoûleve &amp; le Ciel &amp; la Terre,
Leonatus, enfin, que je veux deſormais....
Pourquoy me demander, Seigneur, ſi je le hais?</Unicode>
            </TextEquiv>
        </TextRegion>
        <TextRegion type="paragraph" id="r_2_4" custom="readingOrder {index:11;}">
            <Coords points="1166,3211 2515,3211 2515,3350 1166,3350"/>
            <TextLine id="tl_18" primaryLanguage="English" custom="readingOrder {index:0;}">
                <Coords points="1167,3212 2514,3212 2514,3349 1167,3349"/>
                <Baseline points="1167,3329 1408,3330 1680,3333 2172,3335 2513,3343"/>
                <Word id="w_w2aab1b3b2b7b1ab1" language="English" custom="readingOrder {index:0;}">
                    <Coords points="1167,3220 1408,3220 1408,3330 1167,3330"/>
                    <TextEquiv>
                        <Unicode>CA</Unicode>
                    </TextEquiv>
                    <TextStyle fontFamily="Times New Roman" fontSize="8.5"/>
                </Word>
                <Word id="w_w2aab1b3b2b7b1ab7" language="English" custom="readingOrder {index:1;}">
                    <Coords points="1479,3214 1680,3214 1680,3343 1479,3343"/>
                    <TextEquiv>
                        <Unicode>SS</Unicode>
                    </TextEquiv>
                    <TextStyle fontFamily="Times New Roman" fontSize="8.5"/>
                </Word>
                <Word id="w_w2aab1b3b2b7b1ac13" language="English" custom="readingOrder {index:2;}">
                    <Coords points="1733,3220 2172,3220 2172,3335 1733,3335"/>
                    <TextEquiv>
                        <Unicode>AND</Unicode>
                    </TextEquiv>
                    <TextStyle fontFamily="Times New Roman" fontSize="8.5"/>
                </Word>
                <Word id="w_w2aab1b3b2b7b1ac21" language="English" custom="readingOrder {index:3;}">
                    <Coords points="2247,3229 2513,3229 2513,3343 2247,3343"/>
                    <TextEquiv>
                        <Unicode>ER.</Unicode>
                    </TextEquiv>
                    <TextStyle fontFamily="Times New Roman" fontSize="8.5"/>
                </Word>
                <TextEquiv>
                    <Unicode>CASSANDER.</Unicode>
                </TextEquiv>
                <TextStyle fontFamily="Times New Roman" fontSize="8.5"/>
            </TextLine>
            <TextEquiv>
                <Unicode>CASSANDER.</Unicode>
            </TextEquiv>
        </TextRegion>
        <TextRegion type="paragraph" id="r_2_5" custom="readingOrder {index:12;}">
            <Coords points="109,3350 3376,3350 3376,3837 109,3837"/>
            <TextLine id="tl_19" primaryLanguage="English" custom="readingOrder {index:0;}">
                <Coords points="126,3351 3239,3351 3239,3542 126,3542"/>
                <Baseline points="126,3484 337,3474 692,3489 799,3485 1124,3486 1530,3490 1768,3490 2148,3494 2373,3494 2776,3499 3238,3476"/>
                <Word id="w_w2aab1b3b2b9b1ab1" language="English" custom="readingOrder {index:0;}">
                    <Coords points="126,3352 337,3352 337,3484 126,3484"/>
                    <TextEquiv>
                        <Unicode>Hé</Unicode>
                    </TextEquiv>
                    <TextStyle fontFamily="Times New Roman" fontSize="8.5"/>
                </Word>
                <Word id="w_w2aab1b3b2b9b1ab7" language="English" custom="readingOrder {index:1;}">
                    <Coords points="368,3361 692,3361 692,3489 368,3489"/>
                    <TextEquiv>
                        <Unicode>bien?</Unicode>
                    </TextEquiv>
                    <TextStyle fontFamily="Times New Roman" fontSize="8.5"/>
                </Word>
                <Word id="w_w2aab1b3b2b9b1ac19" language="English" custom="readingOrder {index:2;}">
                    <Coords points="734,3361 799,3361 799,3485 734,3485"/>
                    <TextEquiv>
                        <Unicode>à</Unicode>
                    </TextEquiv>
                    <TextStyle fontFamily="Times New Roman" fontSize="8.5"/>
                </Word>
                <Word id="w_w2aab1b3b2b9b1ac23" language="English" custom="readingOrder {index:3;}">
                    <Coords points="832,3410 1124,3410 1124,3490 832,3490"/>
                    <TextEquiv>
                        <Unicode>vous</Unicode>
                    </TextEquiv>
                    <TextStyle fontFamily="Times New Roman" fontSize="8.5"/>
                </Word>
                <Word id="w_w2aab1b3b2b9b1ac33" language="English" custom="readingOrder {index:4;}">
                    <Coords points="1182,3376 1530,3376 1530,3496 1182,3496"/>
                    <TextEquiv>
                        <Unicode>fervir</Unicode>
                    </TextEquiv>
                    <TextStyle fontFamily="Times New Roman" fontSize="8.5"/>
                </Word>
                <Word id="w_w2aab1b3b2b9b1ac47" language="English" custom="readingOrder {index:5;}">
                    <Coords points="1582,3415 1768,3415 1768,3490 1582,3490"/>
                    <TextEquiv>
                        <Unicode>ma</Unicode>
                    </TextEquiv>
                    <TextStyle fontFamily="Times New Roman" fontSize="8.5"/>
                </Word>
                <Word id="w_w2aab1b3b2b9b1ac53" language="English" custom="readingOrder {index:6;}">
                    <Coords points="1816,3386 2148,3386 2148,3494 1816,3494"/>
                    <TextEquiv>
                        <Unicode>main</Unicode>
                    </TextEquiv>
                    <TextStyle fontFamily="Times New Roman" fontSize="8.5"/>
                </Word>
                <Word id="w_w2aab1b3b2b9b1ac63" language="English" custom="readingOrder {index:7;}">
                    <Coords points="2206,3375 2373,3375 2373,3494 2206,3494"/>
                    <TextEquiv>
                        <Unicode>cfl</Unicode>
                    </TextEquiv>
                    <TextStyle fontFamily="Times New Roman" fontSize="8.5"/>
                </Word>
                <Word id="w_w2aab1b3b2b9b1ac71" language="English" custom="readingOrder {index:8;}">
                    <Coords points="2448,3417 2776,3417 2776,3500 2448,3500"/>
                    <TextEquiv>
                        <Unicode>toute</Unicode>
                    </TextEquiv>
                    <TextStyle fontFamily="Times New Roman" fontSize="8.5"/>
                </Word>
                <Word id="w_w2aab1b3b2b9b1ac83" language="English" custom="readingOrder {index:9;}">
                    <Coords points="2817,3381 3238,3381 3238,3539 2817,3539"/>
                    <TextEquiv>
                        <Unicode>prefte-</Unicode>
                    </TextEquiv>
                    <TextStyle fontFamily="Times New Roman" fontSize="8.5"/>
                </Word>
                <TextEquiv>
                    <Unicode>Hé bien? à vous ſervir ma main eſt toute preſte;</Unicode>
                </TextEquiv>
                <TextStyle fontFamily="Times New Roman" fontSize="8.5"/>
            </TextLine>
            <TextLine id="tl_20" primaryLanguage="English" custom="readingOrder {index:1;}">
                <Coords points="110,3523 3375,3523 3375,3705 110,3705"/>
                <Baseline points="111,3656 487,3679 1163,3690 1465,3654 1811,3654 2065,3660 2781,3661 2931,3670 3375,3691"/>
                <Word id="w_w2aab1b3b2b9b3ab1" language="English" custom="readingOrder {index:0;}">
                    <Coords points="111,3526 487,3526 487,3679 111,3679"/>
                    <TextEquiv>
                        <Unicode>Mais,</Unicode>
                    </TextEquiv>
                    <TextStyle fontFamily="Times New Roman" fontSize="8.5"/>
                </Word>
                <Word id="w_w2aab1b3b2b9b3ac13" language="English" custom="readingOrder {index:1;}">
                    <Coords points="545,3537 1163,3537 1163,3690 545,3690"/>
                    <TextEquiv>
                        <Unicode>Madame,</Unicode>
                    </TextEquiv>
                    <TextStyle fontFamily="Times New Roman" fontSize="8.5"/>
                </Word>
                <Word id="w_w2aab1b3b2b9b3ac29" language="English" custom="readingOrder {index:2;}">
                    <Coords points="1201,3537 1465,3537 1465,3654 1201,3654"/>
                    <TextEquiv>
                        <Unicode>ofez</Unicode>
                    </TextEquiv>
                    <TextStyle fontFamily="Times New Roman" fontSize="8.5"/>
                </Word>
                <Word id="w_w2aab1b3b2b9b3ac39" language="English" custom="readingOrder {index:3;}">
                    <Coords points="1529,3579 1811,3579 1811,3655 1529,3655"/>
                    <TextEquiv>
                        <Unicode>vous</Unicode>
                    </TextEquiv>
                    <TextStyle fontFamily="Times New Roman" fontSize="8.5"/>
                </Word>
                <Word id="w_w2aab1b3b2b9b3ac49" language="English" custom="readingOrder {index:4;}">
                    <Coords points="1869,3585 2065,3585 2065,3660 1869,3660"/>
                    <TextEquiv>
                        <Unicode>me</Unicode>
                    </TextEquiv>
                    <TextStyle fontFamily="Times New Roman" fontSize="8.5"/>
                </Word>
                <Word id="w_w2aab1b3b2b9b3ac55" language="English" custom="readingOrder {index:5;}">
                    <Coords points="2123,3540 2781,3540 2781,3664 2123,3664"/>
                    <TextEquiv>
                        <Unicode>demander</Unicode>
                    </TextEquiv>
                    <TextStyle fontFamily="Times New Roman" fontSize="8.5"/>
                </Word>
                <Word id="w_w2aab1b3b2b9b3ac73" language="English" custom="readingOrder {index:6;}">
                    <Coords points="2823,3541 2931,3541 2931,3670 2823,3670"/>
                    <TextEquiv>
                        <Unicode>fa</Unicode>
                    </TextEquiv>
                    <TextStyle fontFamily="Times New Roman" fontSize="8.5"/>
                </Word>
                <Word id="w_w2aab1b3b2b9b3ac79" language="English" custom="readingOrder {index:7;}">
                    <Coords points="2964,3547 3375,3547 3375,3691 2964,3691"/>
                    <TextEquiv>
                        <Unicode>Tefte?</Unicode>
                    </TextEquiv>
                    <TextStyle fontFamily="Times New Roman" fontSize="8.5"/>
                </Word>
                <TextEquiv>
                    <Unicode>Mais, Madame, oſez vous me demander ſa Teſte?</Unicode>
                </TextEquiv>
                <TextStyle fontFamily="Times New Roman" fontSize="8.5"/>
            </TextLine>
            <TextLine id="tl_21" primaryLanguage="English" custom="readingOrder {index:2;}">
                <Coords points="1379,3711 2326,3711 2326,3836 1379,3836"/>
                <Baseline points="1379,3826 2326,3836"/>
                <Word id="w_w2aab1b3b2b9b5ab1" language="English" custom="readingOrder {index:0;}">
                    <Coords points="1379,3712 2326,3712 2326,3836 1379,3836"/>
                    <TextEquiv>
                        <Unicode>ROXANE.</Unicode>
                    </TextEquiv>
                    <TextStyle fontFamily="Times New Roman" fontSize="8.5"/>
                </Word>
                <TextEquiv>
                    <Unicode>ROXANE.</Unicode>
                </TextEquiv>
                <TextStyle fontFamily="Times New Roman" fontSize="8.5"/>
            </TextLine>
            <TextEquiv>
                <Unicode>Hé bien? à vous ſervir ma main eſt toute preſte;
Mais, Madame, oſez vous me demander ſa Teſte?
ROXANE.</Unicode>
            </TextEquiv>
        </TextRegion>
        <TextRegion type="paragraph" id="r_3_1" custom="readingOrder {index:13;}">
            <Coords points="109,3854 624,3854 624,4027 109,4027"/>
            <TextLine id="tl_22" primaryLanguage="English" custom="readingOrder {index:0;}">
                <Coords points="110,3855 623,3855 623,4026 110,4026"/>
                <Baseline points="110,3982 303,3976 623,3986"/>
                <Word id="w_w2aab1b5b2b1b1ab1" language="English" custom="readingOrder {index:0;}">
                    <Coords points="110,3859 303,3859 303,3982 110,3982"/>
                    <TextEquiv>
                        <Unicode>De</Unicode>
                    </TextEquiv>
                    <TextStyle fontFamily="Times New Roman" fontSize="8.5"/>
                </Word>
                <Word id="w_w2aab1b5b2b1b1ab7" language="English" custom="readingOrder {index:1;}">
                    <Coords points="362,3858 623,3858 623,4025 362,4025"/>
                    <TextEquiv>
                        <Unicode>qui?</Unicode>
                    </TextEquiv>
                    <TextStyle fontFamily="Times New Roman" fontSize="8.5"/>
                </Word>
                <TextEquiv>
                    <Unicode>De qui?</Unicode>
                </TextEquiv>
                <TextStyle fontFamily="Times New Roman" fontSize="8.5"/>
            </TextLine>
            <TextEquiv>
                <Unicode>De qui?</Unicode>
            </TextEquiv>
        </TextRegion>
        <TextRegion type="paragraph" id="r_3_2" custom="readingOrder {index:14;}">
            <Coords points="1136,4035 2505,4035 2505,4172 1136,4172"/>
            <TextLine id="tl_23" primaryLanguage="English" custom="readingOrder {index:0;}">
                <Coords points="1137,4036 2504,4036 2504,4171 1137,4171"/>
                <Baseline points="1137,4156 1242,4156 1986,4161 2144,4162 2503,4171"/>
                <Word id="w_w2aab1b5b2b3b1ab1" language="English" custom="readingOrder {index:0;}">
                    <Coords points="1137,4038 1818,4038 1818,4162 1137,4162"/>
                    <TextEquiv>
                        <Unicode>CASSA</Unicode>
                    </TextEquiv>
                    <TextStyle fontFamily="Times New Roman" fontSize="8.5"/>
                </Word>
                <Word id="w_w2aab1b5b2b3b1b1b3" language="English" custom="readingOrder {index:1;}">
                    <Coords points="1863,4047 1986,4047 1986,4162 1863,4162"/>
                    <TextEquiv>
                        <Unicode>N</Unicode>
                    </TextEquiv>
                    <TextStyle fontFamily="Times New Roman" fontSize="8.5"/>
                </Word>
                <Word id="w_w2aab1b5b2b3b1b2b1" language="English" custom="readingOrder {index:2;}">
                    <Coords points="2039,4048 2304,4048 2304,4162 2039,4162"/>
                    <TextEquiv>
                        <Unicode>DE</Unicode>
                    </TextEquiv>
                    <TextStyle fontFamily="Times New Roman" fontSize="8.5"/>
                </Word>
                <Word id="w_w2aab1b5b2b3b1b3b3" language="English" custom="readingOrder {index:3;}">
                    <Coords points="2345,4054 2503,4054 2503,4171 2345,4171"/>
                    <TextEquiv>
                        <Unicode>R.</Unicode>
                    </TextEquiv>
                    <TextStyle fontFamily="Times New Roman" fontSize="8.5"/>
                </Word>
                <TextEquiv>
                    <Unicode>CASSANDER.</Unicode>
                </TextEquiv>
            </TextLine>
            <TextEquiv>
                <Unicode>CASSANDER.</Unicode>
            </TextEquiv>
        </TextRegion>
        <TextRegion type="paragraph" id="r_3_3" custom="readingOrder {index:15;}">
            <Coords points="84,4192 3056,4192 3056,4519 84,4519"/>
            <TextLine id="tl_24" primaryLanguage="English" custom="readingOrder {index:0;}">
                <Coords points="764,4193 3055,4193 3055,4379 764,4379"/>
                <Baseline points="764,4308 1101,4311 1691,4365 1935,4323 2281,4323 2505,4333 3054,4375"/>
                <Word id="w_w2aab1b5b2b5b1ab1" language="English" custom="readingOrder {index:0;}">
                    <Coords points="764,4193 1101,4193 1101,4311 764,4311"/>
                    <TextEquiv>
                        <Unicode>D’un</Unicode>
                    </TextEquiv>
                    <TextStyle fontFamily="Times New Roman" fontSize="8.5"/>
                </Word>
                <Word id="w_w2aab1b5b2b5b1ac11" language="English" custom="readingOrder {index:1;}">
                    <Coords points="1158,4210 1691,4210 1691,4365 1158,4365"/>
                    <TextEquiv>
                        <Unicode>Ennemy</Unicode>
                    </TextEquiv>
                    <TextStyle fontFamily="Times New Roman" fontSize="8.5"/>
                </Word>
                <Word id="w_w2aab1b5b2b5b1ac25" language="English" custom="readingOrder {index:2;}">
                    <Coords points="1732,4209 1935,4209 1935,4370 1732,4370"/>
                    <TextEquiv>
                        <Unicode>qui</Unicode>
                    </TextEquiv>
                    <TextStyle fontFamily="Times New Roman" fontSize="8.5"/>
                </Word>
                <Word id="w_w2aab1b5b2b5b1ac33" language="English" custom="readingOrder {index:3;}">
                    <Coords points="1986,4247 2281,4247 2281,4332 1986,4332"/>
                    <TextEquiv>
                        <Unicode>vous</Unicode>
                    </TextEquiv>
                    <TextStyle fontFamily="Times New Roman" fontSize="8.5"/>
                </Word>
                <Word id="w_w2aab1b5b2b5b1ac43" language="English" custom="readingOrder {index:4;}">
                    <Coords points="2342,4204 2505,4204 2505,4333 2342,4333"/>
                    <TextEquiv>
                        <Unicode>eft</Unicode>
                    </TextEquiv>
                    <TextStyle fontFamily="Times New Roman" fontSize="8.5"/>
                </Word>
                <Word id="w_w2aab1b5b2b5b1ac51" language="English" custom="readingOrder {index:5;}">
                    <Coords points="2564,4210 3054,4210 3054,4375 2564,4375"/>
                    <TextEquiv>
                        <Unicode>odieusr,</Unicode>
                    </TextEquiv>
                    <TextStyle fontFamily="Times New Roman" fontSize="8.5"/>
                </Word>
                <TextEquiv>
                    <Unicode>D’un Ennemy qui vous eſt odieux,</Unicode>
                </TextEquiv>
                <TextStyle fontFamily="Times New Roman" fontSize="8.5"/>
            </TextLine>
            <TextLine id="tl_25" primaryLanguage="English" custom="readingOrder {index:1;}">
                <Coords points="85,4349 916,4349 916,4518 85,4518"/>
                <Baseline points="85,4514 356,4474 915,4482"/>
                <Word id="w_w2aab1b5b2b5b3ab1" language="English" custom="readingOrder {index:0;}">
                    <Coords points="85,4356 356,4356 356,4514 85,4514"/>
                    <TextEquiv>
                        <Unicode>Qui</Unicode>
                    </TextEquiv>
                    <TextStyle fontFamily="Times New Roman" fontSize="8.5"/>
                </Word>
                <Word id="w_w2aab1b5b2b5b3ab9" language="English" custom="readingOrder {index:1;}">
                    <Coords points="393,4351 915,4351 915,4488 393,4488"/>
                    <TextEquiv>
                        <Unicode>vient....</Unicode>
                    </TextEquiv>
                    <TextStyle fontFamily="Times New Roman" fontSize="8.5"/>
                </Word>
                <TextEquiv>
                    <Unicode>Qui vient....</Unicode>
                </TextEquiv>
                <TextStyle fontFamily="Times New Roman" fontSize="8.5"/>
            </TextLine>
            <TextEquiv>
                <Unicode>D’un Ennemy qui vous eſt odieux,
Qui vient....</Unicode>
            </TextEquiv>
        </TextRegion>
        <TextRegion type="paragraph" id="r_3_4" custom="readingOrder {index:16;}">
            <Coords points="1347,4538 2290,4538 2290,4668 1347,4668"/>
            <TextLine id="tl_26" primaryLanguage="English" custom="readingOrder {index:0;}">
                <Coords points="1348,4539 2289,4539 2289,4667 1348,4667"/>
                <Baseline points="1348,4654 2288,4667"/>
                <Word id="w_w2aab1b5b2b7b1ab1" language="English" custom="readingOrder {index:0;}">
                    <Coords points="1348,4540 2288,4540 2288,4667 1348,4667"/>
                    <TextEquiv>
                        <Unicode>ROXANE.</Unicode>
                    </TextEquiv>
                    <TextStyle fontFamily="Times New Roman" fontSize="8.5"/>
                </Word>
                <TextEquiv>
                    <Unicode>ROXANE.</Unicode>
                </TextEquiv>
                <TextStyle fontFamily="Times New Roman" fontSize="8.5"/>
            </TextLine>
            <TextEquiv>
                <Unicode>ROXANE.</Unicode>
            </TextEquiv>
        </TextRegion>
        <TextRegion type="paragraph" id="r_4_1" custom="readingOrder {index:17;}">
            <Coords points="90,4688 3445,4688 3445,5043 90,5043"/>
            <TextLine id="tl_27" primaryLanguage="English" custom="readingOrder {index:0;}">
                <Coords points="759,4689 3444,4689 3444,4877 759,4877"/>
                <Baseline points="759,4814 939,4808 1286,4815 1549,4820 1739,4848 2405,4842 2577,4823 2849,4819 3015,4824 3443,4877"/>
                <Word id="w_w2aab1b7b2b1b1ab1" language="English" custom="readingOrder {index:0;}">
                    <Coords points="759,4701 939,4701 939,4814 759,4814"/>
                    <TextEquiv>
                        <Unicode>Ce</Unicode>
                    </TextEquiv>
                    <TextStyle fontFamily="Times New Roman" fontSize="8.5"/>
                </Word>
                <Word id="w_w2aab1b7b2b1b1ab7" language="English" custom="readingOrder {index:1;}">
                    <Coords points="993,4692 1286,4692 1286,4815 993,4815"/>
                    <TextEquiv>
                        <Unicode>n’eft</Unicode>
                    </TextEquiv>
                    <TextStyle fontFamily="Times New Roman" fontSize="8.5"/>
                </Word>
                <Word id="w_w2aab1b7b2b1b1ac19" language="English" custom="readingOrder {index:2;}">
                    <Coords points="1339,4735 1549,4735 1549,4854 1339,4854"/>
                    <TextEquiv>
                        <Unicode>pas</Unicode>
                    </TextEquiv>
                    <TextStyle fontFamily="Times New Roman" fontSize="8.5"/>
                </Word>
                <Word id="w_w2aab1b7b2b1b1ac27" language="English" custom="readingOrder {index:3;}">
                    <Coords points="1587,4697 1739,4697 1739,4848 1587,4848"/>
                    <TextEquiv>
                        <Unicode>là,</Unicode>
                    </TextEquiv>
                    <TextStyle fontFamily="Times New Roman" fontSize="8.5"/>
                </Word>
                <Word id="w_w2aab1b7b2b1b1ac35" language="English" custom="readingOrder {index:4;}">
                    <Coords points="1781,4707 2405,4707 2405,4868 1781,4868"/>
                    <TextEquiv>
                        <Unicode>Seigneur,</Unicode>
                    </TextEquiv>
                    <TextStyle fontFamily="Times New Roman" fontSize="8.5"/>
                </Word>
                <Word id="w_w2aab1b7b2b1b1ac55" language="English" custom="readingOrder {index:5;}">
                    <Coords points="2443,4744 2577,4744 2577,4823 2443,4823"/>
                    <TextEquiv>
                        <Unicode>ce</Unicode>
                    </TextEquiv>
                    <TextStyle fontFamily="Times New Roman" fontSize="8.5"/>
                </Word>
                <Word id="w_w2aab1b7b2b1b1ac61" language="English" custom="readingOrder {index:6;}">
                    <Coords points="2618,4745 2849,4745 2849,4872 2618,4872"/>
                    <TextEquiv>
                        <Unicode>que</Unicode>
                    </TextEquiv>
                    <TextStyle fontFamily="Times New Roman" fontSize="8.5"/>
                </Word>
                <Word id="w_w2aab1b7b2b1b1ac69" language="English" custom="readingOrder {index:7;}">
                    <Coords points="2907,4716 3015,4716 3015,4860 2907,4860"/>
                    <TextEquiv>
                        <Unicode>je</Unicode>
                    </TextEquiv>
                    <TextStyle fontFamily="Times New Roman" fontSize="8.5"/>
                </Word>
                <Word id="w_w2aab1b7b2b1b1ac75" language="English" custom="readingOrder {index:8;}">
                    <Coords points="3053,4741 3443,4741 3443,4877 3053,4877"/>
                    <TextEquiv>
                        <Unicode>veux/j</Unicode>
                    </TextEquiv>
                    <TextStyle fontFamily="Times New Roman" fontSize="8.5"/>
                </Word>
                <TextEquiv>
                    <Unicode>Ce n’eſt pas là, Seigneur, ce que je veux,</Unicode>
                </TextEquiv>
                <TextStyle fontFamily="Times New Roman" fontSize="8.5"/>
            </TextLine>
            <TextLine id="tl_28" primaryLanguage="English" custom="readingOrder {index:1;}">
                <Coords points="91,4853 3282,4853 3282,5042 91,5042"/>
                <Baseline points="92,4996 408,4971 570,4974 912,4978 1578,4975 1840,4984 2036,4984 2410,4984 3282,5024"/>
                <Word id="w_w2aab1b7b2b1b3ab1" language="English" custom="readingOrder {index:0;}">
                    <Coords points="92,4856 408,4856 408,4996 92,4996"/>
                    <TextEquiv>
                        <Unicode>Mais</Unicode>
                    </TextEquiv>
                    <TextStyle fontFamily="Times New Roman" fontSize="8.5"/>
                </Word>
                <Word id="w_w2aab1b7b2b1b3ac11" language="English" custom="readingOrder {index:1;}">
                    <Coords points="461,4867 570,4867 570,5019 461,5019"/>
                    <TextEquiv>
                        <Unicode>je</Unicode>
                    </TextEquiv>
                    <TextStyle fontFamily="Times New Roman" fontSize="8.5"/>
                </Word>
                <Word id="w_w2aab1b7b2b1b3ac17" language="English" custom="readingOrder {index:2;}">
                    <Coords points="618,4895 912,4895 912,4978 618,4978"/>
                    <TextEquiv>
                        <Unicode>veux</Unicode>
                    </TextEquiv>
                    <TextStyle fontFamily="Times New Roman" fontSize="8.5"/>
                </Word>
                <Word id="w_w2aab1b7b2b1b3ac27" language="English" custom="readingOrder {index:3;}">
                    <Coords points="938,4858 1578,4858 1578,5029 938,5029"/>
                    <TextEquiv>
                        <Unicode>l’attaquer</Unicode>
                    </TextEquiv>
                    <TextStyle fontFamily="Times New Roman" fontSize="8.5"/>
                </Word>
                <Word id="w_w2aab1b7b2b1b3ac49" language="English" custom="readingOrder {index:4;}">
                    <Coords points="1629,4905 1840,4905 1840,5024 1629,5024"/>
                    <TextEquiv>
                        <Unicode>par</Unicode>
                    </TextEquiv>
                    <TextStyle fontFamily="Times New Roman" fontSize="8.5"/>
                </Word>
                <Word id="w_w2aab1b7b2b1b3ac57" language="English" custom="readingOrder {index:5;}">
                    <Coords points="1882,4911 2036,4911 2036,4985 1882,4985"/>
                    <TextEquiv>
                        <Unicode>un</Unicode>
                    </TextEquiv>
                    <TextStyle fontFamily="Times New Roman" fontSize="8.5"/>
                </Word>
                <Word id="w_w2aab1b7b2b1b3ac63" language="English" custom="readingOrder {index:6;}">
                    <Coords points="2084,4910 2410,4910 2410,4986 2084,4986"/>
                    <TextEquiv>
                        <Unicode>autre</Unicode>
                    </TextEquiv>
                    <TextStyle fontFamily="Times New Roman" fontSize="8.5"/>
                </Word>
                <Word id="w_w2aab1b7b2b1b3ac75" language="English" custom="readingOrder {index:7;}">
                    <Coords points="2468,4872 3282,4872 3282,5034 2468,5034"/>
                    <TextEquiv>
                        <Unicode>Luy-mefmç*</Unicode>
                    </TextEquiv>
                    <TextStyle fontFamily="Times New Roman" fontSize="8.5"/>
                </Word>
                <TextEquiv>
                    <Unicode>Mais je veux l’attaquer par un autre Luy-meſme,</Unicode>
                </TextEquiv>
                <TextStyle fontFamily="Times New Roman" fontSize="8.5"/>
            </TextLine>
            <TextEquiv>
                <Unicode>Ce n’eſt pas là, Seigneur, ce que je veux,
Mais je veux l’attaquer par un autre Luy-meſme,</Unicode>
            </TextEquiv>
        </TextRegion>
        <TextRegion type="paragraph" id="r_4_2" custom="readingOrder {index:18;}">
            <Coords points="80,5018 3178,5018 3178,5366 80,5366"/>
            <TextLine id="tl_29" primaryLanguage="English" custom="readingOrder {index:0;}">
                <Coords points="86,5019 3177,5019 3177,5205 86,5205"/>
                <Baseline points="87,5161 233,5142 755,5135 905,5146 1309,5141 1577,5147 1919,5151 2417,5146 2767,5157 3177,5199"/>
                <Word id="w_w2aab1b7b2b3b1ab1" language="English" custom="readingOrder {index:0;}">
                    <Coords points="87,5037 233,5037 233,5161 87,5161"/>
                    <TextEquiv>
                        <Unicode>£c</Unicode>
                    </TextEquiv>
                    <TextStyle fontFamily="Times New Roman" fontSize="8.5"/>
                </Word>
                <Word id="w_w2aab1b7b2b3b1ab7" language="English" custom="readingOrder {index:1;}">
                    <Coords points="287,5061 755,5061 755,5146 287,5146"/>
                    <TextEquiv>
                        <Unicode>neveux</Unicode>
                    </TextEquiv>
                    <TextStyle fontFamily="Times New Roman" fontSize="8.5"/>
                </Word>
                <Word id="w_w2aab1b7b2b3b1ac21" language="English" custom="readingOrder {index:2;}">
                    <Coords points="799,5027 905,5027 905,5146 799,5146"/>
                    <TextEquiv>
                        <Unicode>le</Unicode>
                    </TextEquiv>
                    <TextStyle fontFamily="Times New Roman" fontSize="8.5"/>
                </Word>
                <Word id="w_w2aab1b7b2b3b1ac27" language="English" custom="readingOrder {index:3;}">
                    <Coords points="958,5028 1309,5028 1309,5179 958,5179"/>
                    <TextEquiv>
                        <Unicode>punir</Unicode>
                    </TextEquiv>
                    <TextStyle fontFamily="Times New Roman" fontSize="8.5"/>
                </Word>
                <Word id="w_w2aab1b7b2b3b1ac39" language="English" custom="readingOrder {index:4;}">
                    <Coords points="1346,5066 1577,5066 1577,5194 1346,5194"/>
                    <TextEquiv>
                        <Unicode>que</Unicode>
                    </TextEquiv>
                    <TextStyle fontFamily="Times New Roman" fontSize="8.5"/>
                </Word>
                <Word id="w_w2aab1b7b2b3b1ac47" language="English" custom="readingOrder {index:5;}">
                    <Coords points="1631,5031 1919,5031 1919,5151 1631,5151"/>
                    <TextEquiv>
                        <Unicode>dans</Unicode>
                    </TextEquiv>
                    <TextStyle fontFamily="Times New Roman" fontSize="8.5"/>
                </Word>
                <Word id="w_w2aab1b7b2b3b1ac57" language="English" custom="readingOrder {index:6;}">
                    <Coords points="1957,5037 2417,5037 2417,5189 1957,5189"/>
                    <TextEquiv>
                        <Unicode>l’Objet</Unicode>
                    </TextEquiv>
                    <TextStyle fontFamily="Times New Roman" fontSize="8.5"/>
                </Word>
                <Word id="w_w2aab1b7b2b3b1ac73" language="English" custom="readingOrder {index:7;}">
                    <Coords points="2472,5042 2767,5042 2767,5199 2472,5199"/>
                    <TextEquiv>
                        <Unicode>qu’il</Unicode>
                    </TextEquiv>
                    <TextStyle fontFamily="Times New Roman" fontSize="8.5"/>
                </Word>
                <Word id="w_w2aab1b7b2b3b1ac85" language="English" custom="readingOrder {index:8;}">
                    <Coords points="2809,5037 3177,5037 3177,5199 2809,5199"/>
                    <TextEquiv>
                        <Unicode>aime*</Unicode>
                    </TextEquiv>
                    <TextStyle fontFamily="Times New Roman" fontSize="8.5"/>
                </Word>
                <TextEquiv>
                    <Unicode>Et ne veux le punir que dans l’Objet qu’il aime;</Unicode>
                </TextEquiv>
                <TextStyle fontFamily="Times New Roman" fontSize="8.5"/>
            </TextLine>
            <TextLine id="tl_30" primaryLanguage="English" custom="readingOrder {index:1;}">
                <Coords points="81,5183 2742,5183 2742,5365 81,5365"/>
                <Baseline points="81,5325 190,5311 520,5306 804,5305 1296,5311 1446,5316 2022,5316 2742,5361"/>
                <Word id="w_w2aab1b7b2b3b3ab1" language="English" custom="readingOrder {index:0;}">
                    <Coords points="81,5197 190,5197 190,5325 81,5325"/>
                    <TextEquiv>
                        <Unicode>li</Unicode>
                    </TextEquiv>
                    <TextStyle fontFamily="Times New Roman" fontSize="8.5"/>
                </Word>
                <Word id="w_w2aab1b7b2b3b3ab7" language="English" custom="readingOrder {index:1;}">
                    <Coords points="224,5227 520,5227 520,5312 224,5312"/>
                    <TextEquiv>
                        <Unicode>nous</Unicode>
                    </TextEquiv>
                    <TextStyle fontFamily="Times New Roman" fontSize="8.5"/>
                </Word>
                <Word id="w_w2aab1b7b2b3b3ac17" language="English" custom="readingOrder {index:2;}">
                    <Coords points="558,5188 804,5188 804,5307 558,5307"/>
                    <TextEquiv>
                        <Unicode>faut</Unicode>
                    </TextEquiv>
                    <TextStyle fontFamily="Times New Roman" fontSize="8.5"/>
                </Word>
                <Word id="w_w2aab1b7b2b3b3ac27" language="English" custom="readingOrder {index:3;}">
                    <Coords points="842,5188 1296,5188 1296,5316 842,5316"/>
                    <TextEquiv>
                        <Unicode>éblouir</Unicode>
                    </TextEquiv>
                    <TextStyle fontFamily="Times New Roman" fontSize="8.5"/>
                </Word>
                <Word id="w_w2aab1b7b2b3b3ac43" language="English" custom="readingOrder {index:4;}">
                    <Coords points="1333,5213 1446,5213 1446,5316 1333,5316"/>
                    <TextEquiv>
                        <Unicode>&amp;</Unicode>
                    </TextEquiv>
                    <TextStyle fontFamily="Times New Roman" fontSize="8.5"/>
                </Word>
                <Word id="w_w2aab1b7b2b3b3ac47" language="English" custom="readingOrder {index:5;}">
                    <Coords points="1494,5232 2022,5232 2022,5359 1494,5359"/>
                    <TextEquiv>
                        <Unicode>tromper</Unicode>
                    </TextEquiv>
                    <TextStyle fontFamily="Times New Roman" fontSize="8.5"/>
                </Word>
                <Word id="w_w2aab1b7b2b3b3ac63" language="English" custom="readingOrder {index:6;}">
                    <Coords points="2083,5198 2742,5198 2742,5361 2083,5361"/>
                    <TextEquiv>
                        <Unicode>Perdiccas,</Unicode>
                    </TextEquiv>
                    <TextStyle fontFamily="Times New Roman" fontSize="8.5"/>
                </Word>
                <TextEquiv>
                    <Unicode>Il nous faut ébloüir &amp; tromper Perdiccas,</Unicode>
                </TextEquiv>
                <TextStyle fontFamily="Times New Roman" fontSize="8.5"/>
            </TextLine>
            <TextEquiv>
                <Unicode>Et ne veux le punir que dans l’Objet qu’il aime;
Il nous faut ébloüir &amp; tromper Perdiccas,</Unicode>
            </TextEquiv>
        </TextRegion>
        <TextRegion type="paragraph" id="r_4_3" custom="readingOrder {index:19;}">
            <Coords points="66,5346 2564,5346 2564,5703 66,5703"/>
            <TextLine id="tl_31" primaryLanguage="English" custom="readingOrder {index:0;}">
                <Coords points="80,5347 2563,5347 2563,5527 80,5527"/>
                <Baseline points="80,5493 769,5467 969,5473 1383,5477 1587,5477 2159,5487 2563,5487"/>
                <Word id="w_w2aab1b7b2b5b1ab1" language="English" custom="readingOrder {index:0;}">
                    <Coords points="80,5364 769,5364 769,5493 80,5493"/>
                    <TextEquiv>
                        <Unicode>Immolons</Unicode>
                    </TextEquiv>
                    <TextStyle fontFamily="Times New Roman" fontSize="8.5"/>
                </Word>
                <Word id="w_w2aab1b7b2b5b1ac19" language="English" custom="readingOrder {index:1;}">
                    <Coords points="826,5398 969,5398 969,5473 826,5473"/>
                    <TextEquiv>
                        <Unicode>en</Unicode>
                    </TextEquiv>
                    <TextStyle fontFamily="Times New Roman" fontSize="8.5"/>
                </Word>
                <Word id="w_w2aab1b7b2b5b1ac25" language="English" custom="readingOrder {index:2;}">
                    <Coords points="1026,5353 1383,5353 1383,5477 1026,5477"/>
                    <TextEquiv>
                        <Unicode>feeret</Unicode>
                    </TextEquiv>
                    <TextStyle fontFamily="Times New Roman" fontSize="8.5"/>
                </Word>
                <Word id="w_w2aab1b7b2b5b1ac39" language="English" custom="readingOrder {index:3;}">
                    <Coords points="1424,5364 1587,5364 1587,5478 1424,5478"/>
                    <TextEquiv>
                        <Unicode>les</Unicode>
                    </TextEquiv>
                    <TextStyle fontFamily="Times New Roman" fontSize="8.5"/>
                </Word>
                <Word id="w_w2aab1b7b2b5b1ac47" language="English" custom="readingOrder {index:4;}">
                    <Coords points="1644,5359 2159,5359 2159,5487 1644,5487"/>
                    <TextEquiv>
                        <Unicode>funeftes</Unicode>
                    </TextEquiv>
                    <TextStyle fontFamily="Times New Roman" fontSize="8.5"/>
                </Word>
                <Word id="w_w2aab1b7b2b5b1ac65" language="English" custom="readingOrder {index:5;}">
                    <Coords points="2200,5402 2563,5402 2563,5526 2200,5526"/>
                    <TextEquiv>
                        <Unicode>appas</Unicode>
                    </TextEquiv>
                    <TextStyle fontFamily="Times New Roman" fontSize="8.5"/>
                </Word>
                <TextEquiv>
                    <Unicode>Immolons en ſecret les funeſtes appas</Unicode>
                </TextEquiv>
                <TextStyle fontFamily="Times New Roman" fontSize="8.5"/>
            </TextLine>
            <TextLine id="tl_32" primaryLanguage="English" custom="readingOrder {index:1;}">
                <Coords points="67,5521 1456,5521 1456,5702 67,5702"/>
                <Baseline points="67,5633 400,5643 644,5646 1455,5652"/>
                <Word id="w_w2aab1b7b2b5b3ab1" language="English" custom="readingOrder {index:0;}">
                    <Coords points="67,5539 400,5539 400,5657 67,5657"/>
                    <TextEquiv>
                        <Unicode>-Four</Unicode>
                    </TextEquiv>
                    <TextStyle fontFamily="Times New Roman" fontSize="8.5"/>
                </Word>
                <Word id="w_w2aab1b7b2b5b3ac13" language="English" custom="readingOrder {index:1;}">
                    <Coords points="431,5524 644,5524 644,5696 431,5696"/>
                    <TextEquiv>
                        <Unicode>qui</Unicode>
                    </TextEquiv>
                    <TextStyle fontFamily="Times New Roman" fontSize="8.5"/>
                </Word>
                <Word id="w_w2aab1b7b2b5b3ac21" language="English" custom="readingOrder {index:2;}">
                    <Coords points="671,5529 1455,5529 1455,5657 671,5657"/>
                    <TextEquiv>
                        <Unicode>Leonatus.,..</Unicode>
                    </TextEquiv>
                    <TextStyle fontFamily="Times New Roman" fontSize="8.5"/>
                </Word>
                <TextEquiv>
                    <Unicode>Pour qui Leonatus....</Unicode>
                </TextEquiv>
                <TextStyle fontFamily="Times New Roman" fontSize="8.5"/>
            </TextLine>
            <TextEquiv>
                <Unicode>Immolons en ſecret les funeſtes appas
Pour qui Leonatus....</Unicode>
            </TextEquiv>
        </TextRegion>
        <TextRegion type="paragraph" id="r_4_4" custom="readingOrder {index:20;}">
            <Coords points="1127,5697 2506,5697 2506,5834 1127,5834"/>
            <TextLine id="tl_33" primaryLanguage="English" custom="readingOrder {index:0;}">
                <Coords points="1128,5698 2505,5698 2505,5833 1128,5833"/>
                <Baseline points="1128,5818 1375,5813 1643,5823 1967,5819 2143,5822 2504,5833"/>
                <Word id="w_w2aab1b7b2b7b1ab1" language="English" custom="readingOrder {index:0;}">
                    <Coords points="1128,5699 1375,5699 1375,5818 1128,5818"/>
                    <TextEquiv>
                        <Unicode>CA</Unicode>
                    </TextEquiv>
                    <TextStyle fontFamily="Times New Roman" fontSize="8.5"/>
                </Word>
                <Word id="w_w2aab1b7b2b7b1ab7" language="English" custom="readingOrder {index:1;}">
                    <Coords points="1436,5700 1643,5700 1643,5823 1436,5823"/>
                    <TextEquiv>
                        <Unicode>SS</Unicode>
                    </TextEquiv>
                    <TextStyle fontFamily="Times New Roman" fontSize="8.5"/>
                </Word>
                <Word id="w_w2aab1b7b2b7b1ac13" language="English" custom="readingOrder {index:2;}">
                    <Coords points="1698,5704 1967,5704 1967,5819 1698,5819"/>
                    <TextEquiv>
                        <Unicode>AN</Unicode>
                    </TextEquiv>
                    <TextStyle fontFamily="Times New Roman" fontSize="8.5"/>
                </Word>
                <Word id="w_w2aab1b7b2b7b1ac19" language="English" custom="readingOrder {index:3;}">
                    <Coords points="2030,5710 2143,5710 2143,5822 2030,5822"/>
                    <TextEquiv>
                        <Unicode>D</Unicode>
                    </TextEquiv>
                    <TextStyle fontFamily="Times New Roman" fontSize="8.5"/>
                </Word>
                <Word id="w_w2aab1b7b2b7b1ac23" language="English" custom="readingOrder {index:4;}">
                    <Coords points="2214,5709 2504,5709 2504,5833 2214,5833"/>
                    <TextEquiv>
                        <Unicode>ER.</Unicode>
                    </TextEquiv>
                    <TextStyle fontFamily="Times New Roman" fontSize="8.5"/>
                </Word>
                <TextEquiv>
                    <Unicode>CASSANDER.</Unicode>
                </TextEquiv>
                <TextStyle fontFamily="Times New Roman" fontSize="8.5"/>
            </TextLine>
            <TextEquiv>
                <Unicode>CASSANDER.</Unicode>
            </TextEquiv>
        </TextRegion>
        <TextRegion type="paragraph" id="r_4_5" custom="readingOrder {index:21;}">
            <Coords points="55,5863 3348,5863 3348,6222 55,6222"/>
            <TextLine id="tl_34" primaryLanguage="English" custom="readingOrder {index:0;}">
                <Coords points="1473,5864 3152,5864 3152,6033 1473,6033"/>
                <Baseline points="1473,6023 1622,5979 1948,5979 2469,6023 3151,6023"/>
                <Word id="w_w2aab1b7b2b9b1ab1" language="English" custom="readingOrder {index:0;}">
                    <Coords points="1473,5866 1622,5866 1622,6023 1473,6023"/>
                    <TextEquiv>
                        <Unicode>Je</Unicode>
                    </TextEquiv>
                    <TextStyle fontFamily="Times New Roman" fontSize="8.5"/>
                </Word>
                <Word id="w_w2aab1b7b2b9b1ab7" language="English" custom="readingOrder {index:1;}">
                    <Coords points="1659,5900 1948,5900 1948,5984 1659,5984"/>
                    <TextEquiv>
                        <Unicode>vous</Unicode>
                    </TextEquiv>
                    <TextStyle fontFamily="Times New Roman" fontSize="8.5"/>
                </Word>
                <Word id="w_w2aab1b7b2b9b1ac17" language="English" custom="readingOrder {index:2;}">
                    <Coords points="1999,5901 2469,5901 2469,6023 1999,6023"/>
                    <TextEquiv>
                        <Unicode>entens,</Unicode>
                    </TextEquiv>
                    <TextStyle fontFamily="Times New Roman" fontSize="8.5"/>
                </Word>
                <Word id="w_w2aab1b7b2b9b1ac33" language="English" custom="readingOrder {index:3;}">
                    <Coords points="2531,5874 3151,5874 3151,6023 2531,6023"/>
                    <TextEquiv>
                        <Unicode>Madanté*</Unicode>
                    </TextEquiv>
                    <TextStyle fontFamily="Times New Roman" fontSize="8.5"/>
                </Word>
                <TextEquiv>
                    <Unicode>Je vous entens, Madame,</Unicode>
                </TextEquiv>
                <TextStyle fontFamily="Times New Roman" fontSize="8.5"/>
            </TextLine>
            <TextLine id="tl_35" primaryLanguage="English" custom="readingOrder {index:1;}">
                <Coords points="56,6016 3347,6016 3347,6221 56,6221"/>
                <Baseline points="56,6189 395,6145 856,6150 984,6199 1199,6198 1704,6154 1918,6159 2348,6168 2465,6169 2570,6181 3347,6221"/>
                <Word id="w_w2aab1b7b2b9b3ab1" language="English" custom="readingOrder {index:0;}">
                    <Coords points="56,6030 395,6030 395,6193 56,6193"/>
                    <TextEquiv>
                        <Unicode>jjfoas</Unicode>
                    </TextEquiv>
                    <TextStyle fontFamily="Times New Roman" fontSize="10.0"/>
                </Word>
                <Word id="w_w2aab1b7b2b9b3ac15" language="English" custom="readingOrder {index:1;}">
                    <Coords points="438,6021 856,6021 856,6160 438,6160"/>
                    <TextEquiv>
                        <Unicode>voulez</Unicode>
                    </TextEquiv>
                    <TextStyle fontFamily="Times New Roman" fontSize="10.0"/>
                </Word>
                <Word id="w_w2aab1b7b2b9b3ac29" language="English" custom="readingOrder {index:2;}">
                    <Coords points="900,6040 1128,6040 1128,6199 900,6199"/>
                    <TextEquiv>
                        <Unicode>que</Unicode>
                    </TextEquiv>
                    <TextStyle fontFamily="Times New Roman" fontSize="10.0"/>
                </Word>
                <Word id="w_w2aab1b7b2b9b3b1b1" language="English" custom="readingOrder {index:3;}">
                    <Coords points="1154,6040 1270,6040 1270,6198 1154,6198"/>
                    <TextEquiv>
                        <Unicode>je</Unicode>
                    </TextEquiv>
                    <TextStyle fontFamily="Times New Roman" fontSize="8.5"/>
                </Word>
                <Word id="w_w2aab1b7b2b9b3b2b1" language="English" custom="readingOrder {index:4;}">
                    <Coords points="1328,6026 1704,6026 1704,6198 1328,6198"/>
                    <TextEquiv>
                        <Unicode>prefte</Unicode>
                    </TextEquiv>
                    <TextStyle fontFamily="Times New Roman" fontSize="10.0"/>
                </Word>
                <Word id="w_w2aab1b7b2b9b3b2c15" language="English" custom="readingOrder {index:5;}">
                    <Coords points="1760,6070 1918,6070 1918,6159 1760,6159"/>
                    <TextEquiv>
                        <Unicode>un</Unicode>
                    </TextEquiv>
                    <TextStyle fontFamily="Times New Roman" fontSize="10.0"/>
                </Word>
                <Word id="w_w2aab1b7b2b9b3b2c21" language="English" custom="readingOrder {index:6;}">
                    <Coords points="1966,6036 2348,6036 2348,6168 1966,6168"/>
                    <TextEquiv>
                        <Unicode>crime</Unicode>
                    </TextEquiv>
                    <TextStyle fontFamily="Times New Roman" fontSize="10.0"/>
                </Word>
                <Word id="w_w2aab1b7b2b9b3b2c33" language="English" custom="readingOrder {index:7;}">
                    <Coords points="2396,6036 2465,6036 2465,6181 2396,6181"/>
                    <TextEquiv>
                        <Unicode>à</Unicode>
                    </TextEquiv>
                    <TextStyle fontFamily="Times New Roman" fontSize="10.0"/>
                </Word>
                <Word id="w_w2aab1b7b2b9b3b3b1" language="English" custom="readingOrder {index:8;}">
                    <Coords points="2508,6036 2874,6036 2874,6181 2508,6181"/>
                    <TextEquiv>
                        <Unicode>yoüre</Unicode>
                    </TextEquiv>
                    <TextStyle fontFamily="Times New Roman" fontSize="8.5"/>
                </Word>
                <Word id="w_w2aab1b7b2b9b3b4b1" language="English" custom="readingOrder {index:9;}">
                    <Coords points="2922,6040 3347,6040 3347,6221 2922,6221"/>
                    <TextEquiv>
                        <Unicode>flanatf}</Unicode>
                    </TextEquiv>
                    <TextStyle fontFamily="Times New Roman" fontSize="10.0"/>
                </Word>
                <TextEquiv>
                    <Unicode>Vous voulez que je preſte un crime à voſtre flame;</Unicode>
                </TextEquiv>
            </TextLine>
            <TextEquiv>
                <Unicode>Je vous entens, Madame,
Vous voulez que je preſte un crime à voſtre flame;</Unicode>
            </TextEquiv>
        </TextRegion>
        <TextRegion type="paragraph" id="r_4_6" custom="readingOrder {index:22;}">
            <Coords points="2817,6204 2959,6204 2959,6369 2817,6369"/>
            <TextLine id="tl_36" primaryLanguage="English" custom="readingOrder {index:0;}">
                <Coords points="2818,6205 2958,6205 2958,6368 2818,6368"/>
                <Baseline points="2818,6368 2958,6368"/>
                <Word id="w_w2aab1b7b2c11b1ab1" language="English" custom="readingOrder {index:0;}">
                    <Coords points="2818,6205 2958,6205 2958,6368 2818,6368"/>
                    <TextEquiv>
                        <Unicode>c</Unicode>
                    </TextEquiv>
                    <TextStyle fontFamily="Times New Roman" fontSize="18.0"/>
                </Word>
                <TextEquiv>
                    <Unicode>C</Unicode>
                </TextEquiv>
                <TextStyle fontFamily="Times New Roman" fontSize="18.0"/>
            </TextLine>
            <TextEquiv>
                <Unicode>C</Unicode>
            </TextEquiv>
        </TextRegion>
        <SeparatorRegion id="r_5" custom="readingOrder {index:23;}">
            <Coords points="3951,56 4000,56 4000,6960 3951,6960"/>
        </SeparatorRegion>
    </Page>
</PcGts>
