4085 7152
1153 364 1492 522 TR
1545 371 1676 525 A
2085 378 2588 545 DTE

565 1725 2266 2138 ACTE
2628 1776 3274 2155 III

449 2457 1444 2662 SCENE
1705 2478 3452 2773 PREMIERE:.}

758 2944 1016 3092 ST
1066 2947 1184 3089 A
1238 2954 1368 3100 T
1422 2947 1660 3097 IR
1714 2962 1930 3150 A,
2101 2973 3226 3139 CLEONE.-

1372 3285 1462 3406 S
1508 3283 1614 3409 T
1664 3290 1762 3407 A
1812 3304 1918 3414 T
1964 3295 2018 3412 I
2072 3305 2174 3414 R
2216 3303 2358 3421 A:

976 3475 1454 3630 Leone,
1502 3520 1651 3602 en
1702 3524 1887 3606 cec
1944 3489 2444 3659 inftant,
2517 3495 2798 3661 quel
2842 3494 3233 3662 efpoir
3272 3506 3676 3641 rn'elk

1288 3648 1803 3808 permis?
1856 3674 1863 3714 :

960 3811 1558 3931 Leonatus
1604 3811 1772 3936 eft
1816 3815 2070 3941 feul
2122 3849 2546 3952 contre
2596 3831 2924 3956 mille
2982 3839 3630 4010 Ennemi^
3672 3949 3698 3979 ,

932 4008 1095 4089 >us
1146 3976 1683 4137 coftcz,a
1732 3988 2061 4109 mille
2107 3993 2441 4110 traits
2487 4039 2635 4119 en
2693 4002 3018 4158 bute,

198 4126 529 4270 Quel
573 4120 1073 4291 fecours,
1115 4181 1272 4262 ou
1314 4161 1588 4316 quel
1635 4156 1948 4278 Dieu
1984 4194 2264 4317 peut
2311 4165 2836 4291 retarder
2872 4171 2984 4295 fa
3016 4177 3432 4306 chute?

204 4293 857 4414 Cailander
914 4310 1069 4425 l'a
1126 4315 1455 4483 trahy
1510 4314 2252 4479 fans-doute,
2310 4348 2421 4454 &
2482 4338 3097 4464 Perdiccas

193 4456 920 4583 M'enferme
973 4515 1114 4593 en
1165 4520 1296 4601 ce
1359 4490 1783 4647 Palais,
1837 4510 1949 4616 &
1993 4501 2262 4617 vole
2311 4496 2373 4617 à
2419 4496 2628 4627 fbri
2681 4510 3131 4676 trépas;

184 4629 760 4755 Soitbras
802 4648 908 4756 &
966 4639 1073 4761 fa
1106 4654 1503 4776 valeur
1552 4663 1857 4779 l’ont
1910 4694 2179 4823 trop
2230 4668 2441 4784 fait
2498 4684 3342 4833 reconnoîtré,’

193 4806 407 4918 On
447 4803 1064 4971 l'attaque,
1111 4861 1272 4938 on
1305 4827 1414 4942 le
1460 4825 1873 4992 preffe,
1919 4827 2003 4948 il
2039 4831 2672 4963 futcombe
2716 4850 3412 5006 peut-eftre*

174 4965 620 5120 Quelle
667 4966 1158 5105 horreur
1196 4985 1302 5111 fe
1338 4994 1790 5155 répand
1852 4998 2154 5120 dans
2192 5044 2445 5125 mes
2484 5003 2738 5134 fens
2794 5014 3347 5180 éperdus/

180 5142 497 5258 Mon
560 5142 1011 5268 Amant
1057 5156 1227 5279 eft
1273 5162 1726 5328 Captif,
1781 5207 1947 5284 ou
1991 5172 2637 5328 peut-eftre
2685 5186 2761 5301 il
2813 5186 3103 5311 n’eft
3148 5191 3485 5358 plu§^

169 5309 428 5427 5ofi
475 5305 1058 5475 defefpoir
1091 5330 1851 5505 marquoitfà
1894 5340 2658 5495 tropfuncfte
2704 5355 3111 5513 envie,

160 5471 276 5589 U
318 5511 471 5589 ne
514 5482 1197 5609 combatoit
1251 5507 1513 5663 plus
1559 5542 1863 5668 pour
1902 5478 2475 5633 défendre
2523 5515 2639 5639 fa
2679 5518 2920 5672 vie.

155 5645 305 5761 Et
347 5637 735 5767 fï-toft
780 5659 1071 5815 qu’il
1111 5705 1178 5777 a
1219 5711 1434 5791 veu
1491 5670 2110 5801 Perdiccas
2167 5689 2869 5835 m'enlever,

150 5802 276 5924 Il
312 5848 374 5919 a
416 5818 779 5934 voulu
816 5824 927 5940 la
967 5829 1434 5984 perdre,
1482 5858 1597 5964 Lr
1640 5881 1889 5963 non
1955 5888 2165 6013 pas
2200 5852 2313 5969 la
2360 5849 2814 5988 fauver.

145 5975 601 6101 Dieux/
653 5986 759 6101 le
795 5995 1306 6117 nombre
1339 6005 1898 6135 l'accable
1907 6030 2074 6156 ,$c
2106 6026 2358 6175 ç'en
2393 6017 2561 6140 eft
2595 6019 2820 6145 fait
2853 6019 3116 6150 fans
3149 6019 3556 6210 doutf|

134 6144 660 6303 [yoiUce
715 6168 1863 6348 qu'aujpurd'huyXa
1914 6184 3168 6384 tendrefleIuy,cQâte^
