4085 7057
1208 396 1555 555 TR
1612 400 1735 550 A
1796 407 1919 562 G
1976 419 2087 573 E
2144 418 2407 572 DI
2468 424 2625 659 E.
3486 471 3670 662 ^

1435 701 1521 818 S
1567 711 1677 829 T
1731 716 2073 835 ATI
2135 716 2428 839 RA.

1134 935 1334 1058 Hé
1394 941 1718 1093 bien,
1763 944 2229 1075 évitons
2285 960 2489 1079 Ton
2543 998 3116 1123 couçouxj

224 1087 572 1246 Mais
623 1087 1060 1264 fongez
1109 1102 1435 1246 bien,
1480 1112 2117 1276 Seigneur,
2195 1164 2516 1293 quoy
2561 1169 2794 1292 que
2836 1136 3078 1255 Ton
3118 1173 3519 1264 entre-

249 1272 353 1382 A
396 1256 793 1381 fanver
841 1302 1069 1381 une
1121 1271 1303 1387 vie
1353 1310 1513 1410 pu
1555 1287 2059 1419 j’atache
2111 1296 2214 1406 la
2271 1296 2814 1440 mienne,
3064 1301 3637 1473 ("prenne,

258 1417 583 1552 rC’eft
638 1466 928 1550 vous
980 1471 1134 1552 en
1184 1431 1430 1556 dire
1490 1477 1801 1606 trop.
1884 1452 2310 1590 Adieu.

1001 2033 2100 2235 SCENE
2385 2051 2777 2242 III.

346 2397 813 2565 .CAS
870 2430 965 2572 S
1018 2425 1325 2583 AN
1382 2448 1668 2593 DE
1722 2442 1959 2619 R,
2078 2447 3466 2631 PEUCESTAS.

1264 2774 1350 2887 P
1408 2779 1658 2905 EU
1720 2785 1950 2904 CE
2008 2792 2082 2913 S
2140 2789 2573 2922 TAS.

2615 2790 2875 3112 Jw
2918 2982 3423 3105 Eonatus

223 3069 763 3204 Allarme
809 3094 1304 3246 Statira,
1389 3103 1675 3223 rend
1743 3102 1902 3223 fes
1939 3108 2282 3238 defirs
2329 3113 2799 3296 confus]

216 3249 1552 3422 JMai$,Seigneur,vou$
1598 3269 1957 3393 devez
2016 3279 2536 3417 bientoft
2580 3303 2929 3423 briser
2976 3303 3087 3428 fa
3132 3308 3621 3450 chaîne,-;

1286 3515 1382 3628 C
1438 3516 2618 3670 ASSANDER.

229 3742 549 3862 Mon
605 3736 1089 3872 intéreft
1135 3750 1308 3879 cfl:
1362 3755 1668 3909 joint
1715 3755 1777 3871 à
1817 3766 2140 3923 celuy
2187 3766 2326 3883 de
2363 3772 2472 3884 la
2519 3784 2959 3943 Reyne;

216 3911 489 4061 Voy
536 3901 841 4022 donc
882 3954 1079 4028 ma
1125 3916 1750 4084 politique,
1798 3941 1904 4045 &
1948 3936 2457 4055 connois
2508 3980 2759 4065 mes
2806 3949 3354 4104 deffeinSj

229 4067 893 4230 Peucefhs,
930 4091 1034 4235 je
1063 4087 1176 4196 la
1213 4082 1487 4225 fers,
1529 4091 2194 4246 cependant
2246 4111 2354 4258 je
2407 4102 2516 4220 la
2568 4111 2993 4279 plains;

224 4234 513 4357 IJne
560 4242 831 4357 telle
868 4244 1497 4405 entreprise
1546 4292 1771 4369 aux
1813 4297 2097 4416 yeux
2144 4262 2281 4381 de
2316 4261 2429 4382 sa
2483 4282 2891 4397 Rivale

235 4404 524 4519 Peut
569 4404 884 4522 enfin
941 4404 1224 4528 eftre
1267 4409 1863 4570 heureuse,
1925 4461 2078 4542 ou
2135 4427 2608 4557 devenir
2654 4437 2998 4566 fatale
3016 4526 3053 4605 ;

226 4564 557 4690 Mais
589 4579 1021 4732 qu’elle
1068 4573 1606 4732 rétifliffe,
1642 4622 1795 4703 ou
1838 4627 2130 4737 non,
2173 4608 2277 4751 je
2317 4635 2511 4713 me
2550 4643 3130 4772 promets,

224 4735 554 4856 D'en
605 4735 942 4854 avoir
980 4779 1274 4903 pour
1310 4782 1556 4864 mes
1603 4746 1868 4868 feux
1904 4754 2614 4884 l’infaillible
2660 4769 3094 4911 succès.

225 4900 827 5016 Leonatus
867 4911 1072 5069 qui
1115 4910 1497 5028 craint
1535 4914 1693 5029 les
1733 4926 2151 5040 ennuis
2207 4925 2483 5044 d'un
2543 4939 2836 5109 long
2885 4949 3291 5117 Siégé,

226 5061 758 5182 Voulant
790 5076 956 5186 les
991 5071 1585 5235 prévenir,
1636 5120 1976 5199 court
2012 5089 2146 5204 de
2196 5095 2901 5258 luy-mefme
2934 5154 3081 5236 au
3133 5124 3534 5297 piege*

233 5226 341 5352 U
389 5227 491 5341 le
527 5266 846 5369 veut,
891 5246 991 5389 je
1027 5241 1129 5355 le
1173 5242 1450 5375 fers.
1521 5250 1655 5372 Si
1701 5257 1805 5366 le
1847 5250 2228 5374 succès
2297 5261 2808 5394 heureux

232 5398 480 5551 Luy
516 5391 918 5517 donne
954 5408 1059 5521 fa
1114 5407 1521 5530 Prince
1540 5417 1732 5570 lie,
1768 5417 1846 5535 il
1890 5459 2505 5550 couronne
2548 5475 2799 5556 mes
2844 5441 3148 5570 feux*

229 5563 447 5684 S’il
500 5553 860 5712 périt,
901 5611 1192 5689 mon
1237 5581 1577 5701 Rival
1613 5582 2248 5708 deviendra
2289 5634 2488 5716 ma
2525 5606 3055 5765 viélime,

230 5734 382 5848 Pt
434 5724 543 5839 fa
583 5766 1015 5886 propre
1056 5744 1449 5863 valeur
1490 5791 1635 5867 va
1676 5748 2437 5921 m’épargner
2480 5806 2639 5887 un
2684 5776 3100 5940 crime;

228 5890 378 6047 Je
429 5884 680 6008 hais
731 5899 1371 6051 Leonatus,
1423 5913 1505 6027 il
1559 5951 1756 6033 me
1803 5909 2020 6037 fait
2075 5923 2210 6042 de
2261 5924 2871 6091 l’horreur,

229 6060 437 6204 Ju
467 6060 729 6194 vois
779 6102 1011 6232 que
1043 6069 1187 6198 de
1237 6089 1741 6216 Roxane
1783 6083 1874 6208 il
1911 6094 2491 6223 m'enlève
2527 6103 2637 6223 le
2683 6138 3082 6265 cœur,
