4085 7006
1208 453 1903 630 TR'A’G
1971 492 2071 638 E
2127 491 2263 638 D
2319 500 2382 637 I
2439 475 2596 720 Ëo
3501 516 3694 725 f

229 647 500 815 J*hy
553 678 1182 828 remarque
1222 678 1758 828 toûjours
1795 705 2501 854 qu’envieux
2536 704 2672 825 de
2700 700 2817 830 fa
2852 706 3244 882 gloire

242 831 554 947 Sans
605 818 892 946 celle
922 869 1212 949 vous
1246 836 1648 965 tâchez
1682 850 2382 984 d’obfcurcir
2422 865 2528 984 fa
2568 874 3201 1046 mémoire^

232 991 370 1124 Je
417 991 1086 1109 n’examine
1119 1006 1462 1158 point
1494 1011 1598 1134 le
1640 1026 2098 1178 caprice
2148 1029 2344 1148 des
2386 1036 2880 1188 Dieux/

236 1149 650 1271 Usent
687 1189 820 1273 eu
863 1160 1158 1279 leurs
1204 1165 1646 1293 raifôns
1691 1222 1990 1338 pour
2032 1188 2420 1318 l’ofter
2462 1199 2529 1322 à
2564 1247 2788 1326 nos
2821 1244 3198 1375 yeux#'

234 1304 864 1486 Dûflay-je
908 1334 1496 1457 m’attirer
1510 1344 1894 1473 1*éclat
1940 1354 2078 1472 de
2114 1362 2358 1482 leur
2414 1373 2846 1516 colère.

232 1481 343 1598 Il
383 1474 565 1598 fifl
605 1474 831 1603 feul
881 1522 1018 1608 ce
1057 1505 1486 1661 qu’eux
1522 1547 1788 1632 tous
1824 1523 2368 1643 auroîcnt
2408 1571 2548 1651 eu
2599 1542 2948 1696 peine
2986 1537 3053 1666 i
3086 1538 3448 1708 faite,}

226 1655 374 1769 Et
421 1637 1104 1778 fans-doute
1156 1701 1342 1792 ces
1392 1678 1784 1796 Dieux
1838 1678 1980 1801 de
2028 1682 2542 1849 fagloire
2589 1713 2991 1854 jaloux

230 1813 626 1969 N’ont
662 1851 816 1971 pu
845 1804 1298 1947 fouffirir
1333 1842 1625 1999 qu’il
1662 1837 1891 1967 fuft
1920 1847 2281 1974 adoré
2317 1897 2725 2019 parmy
2778 1914 3084 1994 nous
3095 1968 3132 2009 e

218 1979 478 2106 J’en
513 1972 688 2092 dis
739 2013 1055 2150 trop.
1138 1998 1444 2120 Mais
1494 2001 1812 2125 enfin
1865 2050 2164 2170 pour
2214 2064 2676 2179 reparer
2704 2041 2811 2149 la
2855 2045 3242 2202 gloire

218 2142 550 2268 D'an
619 2152 1423 2314 Demy-Dieu,
1475 2181 1580 2324 je
1616 2166 1874 2291 dois
1916 2176 2294 2305 élever
2336 2190 2442 2309 fa
2482 2195 3109 2320 mémoire-

219 2311 365 2425 Ec
415 2341 705 2421 vous
745 2307 1106 2439 devez
1141 2315 1560 2490 fonger
1605 2344 2150 2498 qu’apres
2200 2379 2360 2468 tm
2426 2361 2587 2474 tel
2642 2369 3042 2523 Epoux

206 2471 356 2624 Je
407 2509 549 2589 ne
584 2471 834 2623 puis
895 2487 1560 2620 m’abaifier
1596 2494 1860 2624 d’en
1906 2505 2330 2632 choifir
2363 2562 2770 2686 parmy
2800 2569 3150 2671 vous,

206 2635 821 2794 Qu’ayant
861 2649 1193 2774 môté
1228 2655 1305 2777 fi
1344 2660 1671 2822 haut,
1706 2708 1996 2788 mon
2036 2712 2368 2801 cœur
2414 2728 2562 2807 ne
2593 2732 2868 2852 peut
2902 2693 3606 2866 descendrez

209 2805 359 2919 Et
396 2800 671 2963 qu'il
713 2801 960 2933 faut
1000 2810 1063 2933 à
1102 2834 1594 2948 Roxane
1638 2877 1798 2953 un
1828 2834 2259 2964 fécond
2304 2853 3010 3002 Aléxandre,

203 2971 380 3087 En
435 2964 729 3092 eft-il
773 3016 932 3102 un
980 3022 1390 3108 encor?
1422 3087 1483 3121 ..

1232 3167 1333 3282 C
1384 3164 1739 3296 ASS
1800 3159 2229 3297 and
2300 3181 2619 3315 er;

1844 3337 2896 3476 LefeulLeonatus

193 3461 481 3587 Sért
527 3463 680 3586 du
715 3463 996 3640 fang
1031 3477 1855 3644 d’Alexandre,
1906 3502 1983 3616 il
2026 3544 2170 3620 en
2226 3545 2296 3621 a
2332 3512 2494 3626 les
2530 3559 2967 3644 vertus*

189 3632 514 3754 Mais
577 3646 655 3756 S
671 3642 1061 3779 tarira.
1108 3646 1719 3803 Madame,
1766 3652 1829 3774 à
1880 3701 2084 3780 vos
2122 3665 2464 3789 defirs
2506 3674 2904 3838 fatale,

185 3796 838 3920 Peut-eflre
875 3801 1174 3921 dans
1219 3809 1420 3927 fon
1465 3855 1796 3938 cœur
1842 3864 2130 3945 vous
2176 3834 2576 3958 donne
2620 3889 2850 3969 une
2892 3854 3369 4031 Rivale/’

175 3962 341 4074 Le
387 3951 665 4128 fang
715 3961 854 4084 de
907 3976 1336 4090 Darius
1377 3985 1585 4141 qui
1628 4019 1918 4108 vous
1958 3989 2364 4113 donna
2414 3998 2614 4129 des
2652 4024 2990 4176 Loix,

175 4130 343 4250 Sa
385 4117 849 4282 beauté,
891 4129 1096 4254 fon
1130 4139 1597 4286 mérite,
1649 4160 2290 4281 autorisent
2336 4212 2464 4297 ce
2500 4180 2901 4312 choix.

1414 4324 1849 4449 ROX
1910 4320 1987 4442 À
2054 4340 2363 4457 NE.

173 4462 495 4575 Vous
542 4492 1025 4611 pourrez
1059 4458 1413 4610 donc,
1456 4489 2083 4650 Seigneur,
2138 4536 2280 4611 en
2324 4504 2426 4621 la
2470 4542 3026 4632 trouvant
3070 4512 3153 4638 fi
3186 4512 3550 4674 belles

165 4624 327 4738 Lu
340 4652 403 4778 y
438 4618 1027 4772 présenter
1063 4668 1274 4747 vos
1324 4676 1729 4794 vœux,
1780 4671 1891 4776 &
1938 4657 2450 4820 foûpirer
2483 4716 2782 4834 pour
2814 4682 3080 4834 elle,

165 4792 355 4907 De
405 4784 507 4907 fii
556 4793 937 4945 gloire
987 4836 1274 4915 mon
1345 4845 1680 4933 cœur
1736 4860 1878 4937 ne
1912 4822 2150 4946 fera
2199 4837 2538 4989 point
2577 4845 3021 4997 jaloux,

161 4958 303 5072 Et
347 4952 791 5075 mefme
828 4972 941 5119 je
987 4962 1478 5090 consens
1528 4977 1816 5120 àluy
1859 4996 2242 5145 parler
2291 5039 2580 5153 pour
2622 5043 2963 5144 vous,

1195 5145 1561 5270 CAS
1624 5151 1857 5271 SA
1908 5166 2189 5281 ND
2246 5174 2527 5297 ER.

151 5292 251 5402 A
301 5278 481 5436 luy
516 5288 897 5438 parler
928 5321 1224 5448 pour
1267 5335 1534 5463 moy
1568 5310 2464 5477 îJ'iftesDieux.'
2524 5340 3539 5506 Mais,MadanseJ

149 5460 471 5564 Vous
523 5489 673 5565 ne
733 5454 1125 5612 fçavez
1160 5502 1384 5628 que
1437 5509 1700 5637 trop
1740 5479 2224 5609 îefecret
2264 5489 2406 5612 de
2452 5541 2742 5618 mon
2786 5547 3103 5665 amc,

126 5611 637 5773 J’âttens
691 5625 1313 5782 Lconatus,
1362 5649 2004 5787 peut-eftre
2039 5698 2266 5821 que
2296 5658 2498 5779 fon
2552 5702 2890 5789 cœur

131 5775 909 5902 Découvrant
953 5784 1111 5904 fès
1165 5786 1701 5955 deflelns,
1744 5813 1990 5937 fera
2040 5826 2294 5942 voir
2344 5866 2634 5948 mon
2690 5873 3117 5961 erreur*

135 5945 447 6061 Mais
483 5940 558 6058 fi
596 5983 887 6102 pour
935 5963 1013 6083 S
1029 5970 1372 6086 tarira
1428 5978 1840 6130 j’avois
1880 5988 2232 6107 l’ame
2262 5993 2837 6160 inquiété,

116 6105 457 6271 Jç'ne
491 6124 1246 6289 vousprîrois
1291 6143 1938 6300 pasd’eftre
1982 6194 2280 6281 mon
2324 6169 3035 6333 Interprète-
