4033 7232
1643 338 1938 485 ST
1997 335 2124 480 A
2181 338 2432 489 TI
2505 340 2901 526 RA,

1394 628 2272 760 ROXANH
2382 633 2458 754 A
2506 664 2666 764 CV
2669 633 3182 803 (fonder.

536 856 1221 1023 Jenefçay*,
1265 863 2685 1043 mais,Seigneur,quoy
2734 882 3029 1047 qu’il
3085 877 3519 1039 arrivé

536 1032 1196 1163 Roxane&
1250 1031 1868 1158 Perdiccas
1918 1031 2022 1157 la
2068 1042 2826 1167 retiendront
2874 1047 3398 1213 captive.

1692 1306 2083 1427 LEO
2146 1312 2263 1427 N
2314 1312 2725 1432 ATU
2788 1311 2927 1436 S.

537 1545 728 1677 AH
785 1555 1416 1687 Madame!
1463 1605 1616 1686 ou
1663 1570 1828 1687 les
1891 1575 2288 1695 Dieux
2355 1575 2922 1690 n’auront
2959 1577 3314 1736 point
3357 1576 3941 1751 d’équité.

550 1728 753 1841 Ou
804 1769 1111 1861 noqs
1158 1729 2033 1857 l'arracherons
2110 1740 2173 1860 à
2216 1744 2323 1861 la
2376 1739 3004 1900 captivité.

542 1898 732 2009 Au
776 1900 1008 2015 lieu
1064 1899 1210 2016 de
1245 1900 1804 2060 prévenir
1848 1949 2082 2030 une
2146 1903 2608 2031 funefte
2655 1949 3130 2079 guerre,

541 2074 871 2190 Vous
931 2065 1235 2190 allez
1279 2074 1879 2204 l’allumer
1933 2119 2157 2200 aux
2211 2082 2517 2200 deux
2565 2078 2911 2201 bouts
2949 2078 3089 2200 de
3143 2083 3251 2199 la
3287 2094 3717 2244 Terre,

552 2234 1190 2370 Madame.

1811 2422 1920 2543 R
1977 2427 2098 2544 O
2151 2428 2268 2549 X
2315 2422 2765 2549 ANE.

1105 2751 1250 2878 Et
1304 2787 1660 2898 nous,
1711 2757 2356 2921 Seigneur,
2396 2791 2700 2868 nous
2740 2751 3872 2913 {çauronsïcvûtenir

561 2921 797 3037 Ces
871 2906 1235 3036 éclats
1279 2916 1973 3092 dangereux
2016 2960 2253 3092 que
2307 2921 2341 3031 I
2385 2955 2547 3032 on
2591 2955 2875 3083 peut
2929 2921 3539 3076 prévenir.

540 3094 882 3202 Vous
926 3120 1394 3245 pouvez
1448 3095 2122 3250 cependant
2156 3085 2592 3207 affiner
2648 3090 3274 3211 Prolongée

551 3249 847 3411 Que
905 3295 1205 3376 nous
1269 3300 1415 3377 ne
1459 3264 2113 3430 craignons
2167 3259 2518 3421 point
2559 3301 2710 3425 ny
2759 3259 2999 3426 luy,
3053 3304 3206 3425 ny
3263 3253 3473 3386 son
3531 3260 4005 3411 Armée,

726 3423 799 3540 à
840 3433 1317 3546 Perdfcc
1318 3474 1494 3555 **.

551 3595 1136 3749 Sortons,
1209 3598 1858 3765 Seigneur.

1369 4204 2534 4395 SCENE
2809 4206 3217 4405 VI.

752 4599 2312 4798 CASSANDER,
2480 4615 3852 4777 LEONATUS.

1658 4963 3022 5097 CASSANDER.

1417 5123 1559 5475 J[
1609 5308 1944 5459 Evoy
1991 5302 2368 5470 qu'on
2425 5334 2732 5416 nous
2779 5293 3140 5425 brave
3203 5339 3474 5430 tous
3523 5303 3888 5460 Jeujr,

567 5479 1071 5595 Roxanc
1115 5493 1425 5584 nous
1483 5464 1909 5589 insulte
1957 5487 2067 5594 &
2123 5463 2635 5633 méprise
2679 5507 2935 5588 mes
2979 5468 3293 5628 feux,

572 5638 1200 5763 Perdiccas
1250 5636 2168 5768 m’abandonne
2212 5656 2322 5759 &
2376 5643 2730 5758 s’unit
2774 5682 3304 5813 avecque
3352 5648 3628 5801 elle,

561 5811 717 5969 Je
765 5812 931 5928 les
975 5811 1365 5977 quite,
1419 5808 2063 5972 Seigneur,
2117 5822 2228 5929 &
2275 5847 2627 5969 prens
2673 5808 3059 5933 vollre
3099 5817 3667 5987 querelle,

576 5987 937 6103 Dans
980 6021 1211 6098 une
1254 5972 1621 6097 heure
1658 5992 1769 6142 je
1816 5977 2073 6141 puis
2132 5976 2641 6104 délivrer
2704 5991 2781 6103 S
2798 5982 3200 6137 tarira,

571 6155 802 6301 Qu
835 6146 1136 6291 dans
1185 6186 1320 6272 ce
1353 6146 1750 6327 grand
1797 6145 2244 6282 dessein
2309 6145 2954 6272 Caflander
2993 6151 3440 6317 périra.
