4085 7152
514 399 652 573 S
1654 431 1932 595 ST
1994 440 2120 594 A
2181 451 2427 606 TI
2493 459 2636 609 R
2705 462 2890 653 A,

494 613 670 741 Le
716 625 1068 788 Pont,
1116 628 1227 759 la
1280 648 2060 810 Macédoine,
2118 707 2273 785 ou
2314 708 2583 793 tant
2632 678 3141 810 d'autre;
3202 688 3465 813 Païs

484 791 715 907 du
762 831 1063 918 nous
1101 816 2007 967 pourionsdans
2053 872 2272 991 peu
2319 876 3008 972 couronner
3055 851 3442 976 voftre
3499 866 3782 991 fils^

465 955 818 1085 'Mais
865 965 957 1085 il
1003 971 1367 1104 faut-à
1411 1024 1542 1104 ce
1593 988 1810 1110 Fils
1871 1033 2036 1116 un
2087 1014 2538 1130 Tuteur
2572 1020 2776 1184 qui
2829 1015 3452 1150 foûtienne

469 1131 888 1257 Toute
933 1142 1326 1267 voftre
1358 1152 1958 1317 grandeur
2005 1172 2284 1291 unie
2321 1216 2598 1298 avec
2654 1187 2761 1302 la
2808 1187 3255 1331 Tienne.

469 1301 935 1465 Voyez,
992 1326 1667 1474 examinez,
1708 1330 1884 1445 s'il
1924 1335 2224 1460 n’eft
2257 1343 2603 1504 point
2655 1395 3071 1519 parmy
3118 1404 3413 1481 nous

460 1463 679 1584 X)e
738 1473 1202 1624 Prince,
1250 1526 1415 1609 ou
1452 1491 1591 1613 de
1634 1496 2037 1622 Héros
2077 1513 2287 1677 qui
2340 1518 2563 1632 loir
2602 1518 2963 1693 digue
3005 1532 3147 1652 de
3183 1575 3526 1671 vous,

459 1629 683 1772 JNe
723 1675 1562 1802 pouvez-vous
1609 1641 2091 1800 choifir?

1747 1848 2701 1987 ROXANH.

1896 2014 2100 2135 Hé
2146 2020 2348 2180 qui
2410 2025 2889 2180 poiiroit
2926 2029 3569 2190 prétendre

435 2135 462 2211 r
446 2133 562 2264 A
612 2149 1099 2308 remplir
1140 2153 1439 2279 dans
1490 2208 1789 2288 mon
1852 2213 2199 2303 coeur
2246 2189 2347 2298 la
2407 2192 2741 2352 place
2774 2192 3629 2333 d'Alexandre?

442 2311 1143 2486 Pourois-je
1190 2331 1863 2462 m’abailfer
1916 2356 1973 2465 à
2010 2345 2464 2476 fouffrir
2503 2371 2856 2526 qu’en
2907 2400 3037 2482 ce
3069 2365 3304 2490 lieu

435 2475 665 2609 Un
697 2498 1163 2615 Mortel
1219 2499 1741 2663 ulurpaft
1781 2514 1882 2630 le
1935 2552 2238 2689 rang
2285 2523 2564 2643 d'un
2635 2538 3470 2694 Demy-Dieu?

1485 2680 1746 2798 CA
1813 2687 2016 2808 SS
2083 2700 2520 2817 AND
2595 2706 2873 2821 ER.

416 2814 694 2944 'Hc!
776 2829 1395 2969 Madame,
1428 2839 1584 2950 les
1648 2844 2045 2968 Dieux
2082 2897 2317 3020 que
2354 2894 2485 2974 ce
2528 2859 3047 2980 difcours
3098 2862 3615 3015 offence,

424 2993 659 3107 Par
702 3031 893 3111 ces
930 2997 1381 3122 raifbns
1431 3011 2353 3162 peut-eftreont
2404 3021 3793 3207 haftéleurvangeancej

406 3154 863 3285 Irritez
913 3174 1281 3339 qu’un
1329 3184 1785 3296 Mortel
1823 3179 2500 3353 jufquesfur
2553 3195 2856 3318 leurs
2907 3208 3308 3324 Autels

401 3326 867 3453 5’ofaft
919 3343 1310 3483 placer
1353 3343 1766 3463 vivant
1817 3391 1962 3467 au
2023 3396 2322 3528 rang
2359 3363 2560 3481 des
2605 3372 3348 3517 Immortels;

399 3490 720 3616 Leur
764 3503 1174 3654 juftice
1211 3550 1272 3621 a
1319 3500 1534 3631 fait
1575 3520 1838 3634 voir
1870 3564 2100 3670 que
2139 3563 2274 3645 ce
2320 3531 2702 3699 grand
2770 3533 3487 3693 Alexandre,

400 3668 601 3783 Ce
656 3674 883 3793 Fils
924 3676 1063 3792 de
1120 3678 1623 3836 Jupiter,
1680 3688 2159 3813 n’eftoit
2198 3707 2565 3851 qu’un
2615 3742 2841 3861 peu
2892 3702 3033 3822 de
3084 3710 3574 3866 cendre,

396 3830 1129 3966 Pardonnez
1186 3886 1339 3962 un
1402 3845 1913 3974 discours
1955 3865 2159 4030 qui
2204 3860 2639 3986 semble
2690 3875 3332 4034 injurieux-

395 4008 739 4127 Mais
791 4012 968 4173 icy
1027 4008 1680 4139 Caflander
1733 4032 2105 4183 prend
2147 4038 2244 4148 la
2305 4037 2632 4154 cause
2685 4037 2884 4158 des
2941 4053 3378 4167 Dieux.

401 4176 604 4292 Ne
653 4180 1502 4302 l’avons-nous
1544 4231 1750 4346 pas
1797 4235 2002 4311 veu
2058 4240 2262 4355 par
2305 4236 2440 4316 ce
2483 4244 3032 4331 nouveau
3071 4205 3540 4366 caprice

387 4342 798 4503 Ayant
844 4349 986 4470 de
1033 4348 1236 4469 fon
1325 4359 1784 4513 orgueil
1841 4363 1958 4475 la
2008 4374 2528 4485 Fortune
2572 4374 3221 4533 complice,

390 4516 867 4681 Rougir
908 4516 1053 4636 de
1092 4527 1420 4675 paroi
1442 4485 1661 4637 Are
1712 4535 2302 4676 Homme,
2354 4547 2462 4652 &
2505 4579 2809 4696 pour
2862 4546 2963 4660 le
3002 4541 3658 4691 démentir,

372 4683 1099 4809 Defavo’ùer
1162 4689 1271 4804 le
1324 4688 1617 4854 sang
1658 4693 1957 4814 dont
2010 4738 2175 4818 on
2220 4703 2371 4819 l'a
2424 4743 2649 4824 veu
2686 4703 3083 4829 sortir?

377 4856 540 4973 JEt
579 4847 1290 4972 fans-doute
1347 4867 1720 5015 qu’un
1773 4872 2036 5017 jour
2083 4907 2214 4987 ce
2255 4872 2956 5035 Vainqueur
3009 4876 3644 5005 téméraire

387 5013 1455 5149 Auroitdefavoiié
1526 5028 1982 5190 Jupiter
2032 5072 2336 5179 pour
2363 5033 2574 5154 Ton
2631 5051 2957 5199 Pere,

382 5188 536 5312 Si
604 5181 813 5306 fon
896 5192 1497 5312 ambition
1552 5241 1613 5312 a
1628 5203 1883 5323 voit
1930 5202 2086 5362 pû
2138 5208 2243 5317 le
2284 5206 2628 5323 fiater

386 5364 591 5480 De
632 5390 1109 5481 trouver
1145 5369 1667 5535 quelque
1714 5369 2031 5487 Dieu
2087 5370 2343 5528 plus
2383 5374 2772 5534 grand
2811 5414 3043 5544 que
3093 5373 3600 5539 Jupiter,

1637 5546 2061 5668 ROX
2123 5547 2209 5659 A
2270 5546 2385 5657 N
2468 5552 2580 5657 E.

375 5690 714 5820 Vous
769 5729 920 5811 ne
973 5695 1084 5810 le
1135 5700 1702 5866 craignez
1752 5705 2055 5861 plus,
2097 5704 2406 5829 mais
2477 5710 2663 5829 s’il
2715 5705 3125 5844 vîvoit,
3167 5705 3827 5865 peut-eftrtz

380 5876 710 5994 Yoas
755 5902 906 6021 ne
952 5868 1534 6022 parleriez
1570 5907 1780 6032 pas
1827 5868 2244 5994 iibaut
2277 5872 2426 5993 de
2459 5873 2850 5994 voftre
2907 5873 3451 6019 Maiftre,

382 6025 1084 6180 Cajftander,
1136 6035 1487 6157 &fon
1552 6080 1869 6160 nom
1906 6080 2199 6165 vous
2240 6045 2885 6167 auroitfait
2944 6046 3565 6200 trembler,

368 6202 671 6324 lors
711 6203 1089 6372 qu’un
1130 6203 1271 6328 de
1310 6202 1489 6333 Tes
1522 6208 2011 6378 regards
2072 6247 2367 6382 vous
2403 6214 2909 6383 pouvoir
2952 6210 3544 6344 accabler.
