4085 7250
421 354 612 495 az'
1581 353 1675 510 S
1737 366 1854 507 T
1933 364 2046 509 A
2117 358 2238 507 T
2305 376 2362 509 I
2425 365 2566 515 R
2621 351 2813 549 A,

422 544 1089 677 Peut-eftre
1136 580 1907 730 queRoxane
1976 610 2123 691 en
2176 574 2673 736 perdant
2730 574 3513 755 refpérancéj

433 724 1239 850 Couronnera
1288 773 1543 852 mes
1597 734 1867 857 feux
1916 753 2023 862 &
2076 785 2273 861 ma
2316 743 3203 906 perfevcrance,

433 890 574 1001 Et
626 924 928 1047 pour
983 939 2107 1071 vousengagerpar
2161 910 2303 1031 de
2367 914 2438 1036 fi
2481 909 2777 1036 forts
2827 919 3177 1076 liens,

413 1050 808 1211 J'unis
857 1098 1060 1185 vos
1117 1059 1709 1227 intctcfis,
1767 1080 2389 1226 Madame,
2431 1119 2714 1206 avec
2751 1090 2914 1211 les
2961 1089 3401 1226 miens,

1653 1254 1888 1367 ST
1941 1255 2182 1376 AT
2237 1260 2623 1376 IRA.

411 1384 565 1541 Je
618 1393 1088 1556 refpire,
1138 1399 1770 1566 Seigneur,
1818 1428 1919 1535 &
1976 1454 2698 1541 commence
2752 1420 2813 1540 à
2852 1421 3657 1586 comprendre'

438 1554 865 1716 Qu’un
932 1575 1339 1691 Home
1388 1579 1545 1691 tel
1586 1620 1813 1710 que
1856 1623 2153 1705 vous
2205 1624 2589 1747 poura
2646 1625 2907 1711 tout
2962 1594 3881 1762 entreprendre*’

442 1734 773 1846 Vous
836 1735 1278 1885 aimiez,
1322 1744 1403 1856 il
1456 1728 1804 1890 futfit,
1862 1769 1973 1872 &
2020 1793 2323 1875 vous
2376 1794 2667 1877 avez
2716 1765 3366 1916 promis.,,.

439 1889 1473 2065 Mais,Seigneur,
1517 1953 1847 2040 cotre
1907 1958 2193 2036 vous
2236 1925 3053 2085 quelnombre
3091 1925 3202 2046 d*
3234 1929 3861 2061 Ennemis?

429 2058 1030 2186 Leonatus
1077 2082 1520 2235 peut-il
1563 2074 2124 2206 féconder
2175 2083 2568 2214 voftre
2631 2123 3146 2220 attente?

433 2227 1054 2354 Pcrdiccas
1107 2238 1268 2365 efi
1313 2254 1759 2409 jaloux,
1831 2268 1938 2379 &
1995 2268 2498 2385 Roxane
2551 2252 2718 2385 eft
2787 2278 3357 2394 Amante*

427 2388 708 2549 Que
768 2398 908 2521 de
953 2408 1360 2574 périls,
1411 2427 1854 2579 grands
1917 2418 2368 2556 Dieux/

1450 2592 2828 2730 CASSANDER.

1940 2763 2362 2925 Quoy,
2412 2768 3037 2899 Madame?

1628 2928 1877 3061 ST
1926 2937 2033 3054 A
2096 2939 2679 3069 TIRA.

2886 3109 3546 3278 Seigneur^

417 3223 598 3373 <§e
643 3247 1030 3419 grand
1077 3263 1470 3419 projet
1517 3301 1714 3384 me
1763 3263 2234 3389 trouble
2277 3283 2384 3394 &
2425 3302 2622 3390 me
2676 3272 3018 3434 glace
3051 3283 3158 3398 le
3205 3288 3642 3409 coeurs

413 3412 869 3593 Quand
917 3462 1034 3583 je
1087 3463 1404 3545 trace
1447 3426 1514 3549 à
1567 3472 1822 3554 mes
1875 3478 2164 3599 yeux
2215 3482 2448 3559 une
2495 3436 2884 3564 fîdelle
2941 3448 3348 3615 image

408 3592 604 3709 I)e
642 3588 972 3713 mille
1018 3587 1468 3718 affreux
1511 3598 1864 3764 périls
1922 3647 2088 3729 ou
2128 3647 2258 3725 ce
2315 3651 2518 3768 pas
2571 3647 2868 3735 vous
2915 3628 3446 3783 engagé,

400 3758 555 3915 Je
598 3757 1108 3919 (oûpire,
1163 3778 1275 3928 je
1328 3773 1872 3894 tremble.
1932 3793 2039 3900 &
2086 3788 2287 3945 n'y
2331 3777 2589 3944 puis
2636 3777 3292 3939 consentir,

404 3923 559 4085 Jb
616 3936 1059 4089 nefçay
1116 3942 1445 4104 quels
1502 3940 2113 4073 malheurs
2166 3991 2463 4071 mon
2506 3982 2843 4075 coeur
2880 3951 3153 4118 fçair
3200 3946 3866 4125 prcffêntir*

408 4097 874 4219 Dieux/
922 4097 996 4220 fi
1042 4112 1643 4228 Leonatus
1692 4107 1993 4234 dans
2052 4117 2153 4240 fa
2200 4112 2657 4240 funefte
2710 4128 3057 4250 envie

413 4267 840 4424 Payoit
881 4311 1080 4390 ma
1113 4272 1544 4399 liberté
1583 4276 1729 4399 de
1787 4278 2697 4453 fonfang,dela
2755 4293 2987 4448 vie,

403 4422 750 4583 Qudl
787 4433 1048 4563 vint
1097 4442 1438 4564 tôber
1477 4437 2028 4614 fanglant
2085 4453 2444 4578 âmes
2500 4451 3027 4618 pieds,...
3060 4467 3342 4624 J’en
3389 4452 3861 4617 frémis,

399 4606 548 4723 Et
593 4646 740 4727 ne
787 4647 1078 4732 veux
1121 4611 1520 4774 point,
1571 4618 2217 4783 Seigneur,
2255 4621 2558 4746 cflre
2611 4625 2912 4747 libre
2965 4626 3028 4752 à
3061 4666 3192 4748 ce
3229 4636 3527 4797 prix.

1472 4786 2828 4922 CASSANDER.

398 4930 1028 5082 Madame,
1076 4986 1225 5063 au
1262 4990 1565 5074 nom
1612 4952 1815 5073 des
1872 4960 2314 5103 Dieux,
2376 4956 2719 5124 soyez
2770 4966 3177 5082 moins
3230 4961 3906 5133 allarmée,’.

398 5106 729 5233 Vous
792 5151 1199 5233 verrez
1242 5116 1953 5282 aujourd'hui
1970 5127 2187 5289 y'le
2260 5141 2653 5289 Camp
2710 5125 2853 5247 de
2906 5126 3582 5288 Ptolomée,

389 5273 1179 5448 Laiiïez-moy
1231 5322 1493 5407 tout
1536 5290 2169 5438 conduire,
2217 5297 2513 5413 allez
2556 5336 2699 5413 en
2766 5336 2893 5413 ce
2940 5340 3553 5462 moment,

403 5452 574 5563 En
627 5446 1264 5572 attendant
1317 5457 1809 5608 Arbate,
1865 5497 2013 5578 en
2055 5456 2448 5587 voftre
2497 5471 3337 5623 Apartement;

387 5611 593 5752 Là,
657 5611 1273 5763 Madame,
1327 5621 1624 5744 dans
1661 5666 1878 5783 peu
1935 5670 2232 5752 vous
2281 5631 2382 5744 le
2425 5671 2838 5753 verrez
2887 5635 3517 5794 paroiftre,

373 5778 590 5903 Un
637 5787 890 5937 plus
937 5785 1234 5952 long
1287 5795 1878 5913 entretien
1925 5791 2278 5912 feroit
2321 5791 2775 5958 fiifpeâ
2835 5799 3546 5962 peut-eftre^

388 5945 521 6067 Si
576 5960 1079 6067 Roxane
1132 5995 1284 6073 en
1338 5995 1525 6077 ces
1572 5960 1884 6087 lieux
1926 5999 2118 6093 me
2186 5965 2718 6096 trouvoit
2766 6006 3048 6101 avec
3096 6010 3442 6123 vous.

392 6120 549 6243 Sa
588 6115 1278 6282 jaloufie,,,,
