4085 6931
1555 340 2736 496 PREFACE,

478 526 623 691 d
638 535 1510 735 Alexandre,
1534 608 1899 780 pour
1934 578 2475 716 Amant
2518 557 2687 718 de
2730 586 2835 723 S
2842 556 3267 720 tarira
3298 605 3351 726 ;
3430 551 3815 728 mais

445 770 769 1002 fay
817 832 985 941 eu
1037 777 1281 941 des
1333 792 1869 996 raifons
1917 778 2785 1013 affez,fortes
2825 839 3190 1015 pour
3217 789 3346 949 le
3361 782 3805 1007 faire,

488 1026 1204 1173 Leonatus
1268 1039 1696 1181 efiott
1764 1077 1952 1182 un
2048 1028 2552 1185 Prince
2628 1026 2820 1190 du
2847 1023 3260 1245 fiang
3312 1021 3808 1200 d'Ale¬

490 1244 1055 1405 xandre
1098 1241 1139 1470 ,
1202 1242 1531 1471 fort
1598 1245 2115 1490 illufire
2178 1299 2455 1476 par
2522 1253 2775 1474 fes
2866 1268 3515 1492 exploits.
3654 1276 3823 1432 Il

481 1491 906 1636 avait
965 1481 1790 1649 commandé
1865 1542 2034 1642 en
2129 1483 2486 1713 chef
2505 1486 3198 1718 plufieurs
3229 1485 3530 1710 fois
3589 1495 3794 1664 les

484 1700 1068 1869 Armées
1112 1713 2652 1946 d'Alexandreilluy
2700 1715 3617 1937 avoitfauvé
3648 1743 3801 1896 U

475 1951 747 2099 vie
794 1944 1155 2108 dans
1186 1958 1335 2114 la
1410 1964 1779 2124 Ville
1818 1949 2067 2118 des
2118 1957 3087 2187 Oxydraques,
3138 1957 3319 2142 (fi
3350 2014 3483 2122 ce
3486 1950 3823 2184 fufi

465 2166 706 2391 luy
753 2192 1002 2404 qui
1009 2177 1346 2403 fufi
1401 2178 1966 2409 envoyé
1993 2239 2382 2411 apres
2437 2193 2578 2349 la
2625 2196 3214 2358 Bataille
3269 2193 3798 2412 d’I(fus

468 2402 832 2572 dans
896 2420 1100 2577 les
1152 2446 1660 2584 Ttentes
1696 2425 1948 2585 des
2040 2421 2840 2634 Princcffes,
2896 2471 3260 2652 pour
3316 2434 3512 2587 les
3564 2499 3644 2591 a
3608 2435 3793 2656 fi

434 2630 859 2851 furer
923 2648 1095 2813 de
1147 2662 1283 2814 la
1323 2663 1575 2815 vie
1643 2656 1815 2817 de
1863 2667 2443 2857 Darius,
2498 2667 3063 2882 qu'elles
3119 2679 3815 2882 croyaient

461 2926 861 3040 mort.
949 2887 1694 3110 C'efidans
1749 2934 2090 3047 cette
2153 2911 2922 3051 entreveuè
2961 2892 3138 3053 oh
3161 2909 3478 3137 fay
3481 2898 3806 3123 fait

460 3158 929 3272 naître
1008 3125 1301 3282 leur
1356 3113 2100 3330 tendrejfe,
2180 3111 2361 3300 (fi
2412 3169 2613 3282 cet
2672 3123 3245 3292 endroit
3308 3197 3397 3290 a
3436 3186 3813 3363 paru

463 3330 839 3555 ajfez,
899 3348 1279 3514 beau,
1371 3359 1528 3519 il
1542 3401 2231 3584 partagea
2283 3360 2967 3582 l’Empire
3019 3360 3207 3521 du
3251 3371 3803 3532 Monde

457 3634 818 3740 avec
889 3632 1190 3749 tous
1249 3594 1458 3751 les
1517 3582 2346 3803 Succcjfeurs
2433 3589 3414 3762 d'Alexandre
3453 3655 3494 3783 ,
3609 3599 3794 3784 (fi

464 3866 813 4038 quoy
892 3826 1269 4045 qu’il
1336 3887 1517 3983 ne
1552 3817 1929 4049 fajfe
2004 3874 2281 4059 pas
2392 3877 2661 3986 une
2712 3828 3261 4051 grande
3300 3837 3801 4062 figure

459 4038 835 4212 dans
971 4061 1111 4217 le
1267 4086 1891 4250 Roman,
2043 4063 2168 4219 il
2283 4112 2455 4217 en
2547 4049 2868 4278 fait
3031 4120 3299 4221 une
3403 4063 3791 4275 affez.-

449 4284 998 4498 grande
1034 4289 1394 4455 dans
1450 4295 1550 4452 /’
1570 4297 2242 4510 Hifioire,
2297 4284 2478 4469 (fi
2542 4294 2674 4450 il
2718 4350 2938 4451 me
2978 4292 3298 4457 doit
3301 4293 3802 4527 fufiire

456 4523 833 4734 qu’il
872 4516 1197 4733 fioit
1296 4524 1809 4689 célébré
1904 4530 2273 4728 dans
2316 4676 2360 4728 s
2376 4538 3481 4750 Jü>mnte-Curfe
3604 4531 3789 4716 (fi

459 4738 824 4911 dans
863 4766 1447 4977 jultin.
1579 4720 2192 4969 f’avoue
2255 4816 2516 4984 que
2571 4757 2696 4962 fi
2759 4765 3316 4995 j’avois
3403 4768 3820 4984 mefié

458 5030 654 5139 un
669 5031 946 5208 peu
965 4997 1306 5217 plus
1350 4983 1522 5148 de
1553 4997 2258 5220 politique
2334 4988 2698 5150 dans
2774 5003 2966 5159 les
2973 4988 3790 5213 fentimens

468 5182 805 5432 défi
820 5222 1373 5441 grands
1452 5255 2173 5411 Hommes,
2236 5232 2357 5384 le
2408 5234 2817 5454 Sujet
2848 5248 3173 5389 n'en
3236 5286 3469 5394 eut
3528 5228 3813 5452 cfié

467 5498 724 5666 que
819 5461 1395 5643 mieux,
1491 5461 1852 5617 mais
1939 5459 2800 5687 quelquefois
2895 5463 3040 5620 la
3131 5459 3788 5676 tendrejfe

474 5730 830 5840 nous
918 5733 1514 5914 emporte
1557 5697 1890 5920 plus
1958 5702 2258 5854 loin
2338 5702 2707 5905 qu’il
2758 5755 2938 5855 ne
2973 5692 3362 5917 faut.
3470 5718 3806 5916 Vay.

477 5902 1037 6144 changé
1072 5927 1741 6152 quelques
1801 5931 2765 6148 circonfiances
2837 5983 3005 6096 en
3041 5932 3177 6092 la
3213 5975 3569 6094 mort
3605 5935 3789 6092 de
