4085 7152
1186 331 2604 485 TRAGEDIE.
3498 323 3677 510 Z

1132 1029 2218 1233 SCENE
2444 1019 2742 1213 II.

330 1426 1541 1623 PERDICCAS,
1614 1428 2557 1613 STATIRA,
2646 1416 3592 1581 CLEONEX

1411 1775 2406 1903 STATIRA.
1077 1938 1696 2106 'Eigneur,
1737 1981 1966 2110 que
2009 1975 2746 2063 venez-vous
2793 1921 3599 2098 m’aprcndre^

214 2104 895 2229 Avez-vous
944 2105 1423 2267 alfouvy
1478 2114 1869 2234 voltre
1920 2115 2031 2229 in
2064 2104 2343 2258 jufte
2398 2099 2842 2224 fureur?

209 2272 541 2398 Avjz
620 2310 905 2398 vous
959 2271 1519 2445 immolé,
1573 2272 2017 2446 grands
2090 2277 2471 2403 Dieux
2508 2337 2518 2363 -
2582 2306 2879 2393 mon
2927 2250 3681 2418 Défenleur^

224 2444 401 2565 Ce
450 2434 847 2562 Héros
899 2439 1107 2608 qui
1147 2478 1453 2605 pour
1501 2485 1992 2609 moy.,,,

1292 2700 2603 2832 PERDICCAS.

1736 2965 2066 3078 Vous
2112 2956 2214 3073 le
2251 2948 2816 3116 pleuriez,
2862 2934 3547 3116 Madamé^

224 3115 329 3236 H
368 3105 527 3235 eft
574 3111 1035 3249 vivant.
1098 3121 1247 3280 Jfe
1284 3165 1509 3284 voy
1560 3126 1671 3241 le
1724 3121 2105 3280 plaifïr
2162 3115 2303 3240 de
2350 3116 2737 3245 voftre
2784 3145 3107 3264 ame,

224 3293 369 3408 Et
406 3322 635 3453 que
682 3326 975 3403 vous
1028 3285 1543 3408 affûtant
1580 3288 1719 3408 de
1758 3288 1917 3408 fes
1960 3305 2347 3457 jours,
2398 3303 2509 3451 je
2546 3277 3025 3443 prévois

214 3447 512 3602 Que
559 3494 846 3576 vous
899 3451 1704 3576 m’écouterez
1753 3496 2046 3614 pour
2091 3460 2204 3576 la
2241 3456 2814 3620 première
2849 3440 3130 3576 fois.

224 3619 551 3777 Gliy,
588 3617 891 3739 dans
950 3623 1553 3744 l’heureux
1604 3622 2057 3745 inftant
2104 3663 2337 3792 que
2380 3637 2489 3783 je
2528 3659 2819 3739 vous
2872 3654 3013 3778 ay
3050 3586 3472 3771 reprifej,}

228 3791 364 3900 Et
410 3785 704 3943 qu’il
733 3787 1070 3902 allôit
1117 3825 1468 3947 payer
1500 3787 1608 3905 fa
1659 3792 2248 3950 coupable
2291 3777 2981 3946 entreprife,

214 3948 492 4103 €^je
540 3988 799 4069 tout
846 3992 1331 4075 couvert
1368 3956 1519 4074 du
1570 3964 1853 4126 fang
1890 3959 2031 4074 de
2074 3960 2283 4127 qui
2320 3950 3239 4093 l’environnoit,

204 4121 473 4281 J’ay
506 4156 917 4241 connu
958 4161 1251 4241 mon
1314 4126 1652 4252 Rival
1722 4161 1951 4246 aux
2004 4125 2353 4291 grâds
2398 4161 2767 4282 coups
2808 4113 3102 4282 qu'il
3144 4088 3687 4276 donoîéj.

213 4283 849 4439 Madame,
878 4300 990 4448 je
1033 4293 1223 4453 luy
1259 4290 1518 4409 dois
1566 4289 1982 4414 rendre
2034 4334 2168 4414 ce
2208 4294 3047 4458 témoignage,

208 4457 541 4574 Tout
588 4495 877 4568 mon
944 4464 1277 4582 Rival
1314 4463 1597 4627 qu'il
1644 4458 1857 4612 eft,
1916 4462 2579 4626 j’admirois
2636 4461 2841 4576 fon
2886 4458 3521 4618 courage^

224 4625 360 4736 Et
402 4615 710 4779 preft
742 4620 804 4739 à
844 4624 956 4740 le
998 4627 1669 4765 combacre,
1712 4626 2032 4746 helas
2062 4659 2080 4755 !
2136 4629 2564 4782 j’eftois
2606 4625 3014 4788 jaloux

213 4787 496 4942 Que
536 4827 794 4904 tout
826 4831 1158 4908 autre
1196 4836 1428 4963 que
1478 4837 1761 4957 moy
1812 4798 2228 4918 voulut
2282 4792 2740 4914 mourir
2794 4792 3469 4952 pourvousj-

214 4956 540 5080 Mais
594 4969 1080 5080 Roxane
1126 4999 1270 5075 en
1324 5000 1514 5077 ces
1570 4970 1878 5085 lieux
1916 5005 2116 5120 par
2166 4966 2678 5080 l’amour
2720 4946 3283 5099 amenée,

203 5133 340 5254 A
377 5118 684 5277 fuivy
717 5122 826 5240 le
865 5122 1478 5282 panchant
1521 5133 1818 5249 dont
1858 5137 2070 5248 elle
2124 5128 2286 5249 effc
2336 5123 3002 5268 entraînée,

220 5295 358 5412 Et
410 5286 873 5449 malgré
904 5290 1233 5410 mille
1274 5295 1603 5415 traits
1648 5295 2131 5421 s’eftant
2182 5295 2465 5417 mife
2516 5329 2851 5415 entre
2892 5315 3298 5439 nouSj,

219 5463 320 5580 A
377 5448 826 5576 dérobé
891 5452 1000 5570 fa
1039 5459 1218 5578 vie
1259 5458 1322 5579 à
1373 5507 1672 5583 mon
1722 5463 2026 5622 jufte
2069 5504 2638 5584 couroux*

219 5627 936 5781 Cependant
978 5664 1276 5773 pour
1305 5621 1468 5746 fes
1512 5651 1828 5789 jours
1886 5671 2034 5750 ne
2071 5630 2406 5791 (oyez
2448 5633 2706 5791 plus
2760 5665 2908 5741 en
2946 5616 3363 5780 peines

214 5754 696 5919 Il$«ibnt
736 5822 888 5910 eu
928 5783 1370 5915 feûreté
1412 5793 1706 5919 dans
1758 5804 1922 5918 les
1980 5800 2368 5919 mains
2408 5798 2698 5919 delà
2754 5803 3220 5946 Reyne.

219 5971 542 6082 Vous
593 5945 1222 6091 frémiftez,
1273 5961 1888 6103 Madame,
1935 5981 2036 6088 &
2074 5965 2460 6087 voftte
2511 5981 2776 6125 joye
2819 5950 3156 6077 enfin

223 6133 382 6256 Se
415 6120 818 6294 diflipe
874 6140 980 6248 Sc
1021 6119 1126 6254 fç
1170 6120 1640 6311 change
1684 6172 1832 6258 en
1876 6177 2036 6256 un
2084 6139 2554 6260 fombre
2596 6120 3165 6293 chagrin*
