4085 7232
563 458 724 576 rv
1651 448 2903 656 STATIRA,

552 637 813 765 Des
860 639 1177 769 foins
1230 648 1371 773 de
1421 659 2032 785 Perdiccas
2075 668 2155 789 il
2203 683 2682 835 prenoit
2733 682 2846 800 la
2893 691 3329 814 moitié

552 813 783 929 Par
809 814 1332 944 d'autres
1387 824 1938 953 intérefts
1981 881 2214 1008 que
2255 886 2548 970 ceux
2585 853 2726 974 de
2759 853 2870 970 la
2909 858 3250 1018 pitié-

545 981 876 1107 Sans
911 988 1160 1109 leur
1203 997 1521 1113 cruel
1567 1041 2047 1158 amour,
2081 1006 2342 1133 fans
2395 1020 2640 1137 leur
2684 1021 2980 1183 pitié
3029 1020 3445 1183 fatale,

545 1151 1056 1273 Roxane
1113 1202 1262 1278 en
1299 1200 1484 1279 cet
1533 1161 1988 1293 inftant
2035 1187 2222 1294 n’a
2235 1186 2488 1307 voit
2544 1191 2802 1343 plus
2849 1196 2990 1309 de
3037 1196 3524 1352 Rivale;

545 1321 692 1432 Et
749 1326 1420 1447 terminant
1467 1331 1680 1452 fon
1733 1336 1970 1457 fort
2020 1385 2322 1502 pour
2381 1354 2870 1481 radurer
2915 1365 3020 1478 le
3073 1371 3463 1518 mien,

531 1479 1002 1640 J’allois
1043 1490 1340 1617 eftre
1399 1544 1550 1623 en
1603 1500 1844 1627 état
1903 1510 2044 1632 de
2101 1556 2258 1633 ne
2301 1526 2852 1646 craindre
2898 1536 3160 1692 plus
3203 1535 3543 1660 rien.*

1742 1774 1865 1890 H
1938 1778 2243 1895 ESI
2310 1783 2597 1897 ON
2664 1790 2792 1911 E,

531 1998 858 2119 Mais
910 2003 1439 2164 Barfine,
1487 2012 2113 2175 Madame,
2156 2022 2613 2191 eftplus
2670 2024 2736 2151 à
2768 2033 3313 2156 craindre
3366 2048 3859 2215 qu’elle;

531 2173 678 2284 Et
719 2167 997 2295 bien
1038 2192 1269 2344 que
1318 2193 1396 2304 S
1418 2218 1525 2295 ta
1548 2182 1769 2300 tira
1816 2183 2043 2305 foit
2090 2199 2347 2349 plus
2400 2214 2751 2353 jeune
2798 2223 2901 2325 &
2948 2208 3205 2370 plus
3242 2209 3592 2369 belle,

527 2332 1007 2459 Barfine
1054 2388 1121 2462 a
1158 2343 1963 2473 d’Alexandre
2020 2398 2177 2478 un
2230 2367 2457 2489 Fils
2504 2362 2645 2484 de
2684 2378 2892 2539 qui
2940 2377 3105 2494 les
3132 2372 3519 2500 droits

516 2503 687 2622 La
730 2506 1321 2634 rendront
1358 2523 1625 2684 plus
1688 2532 2277 2693 coupable
2306 2527 2378 2652 à
2414 2567 2627 2663 yos
2673 2582 3028 2709 yeux,

1772 2871 2053 2992 RO
2112 2879 2237 2999 X
2286 2881 2750 3007 ANE.

3009 3054 3151 3191 Je
3194 3054 3295 3172 le
3346 3080 3708 3216 vois;,

506 3175 683 3306 La
720 3179 1027 3311 feule
1074 3190 1531 3321 Statira
1574 3201 2259 3361 cependant
2310 3204 3230 3375 m’épouvante,

508 3359 657 3476 Et
698 3360 1177 3482 Barfine
1224 3369 1635 3492 moins
1686 3374 1989 3491 belle
2032 3369 2199 3496 eft
2246 3379 2522 3496 bien
2563 3384 2820 3546 plus
2879 3388 3588 3521 innocente.

491 3521 750 3684 J’ay
800 3524 1101 3650 dans
1140 3575 1394 3656 mes
1433 3534 2189 3686 intérefls,&
2235 3548 2532 3665 dans
2569 3592 2862 3680 ceux
2893 3553 3040 3674 de
3087 3597 3390 3685 mon
3437 3563 3735 3715 Fils;

501 3693 1959 3865 Eumenes,Seleucus,&
2011 3753 2292 3835 cent
2335 3758 2732 3840 autres
2789 3728 3174 3846 Amis*

497 3863 832 3983 Mais
875 3863 959 3984 fi
1003 3879 1600 3999 Leonatus
1649 3877 1754 4004 fe
1797 3878 2262 4003 déclare
2319 3927 2622 4048 pour
2673 3897 2945 4049 elle,

487 4028 713 4154 S’il
739 4076 936 4155 me
975 4073 1320 4194 porte
1369 4047 2162 4214 aujourd’huy
2211 4092 2522 4178 cette
2561 4062 3080 4180 atteinte
3123 4067 3748 4227 mortelle;

491 4206 948 4324 Statira
989 4201 1252 4324 doit
1303 4217 2027 4353 trembler...
2085 4231 2262 4344 Ce
2305 4227 2726 4344 Prince
2762 4270 2996 4398 que
3032 4237 3470 4389 j’atens

481 4372 982 4493 Retient
1025 4411 1394 4498 encor
1439 4425 1740 4502 mon
1777 4427 2054 4508 ame
2091 4401 2198 4508 &
2237 4430 2498 4510 mes
2541 4435 2906 4519 vœux
2953 4435 3100 4514 en
3133 4396 3657 4563 fufpens,*

477 4540 892 4658 D'une
929 4540 1306 4667 foible
1353 4546 1992 4712 elpérance
2047 4599 2194 4677 en
2247 4551 2608 4680 fecret
2644 4576 2756 4718 je
2803 4605 3000 4693 me
3045 4565 3383 4723 flate,

491 4705 598 4821 Il
651 4701 902 4827 faut
944 4750 1180 4875 que
1215 4710 1426 4832 fon
1473 4719 1914 4846 deflein
1983 4764 2148 4842 ou
2201 4720 2412 4847 fon
2467 4769 2896 4856 amour
2953 4729 3385 4867 éclate.

477 4874 942 5000 Dieux/
994 4890 1236 5035 j’en
1279 4894 1839 5046 tremble,
1876 4889 2457 5045 Hefione,
2514 4914 2622 5021 &
2664 4944 2965 5022 mon
3019 4904 3878 5075 cœuragité.,7

481 5039 807 5165 Mais
840 5050 1501 5226 quelqu’un
1552 5059 1879 5195 vient
1918 5065 1986 5189 à
2022 5103 2327 5185 nous
2364 5064 2645 5190 d’un
2690 5110 2901 5235 pas
2940 5065 3569 5240 précipité.
