4033 7074
433 387 670 543 tt
1573 394 1854 545 ST
1921 394 2338 540 ATI
2405 393 2530 542 R
2597 396 2830 576 Ay

435 587 794 715 'Ciel/
839 621 1122 763 avec
1157 592 1540 763 quelle
1591 637 1940 759 grâce
1989 601 2068 715 il
2109 601 2550 721 aborda
2597 645 2794 722 ma
2847 612 3184 729 Merc*

450 762 758 887 lors
796 764 1094 927 qu’il
1138 806 1432 883 nous
1504 763 2126 925 détrompa
2168 762 2306 882 de
2358 773 2462 881 la
2500 807 2820 887 mort
2858 772 2994 887 de
3032 802 3320 882 mon
3380 762 3702 882 Pereî

451 924 739 1077 Que
793 925 993 1048 fon
1045 924 1593 1049 aireftoit
1647 928 1941 1048 libre
1993 949 2097 1051 &
2145 938 2585 1087 remply
2643 934 2779 1051 de
2823 929 3469 1101 grandeurf

439 1098 608 1213 Et
646 1095 930 1248 qu’il
982 1133 1174 1214 me
1212 1093 1554 1253 parût
1608 1133 2034 1252 propre
2071 1094 2130 1213 à
2178 1095 2712 1214 confoler
2774 1139 2922 1213 un
2980 1104 3370 1214 cœur/

450 1256 617 1413 Je
664 1299 827 1384 ne,
866 1256 1111 1418 fçay
1152 1257 1229 1379 fi
1260 1256 1531 1414 déjà
1578 1298 1873 1413 pour
1906 1298 2195 1373 mon
2272 1269 2535 1376 Pere
2578 1260 3209 1409 attendrie,

431 1423 746 1545 3Lors
795 1462 1028 1589 que
1095 1435 1672 1542 Leonatus
1725 1421 2546 1545 m’afïuroitde
2597 1422 2694 1540 la
2745 1427 2972 1574 vie,

448 1587 774 1713 'Mon
826 1627 1164 1712 coeur
1192 1583 1448 1711 fans
1490 1627 1551 1742 y
1588 1584 2037 1741 penser,
2076 1628 2278 1741 par
2316 1623 2466 1701 un
2520 1583 2820 1740 jufle
2870 1621 3317 1731 retour,

441 1746 691 1869 Pift
743 1749 1085 1878 servir
1143 1749 1637 1873 l’amitié
1681 1752 1819 1872 de
1861 1751 2317 1916 pafiage
2373 1749 2433 1867 à
2471 1753 3015 1868 l’amour:

425 1909 808 2052 ïnfin
865 1918 1160 2038 dans
1202 1954 1384 2035 cet
1436 1911 1886 2040 ïnfiant
1950 1929 2048 2077 je
2100 1960 2242 2034 ne
2290 1955 2502 2072 pus
2558 1955 2750 2030 me
2784 1905 3342 2029 défendre

430 2090 641 2205 De
678 2081 1033 2214 sentir
1066 2123 1361 2244 pour
1402 2120 1535 2196 ce
1592 2082 1995 2200 Prince
2029 2124 2179 2200 un
2239 2110 3009 2196 mouvement
3056 2110 3317 2233 trop
3364 2061 3835 2218 tendre;

435 2252 592 2375 Et
639 2247 862 2366 soit
899 2290 1122 2410 que
1163 2251 1262 2365 le
1315 2243 1730 2370 Dcftin
1769 2289 1922 2366 ou
1963 2251 2512 2365 l’Amour
2569 2248 2664 2360 le
2711 2246 3176 2385 voulut,

446 2412 799 2538 lime
836 2418 1057 2566 vit,
1114 2427 1219 2575 je
1264 2419 1453 2576 luy
1490 2417 1795 2570 plus,
1856 2428 1951 2552 je
2002 2413 2102 2527 le
2150 2414 2365 2545 vis,
2416 2409 2496 2521 il
2530 2452 2716 2526 me
2760 2404 3059 2565 plût*

1695 2584 1789 2697 C
1851 2583 1925 2697 L
1989 2583 2599 2698 EONE.

450 2739 1448 2888 Mais,Madame,
1486 2735 1936 2888 depuis,
1994 2735 2452 2888 malgré
2490 2774 2618 2849 ce
2656 2774 2990 2853 cœur
3028 2726 3102 2844 fi
3140 2720 3644 2871 tendre^.

434 2914 1047 3033 Xeonatus
1095 2945 1379 3024 vous
1437 2901 1599 3015 vit
1636 2901 1667 3015 1
1734 2900 2165 3058 Epoufe
2206 2896 3033 3038 d’Aléxandre,

421 3076 598 3199 Et
631 3107 818 3191 cet
855 3063 1306 3191 illuflre
1369 3105 1662 3181 nom
1709 3068 1912 3225 qui
1959 3106 2242 3185 vous
2299 3101 2726 3180 couvre
2769 3058 3344 3185 d’éclat,...

1660 3238 1737 3347 S
1782 3248 1887 3352 T
1950 3247 2033 3347 A
2080 3246 2185 3351 T
2242 3242 2283 3346 I
2344 3239 2439 3351 R
2510 3242 2655 3352 A.

435 3408 553 3531 J1
627 3404 969 3528 fallût
1015 3395 1359 3519 obéir
1427 3434 1575 3512 en
1631 3394 2135 3513 Vi&rme
2217 3394 2654 3536 d‘Etatj

426 3580 1042 3697 Xeojiatus
1094 3570 1540 3718 remply
1598 3555 1940 3678 d’une
1974 3555 2454 3674 douleur
2510 3545 3098 3694 extrême,

436 3726 1129 3889 Defefperé,
1189 3725 1885 3874 tremblant,
1935 3727 2185 3843 vint
2227 3727 3001 3840 m’annoncer
3046 3687 3757 3873 îüy-nwfintf

445 3902 702 4055 Qif
729 3887 1376 4025 Aléxandre
1431 3888 1716 4006 dans
1767 3888 2644 4048 peumedevoit
2695 3881 3214 4035 époufer,

426 4072 593 4187 Et
650 4063 925 4222 qu’il
972 4058 1375 4177 l’avoit
1432 4053 1863 4211 chargé
1906 4053 2043 4168 de
2080 4092 2269 4167 me
2316 4053 2419 4165 le
2476 4043 3073 4205 proposer.

435 4232 759 4392 Juge
801 4225 939 4339 de
987 4220 1091 4338 sa
1129 4219 1658 4357 douleur,
1703 4220 2200 4352 Cleone,
2241 4233 2345 4334 &
2383 4209 2527 4327 de
2565 4218 2673 4326 la
2721 4209 3260 4347 mienne,

446 4410 672 4529 Ma
718 4391 1076 4509 Rame
1120 4381 1462 4503 efloit
1514 4381 1774 4543 déjà
1818 4381 2296 4543 presque
2354 4375 2678 4537 égale
2730 4371 2794 4487 à
2838 4371 2942 4483 la
2994 4366 3434 4498 ficnne.

459 4570 603 4679 Et
641 4560 929 4674 dans
997 4590 1121 4664 ce
1172 4547 1379 4659 dur
1437 4581 2033 4689 moment,
2081 4557 2185 4703 je
2233 4581 2379 4660 ne
2429 4540 2683 4693 puis
2724 4537 2823 4650 le
2871 4536 3215 4675 celer,

435 4730 592 4885 Je
652 4722 1066 4842 voulus
1095 4717 1278 4869 luy
1329 4712 1950 4870 répondre,
1993 4727 2102 4831 &
2156 4701 2654 4865 nefçeus
2695 4708 2882 4855 luy
2925 4697 3342 4855 parler;

436 4889 769 5018 Mais
816 4918 1077 4997 tous
1114 4873 1593 4992 deux’de
1640 4913 2121 4992 concert
2164 4872 2453 4986 dans
2490 4906 2679 4982 ces
2720 4869 3035 4986 vives
3086 4857 3683 5001 allarmeSj

441 5058 804 5179 Nous
841 5039 1417 5167 iaifï'àmes
1457 5049 1823 5198 parler
1875 5079 2097 5154 nos
2143 5034 2579 5187 foûpirs
2627 5043 2741 5148 &
2779 5062 2995 5141 nos
3043 5024 3517 5138 larmes.

426 5224 598 5383 Je
656 5205 1764 5373 voyoisàregretce
1828 5205 2238 5324 Prince
2282 5234 2574 5310 mon
2632 5206 3122 5330 Amant,

441 5366 1203 5538 Xuy-mefrne
1241 5371 1305 5485 à
1353 5410 1549 5486 ma
1589 5365 2175 5533 grandeur
2227 5355 2879 5480 s’immoler
2915 5345 3707 5505 tendrement;

455 5538 1126 5675 Alexandre
1172 5538 1868 5696 vainqueur,
1910 5517 2750 5696 quoyqu’ilfifl
2794 5556 3082 5675 pour
3119 5551 3308 5632 me
3349 5508 3773 5667 plaire,'

456 5722 653 5841 Ne
694 5713 1007 5832 m’en
1060 5698 1399 5856 parût
1460 5737 1663 5856 pas
1696 5697 2091 5817 moins
2120 5694 2225 5806 le
2262 5689 2911 5850 vainqueur
2948 5678 3087 5798 de
3136 5716 3431 5794 mon
3480 5679 3829 5830 Pcre/

445 5871 1058 6017 Xaviiïeur
1113 5855 1244 5978 de
1281 5904 1506 5979 nos
1553 5863 1926 6008 biens,
1969 5850 2444 5978 maiftre
2487 5854 2624 5973 de
2681 5887 2898 5968 nos
2935 5854 3308 5999 Etats,

446 6064 531 6237 J
1260 6030 1711 6197 Héros,
1744 6025 2052 6192 juais
2090 6037 2194 6199 jç
2240 6063 2390 6154 ne
2436 6021 2907 6183 Tamiay
2954 6045 3211 6178 pas,
