4085 7083
1151 446 2560 600 TRAGEDIE.

3467 455 3597 657 f

1043 1129 2125 1318 SCENE
2355 1129 2644 1318 II.

148 1457 1068 1640 ROXANE,
1192 1466 2472 1660 CASSANDER,
2600 1482 3556 1656 HESIONE,

1384 1816 1490 1929 R
1540 1814 1654 1931 O
1704 1816 1818 1941 X
1860 1813 1958 1930 A
2012 1823 2134 1940 N
2200 1825 2341 1943 E.

510 1965 757 2076 Ous
798 1941 1308 2090 fommes
1356 1966 1880 2115 invertis,
1936 1972 2203 2129 d£ja
2248 1991 2857 2105 Leonatus

156 2137 501 2251 Nous
558 2165 1053 2247 menace
1104 2148 1211 2251 &
1252 2171 1543 2246 nous
1584 2171 2075 2291 compte
2118 2182 2267 2257 au
2318 2144 2697 2265 nobre
2734 2152 2935 2267 des
2986 2157 3556 2281 Vaincus»

158 2288 483 2415 Mais
542 2331 897 2408 avant
938 2332 1165 2457 que
1208 2287 1415 2414 fon
1462 2308 1747 2417 Bras
1786 2299 1971 2418 ofe
2020 2303 2271 2422 rien
2322 2313 3214 2472 entreprendre,

156 2460 263 2574 Il
294 2451 873 2573 demande
910 2464 971 2578 à
1012 2499 1309 2578 nous
1350 2464 2403 2627 voir,Seigneur,il
2440 2469 2687 2594 faut
2728 2483 3434 2642 l'entendre.

166 2616 268 2736 Il
308 2627 539 2730 m'a
578 2606 789 2734 fait
832 2621 1479 2745 demander
1526 2665 1679 2745 un
1750 2631 2241 2799 Ofhge,
2298 2655 2407 2761 &
2436 2651 2553 2799 je
2596 2646 2935 2764 viens

157 2791 278 2903 D
321 2822 833 2946 envoyer
885 2798 966 2906 A
987 2797 1083 2906 le
1101 2832 1151 2906 e
1175 2827 1343 2911 tas
1395 2791 1869 2961 fuivyde
1922 2797 2217 2920 deux
2265 2801 2461 2925 des
2494 2811 2935 2970 miens,

171 2954 512 3072 Dans
562 2992 786 3111 peu
837 2997 1138 3076 nous
1185 2963 1283 3076 le
1325 2998 2013 3097 verrons....

1217 3135 2579 3272 CASSANDER.

1575 3295 1812 3422 Héi
1868 3340 2096 3463 que
2143 3310 2930 3428 voulez-vous
2983 3301 3342 3463 faireÿ

161 3447 736 3567 Recevoir
769 3446 1062 3566 dans
1115 3491 1338 3581 nos
1389 3499 1708 3575 murs
1759 3505 1914 3577 un
1955 3472 2388 3581 mortel
2435 3470 3184 3600 Adversaire?

161 3609 673 3723 Vient-il
719 3652 1018 3728 nous
1061 3652 1674 3742 menacer?
1715 3643 1822 3748 &
1867 3629 2145 3785 quel
2195 3627 2363 3748 ert
2397 3622 2604 3747 fon
2659 3631 3150 3761 delfein?

158 3768 614 3888 Laiiïez>
656 3813 946 3890 nous
992 3785 1170 3937 luy
1213 3790 1596 3936 parler
1629 3790 1786 3903 les
1843 3827 2236 3909 armes
2283 3837 2350 3912 a
2395 3804 2510 3914 la
2567 3803 2956 3963 main,

162 3940 301 4054 Et
354 3932 951 4056 Perdiccas
998 3955 1107 4060 &
1154 3983 1484 4100 moy,
1540 3949 2274 4079 Madame...

1420 4112 2374 4248 ROXANE.
2088 4288 2189 4402 Il
2238 4283 2485 4405 faut
2528 4292 3249 4464 l’entendre^

176 4434 339 4543 Ce
396 4420 799 4543 Prince
860 4429 1543 4557 redoutable
1590 4438 1757 4558 ert
1796 4438 1949 4558 du
1990 4444 2271 4613 fang
2326 4450 3170 4621 d’Alexandre,

176 4600 369 4711 On
420 4580 667 4700 doit
710 4596 809 4709 le
852 4591 1463 4754 refperter.
1554 4615 1827 4724 Peut
1892 4610 2052 4731 ert
2078 4654 2197 4728 rc
2248 4659 2393 4734 en
2430 4659 2559 4734 ce
2596 4665 3159 4749 moment

171 4752 672 4871 Vient-il
719 4800 1015 4877 nous
1060 4760 1621 4921 proposer
1658 4781 2163 4944 quelque
2214 4790 3283 4934 accomodement»;

157 4919 781 5087 Seigneur,
832 4932 1059 5092 j'ay
1115 4968 1365 5046 mes
1405 4931 2103 5075 deffeins...,

1155 5104 1684 5229 CASS
1747 5109 2208 5232 AND
2273 5123 2350 5232 E
2401 5114 2554 5242 Ri

1725 5279 1854 5384 Et
1897 5314 2198 5388 nous
2249 5319 2618 5404 avons
2669 5290 2834 5405 les
2875 5329 3028 5410 no
3043 5290 3371 5461 lires.

151 5416 428 5559 Que
475 5454 770 5536 nous
817 5411 1376 5574 fçaurons
1419 5420 1845 5590 régler,
1903 5442 2515 5594 Madame,
2573 5451 2744 5566 fur
2777 5461 2944 5571 les
2981 5461 3483 5603 voftres,

153 5579 808 5701 Alexandre
855 5582 1147 5703 n’eft
1189 5596 1484 5746 plus:
1599 5608 1924 5717 Dans
1967 5640 2096 5716 ce
2143 5602 2536 5726 débris
2587 5642 3176 5745 commun

157 5744 263 5862 Il
310 5739 614 5863 biffe
651 5743 717 5864 à
763 5744 835 5869 f
859 5754 1366 5873 Univers
1407 5762 1748 5927 vingt
1809 5763 2350 5892 Maifbes
2401 5779 3190 5907 aulieud’un-

156 5910 476 6029 Vous
534 5950 678 6027 en
734 5954 1018 6040 avez
1060 5960 1210 6034 un
1261 5925 1534 6073 Fils,
1576 5968 1860 6045 vous
1914 5929 2100 6093 luy
2145 5934 2514 6062 devez
2567 5989 2726 6064 un
2771 5953 3243 6102 Trône^

158 6076 780 6243 Madame,
817 6080 1410 6226 çtoifîflcz
1452 6090 1562 6224 la
1604 6092 1929 6226 Perfe
1966 6116 2099 6225 8c
2131 6110 2780 6271 Babylone,

2669 6276 2817 6421 A'
2913 6280 3146 6484 iijj
