4085 7057
1259 366 2681 546 TRAGEDIE;
3463 429 3665 609 *7

1319 591 2659 735 CASSANDER.

1095 737 1819 899 Demeurer,
1876 761 2108 912 j'en
2156 769 3261 933 punirayl’Auteur;

261 876 577 1008 Mais
625 892 1269 1047 peut-eflre
1304 911 1788 1073 qu’aufïl
1842 965 2049 1081 par
2119 931 2257 1050 de
2299 927 2715 1056 faillies
2753 936 3496 1083 allarmes,,*»

1448 1091 1564 1201 H
1627 1097 1700 1206 E
1759 1091 1834 1207 S
1904 1096 1952 1205 I
2011 1101 2292 1221 ON
2361 1110 2492 1229 E.

263 1208 597 1353 Non,
638 1218 1269 1388 Seigneur,
1310 1246 1924 1367 Përdiccas
1968 1296 2036 1371 a
2080 1256 2349 1424 déjà
2385 1268 2620 1420 pris
2656 1273 2819 1387 les
2874 1311 3320 1439 armes,

265 1374 407 1485 Et
430 1407 645 1529 par
695 1423 856 1508 un
892 1398 1275 1561 grand
1324 1413 1854 1533 Combat
1892 1462 2150 1578 près
2196 1427 2336 1548 de
2372 1433 2488 1551 la
2534 1446 3067 1576 Porte....

1477 1672 1577 1790 R
1637 1675 1751 1791 O
1803 1680 1919 1795 X
1983 1680 2069 1794 A
2121 1685 2233 1802 N
2315 1691 2428 1801 E.

2861 1855 3300 1986 Hélas/

259 1959 889 2121 Seigneur,
924 1979 1275 2125 allez,
1310 2026 1742 2112 courez
1778 1992 2292 2125 soutenir
2352 2011 2994 2170 Perdiccas,

259 2130 699 2243 Prenez
735 2172 934 2258 ma
989 2153 1376 2268 Garde
1433 2197 1833 2315 encor,
1884 2182 1990 2288 3c
2032 2173 2642 2340 joignez-y
2684 2183 3267 2346 lavoflre,

259 2296 866 2433 Partez,,,,

1272 2493 2594 2638 CASSANDER.

716 2728 1128 2857 Voftre
1178 2739 1671 2872 intéreft
1720 2757 2006 2877 n’eft
2049 2800 2282 2930 que
2324 2796 2590 2925 trop
2627 2771 2941 2925 joint
2986 2816 3135 2901 au
3190 2824 3349 2906 no
3370 2782 3640 2944 lire,

243 2879 762 3043 Repofez
843 2942 1128 3022 vous
1164 2907 1342 3033 fur
1388 2956 1723 3082 moy,
1778 2927 2389 3081 Madame,
2436 2946 2546 3055 &
2582 2933 3261 3106 demeurez,

232 3051 421 3209 J’y
511 3087 908 3198 cours.

1467 3258 1568 3379 R
1625 3259 2410 3392 OXANE.

852 3405 1343 3529 Rendez
1414 3421 1511 3535 le
1554 3425 1935 3544 calme
1988 3439 2054 3548 à
2106 3467 2359 3549 mes
2404 3428 2657 3554 fens
2704 3434 3168 3603 égarez.

239 3546 470 3665 Sur
501 3561 897 3710 tom,fî
936 3614 1220 3690 vous
1266 3585 1877 3728 m’aimez,
1914 3595 3166 3777 Seigneur,quoyqu’il
3210 3619 3646 3778 arrive,

229 3716 454 3841 S’il
495 3711 593 3831 fe
630 3762 951 3881 peut,
1019 3774 1168 3855 en
1209 3779 1404 3860 ces
1443 3745 1772 3876 lieux
1827 3798 2380 3880 ramenez
2433 3806 2638 3885 ma
2694 3780 3251 3939 Captive,

1058 4338 2193 4542 SCENE
2457 4366 2862 4568 VI.

698 4719 1898 4928 ROXANE,
2066 4764 3244 4937 HESIONE;

1458 5090 2404 5240 ROXANE.
521 5232 1031 5349 Eonatus
1075 5236 1760 5370 fans-doute
1809 5299 1868 5375 a
1921 5256 2310 5384 forme
2358 5313 2490 5390 ce
2528 5279 3012 5449 de/fein,

225 5406 393 5512 Ce
439 5391 822 5550 grand
877 5432 1230 5560 coup,
1287 5408 1853 5570 Hcfîone,
1905 5421 2076 5545 cft
2118 5470 2448 5599 party
2489 5440 2628 5565 de
2675 5450 2784 5571 fa
2836 5466 3164 5588 main
3180 5489 3238 5618 i

216 5563 377 5677 Ils
454 5558 1046 5711 s’aiment,
1096 5606 1619 5744 avecque
1666 5587 1887 5705 elle
1940 5592 2016 5706 il
2071 5597 2236 5717 eft
2289 5602 3231 5790 d’intelligence,

214 5732 348 5843 Et
408 5723 853 5843 tantôt!
896 5724 1002 5843 fa
1052 5728 1383 5856 fierté
1434 5759 2050 5919 marquoit
2090 5758 2293 5882 fon
2344 5775 2998 5921 atfurance.

215 5888 525 6014 Ciel/
565 5927 847 6014 avec
882 5895 1268 6051 quelle
1319 5913 1756 6032 audace
1802 5924 1879 6037 il
1934 5962 2234 6047 nous
2274 5978 2346 6053 a
2396 5938 2998 6075 demandé

229 6064 397 6182 Ce
432 6092 661 6232 que
707 6054 1723 6233 déjaluy-mefme
1789 6089 1869 6213 il
1925 6090 2366 6222 s’eftoit
2437 6117 2998 6247 accordé?

2749 6283 2884 6430 C
2993 6292 3112 6496 if
