3854 5610
1898 331 2680 465 MEDUSE,

801 385 921 450 22

1084 793 3468 936 SCENE TROISIE'ME.

1111 1058 3398 1198 PERSE’E & ſa Suite, & le Chœur.

1871 1278 2615 1379 CHOEUR.

809 1413 3507 1716 VEnez, Minerve, & par voſtre preſence

1145 1574 3669 1745 Venez faire trembler l'audace des Mortels;

781 1735 3069 1902 De la fiere Meduſe arrêtez l'inſolence,

988 1897 3333 2062 Venez, ſauvez l'honneur de vos Autels.

780 2103 2340 2229 Minerve deſcend du Ciel.

1030 2621 3430 2798 SCENE QUATRIE'ME.

1345 2890 3147 3022 MINERVE, PERSE’E.

1827 3098 2627 3207 MINERVE.

855 3287 3191 3584 PRince toûjours à mes loix ſi fidelle,

1105 3450 3593 3618 Heros formé du plus beau ſang des Dieux,

1418 3616 2991 3780 Dés que ta voix m'appelle,

1384 3756 2750 3933 J'abandonne les Cieux.

774 3925 3484 4100 C'eſt ainſi que je veux répondre à ce beau zele,

1406 4090 3022 4248 Qui contre une fiere mortelle

1416 4254 3092 4402 Vient icy ſoûtenir mes droits.

1389 4392 2814 4576 Je t'ay confié ma gloire;

767 4563 3579 4720 Mais j'euſſe voulu voir ton cœur & ta memoire.

771 4721 3309 4896 Occupez ſeulement des ſoins que tu me dois.
