3854 5360
2940 241 3031 335 33

1150 211 2081 323 TRAGEDIE.

223 345 2783 531 Neptune qui le hait & qui connoît ma peine,

511 512 2475 674 Laiſſera-t’il ſa fuitte à ſon pouvoir?

817 666 2416 825 Quelle honte, quel deſeſpoir,

224 813 2652 991 De voir un cœur rebelle échaper à ma haine!

422 1400 2758 1573 SCENE CIN QUIE’ME.

550 1649 2591 1785 NEPTUNE, MEDUSE.

1179 1894 1967 2000 NEPTUNE.

486 2036 2399 2274 MOn amour a fait ſon devoir:

209 2259 2757 2431 Perſée & la beaute pour qui ſon cœur ſoûpire,

475 2422 2317 2588 Alloient ſortir de voſtre Empire:

777 2573 2654 2739 Alais ſçachez quels ſont les appas

206 2727 2752 2887 Qu'il aimoit & cachoit ſous le nom de Pallas:

198 2884 2394 3051 Perſée aime Iſmenie, & fuyoit avec elle.

1202 3133 1903 3231 MEDUSE.

201 3348 2463 3513 Perſée aime Iſmenie, ah! fortune cruelle!

473 3510 2186 3668 Quoy mon orgueil s'étoit flatté

210 3658 2362 3825 Que j'avois pour Rivale une Divinité,

776 3812 2180 3967 Et c'eſt une foible mortelle

770 3966 2334 4127 Qui triomphe de ma beauté;

765 4126 2367 4285 Quel affront, fortune cruelle!

1169 4337 1919 4435 NEPTUNE.

197 4459 2966 4633 Vous aimez, donc Perſée, & cet ardent courroux...

2562 4646 2636 4734 E
