3854 5610
752 332 2642 476 36 MEDUSE;

1399 486 3090 661 Par un doux & ſecret poiſon,

743 642 3435 826 A de moindres appas le cœur ſe laiſſe prendre:

1392 794 3343 982 La raiſon pourroit l'en deffendre;

744 962 3492 1152 Mais on en croit ſon cœur plutôt que ſa raiſon.

1875 1235 2581 1337 MEDUSE.

1060 1461 3187 1637 Ah! je vaincray cette beauté fatale,

1060 1623 3332 1797 Qui m'ôte un cœur qui m'étoit reſervé:

739 1780 3340 1956 Si Perfide eſt contraint d'adorer ma Rivale,

739 1944 2955 2120 Periſſent les appas qui me l'ont enlevé.

1396 2196 3017 2329 ORPHISE, MELANTE.

734 2420 3442 2604 Si Perſée aime ailleurs, qu'elle rigueur extrême

1055 2593 3082 2769 Le veut forcer d'adorer vos appas?

1389 2758 3087 2921 Voulez-vous qu'il vous aime

1390 2918 2719 3080 Si vous ne l'aimeZ pas?

1846 3083 2602 3191 MEDUSE.

739 3216 3286 3393 Aux yeux de cet ingrat Iſmenie eſt ſi belle,

731 3382 3690 3560 Qu'il brave mon courroux ſans trouble & ſans effroy:

1056 3547 3153 3711 Il aime mieux riſquer tout avec elle,

1386 3710 2672 3880 Que regner avec moy.

1053 3923 2956 4102 Tu me trahis, infidelle fortune!

729 4087 3686 4266 Mais tu ne peut long-temps cacher mes ennemis;

724 4248 3607 4434 Nous les découvrirons par les ſoins de Neptune;

1370 4408 3130 4597 Il tiendra ce qu'il m'a promis.

953 4729 3478 4872 FIN DU TROISIE'ME ACTE.
