<?xml version="1.0" encoding="UTF-8"?>
<PcGts xmlns="http://schema.primaresearch.org/PAGE/gts/pagecontent/2013-07-15" xmlns:xsi="http://www.w3.org/2001/XMLSchema-instance" xmlns:xs="http://www.w3.org/2001/XMLSchema" xmlns:pr="http://schema.primaresearch.org/PAGE/gts/pagecontent/2013-07-15" xsi:schemaLocation="http://schema.primaresearch.org/PAGE/gts/pagecontent/2013-07-15 http://schema.primaresearch.org/PAGE/gts/pagecontent/2013-07-15/pagecontent.xsd">
  <Metadata>
        <Creator/>
        <Created>2019-01-30T20:25:52.241+01:00</Created>
        <LastChange>2019-07-26T10:55:57.207+02:00</LastChange>
        <Comments>
                Measurement unit: pixel
                PrimaryLanguage: English
                Language: FrenchStandard
                Producer: ABBYY FineReader Engine 11</Comments>
        <TranskribusMetadata docId="188203" pageId="7475970" pageNr="32" tsid="13140584" status="DONE" userId="10612" imgUrl="https://files.transkribus.eu/Get?id=CNCIWTMMLLOZTZPSFARWHCEK&amp;fileType=view" xmlUrl="https://files.transkribus.eu/Get?id=NPWYXWBSUBHYLLKYAKTLHRMQ" imageId="2612535"/>
    </Metadata>
  <Page imageFilename="Boyer1697_Meduse_cb30152139c_corrected_0032.png" imageWidth="3854" imageHeight="5610">
    <PrintSpace>
            <Coords points="781,326 3754,326 3754,4968 781,4968"/>
        </PrintSpace>
    <ReadingOrder>
            <OrderedGroup id="ro_1604224906915" caption="Regions reading order">
                <RegionRefIndexed index="0" regionRef="r_1_1"/>
                <RegionRefIndexed index="1" regionRef="r_2_1"/>
                <RegionRefIndexed index="2" regionRef="r_3_1"/>
                <RegionRefIndexed index="3" regionRef="r_3_2"/>
                <RegionRefIndexed index="4" regionRef="r_3_3"/>
                <RegionRefIndexed index="5" regionRef="r_3_4"/>
                <RegionRefIndexed index="6" regionRef="r_3_5"/>
                <RegionRefIndexed index="7" regionRef="r_3_6"/>
                <RegionRefIndexed index="8" regionRef="r_3_7"/>
                <RegionRefIndexed index="9" regionRef="r_3_8"/>
                <RegionRefIndexed index="10" regionRef="r_3_9"/>
                <RegionRefIndexed index="11" regionRef="r_3_10"/>
                <RegionRefIndexed index="12" regionRef="r_3_11"/>
                <RegionRefIndexed index="13" regionRef="r_3_12"/>
                <RegionRefIndexed index="14" regionRef="r_3_13"/>
            </OrderedGroup>
        </ReadingOrder>
    <TextRegion type="paragraph" id="r_1_1" custom="readingOrder {index:0;}">
      <Coords points="833,381 949,381 949,469 833,469"/>
      <TextLine id="tl_1" primaryLanguage="English" custom="structure {type:default;} readingOrder {index:0;}">
        <Coords points="834,382 948,382 948,468 834,468"/>
        <Baseline points="834,468 874,468 948,446"/>
        <Word id="w_w2aab1b1b2b1b1ab1">
          <Coords points="834,382 948,382 948,468 834,468"/>
          <TextEquiv>
            <Unicode>30</Unicode>
          </TextEquiv>
        </Word>
      </TextLine>
    </TextRegion>
    <TextRegion type="paragraph" id="r_2_1" custom="readingOrder {index:1;}">
      <Coords points="1917,342 2727,342 2727,692 1917,692"/>
      <TextLine id="tl_2" primaryLanguage="English" custom="structure {type:default;} readingOrder {index:0;}">
        <Coords points="1918,343 2726,343 2726,471 1918,471"/>
        <Baseline points="1918,449 2726,471"/>
        <Word id="w_w2aab1b3b2b1b1ab1">
          <Coords points="1918,343 2726,343 2726,471 1918,471"/>
          <TextEquiv>
            <Unicode>MEDUSE,</Unicode>
          </TextEquiv>
          <TextStyle fontFamily="Times New Roman" fontSize="13.0" bold="true"/>
        </Word>
      </TextLine>
      <TextLine id="tl_3" primaryLanguage="English" custom="structure {type:default;} readingOrder {index:1;}">
        <Coords points="1931,583 2709,583 2709,691 1931,691"/>
        <Baseline points="1931,679 2223,684 2709,679"/>
        <Word id="w_w2aab1b3b2b1b3ab1">
          <Coords points="1931,583 2709,583 2709,691 1931,691"/>
          <TextEquiv>
            <Unicode>ISMENIE.</Unicode>
          </TextEquiv>
          <TextStyle fontFamily="Times New Roman" fontSize="13.0" bold="true"/>
        </Word>
      </TextLine>
    </TextRegion>
    <TextRegion type="paragraph" id="r_3_1" custom="readingOrder {index:2;}">
      <Coords points="841,801 3332,801 3332,974 841,974"/>
      <TextLine id="tl_4" primaryLanguage="English" custom="structure {type:default;} readingOrder {index:0;}">
        <Coords points="842,802 3331,802 3331,973 842,973"/>
        <Baseline points="842,936 1151,923 1485,920 1771,922 2252,942 2752,944 3330,939"/>
        <Word id="w_w2aab1b5b2b1b1ab1">
          <Coords points="842,802 3331,802 3331,973 842,973"/>
          <TextEquiv>
            <Unicode>Seule avec mon amant, errante, fugitive,</Unicode>
          </TextEquiv>
          <TextStyle fontFamily="Times New Roman" fontSize="11.0" italic="true"/>
        </Word>
      </TextLine>
    </TextRegion>
    <TextRegion type="paragraph" id="r_3_2" custom="readingOrder {index:3;}">
      <Coords points="824,963 3737,963 3737,1459 824,1459"/>
      <TextLine id="tl_5" primaryLanguage="English" custom="structure {type:default;} readingOrder {index:0;}">
        <Coords points="840,964 3736,964 3736,1143 840,1143"/>
        <Baseline points="840,1094 1132,1085 1352,1085 1714,1084 1882,1085 2320,1088 2460,1087 2716,1087 3200,1083 3678,1086 3736,1087"/>
        <Word id="w_w2aab1b5b2b3b1ab1">
          <Coords points="840,964 3736,964 3736,1143 840,1143"/>
          <TextEquiv>
            <Unicode>Pour ma gloire en danger je ſens quelque frayeur:</Unicode>
          </TextEquiv>
          <TextStyle fontFamily="Times New Roman" fontSize="11.0" italic="true"/>
        </Word>
      </TextLine>
      <TextLine id="tl_6" primaryLanguage="English" custom="structure {type:default;} readingOrder {index:1;}">
        <Coords points="825,1124 3416,1124 3416,1304 825,1304"/>
        <Baseline points="825,1296 966,1246 1140,1245 1416,1243 1706,1242 2012,1243 2446,1249 2738,1248 3342,1237 3416,1240"/>
        <Word id="w_w2aab1b5b2b3b3ab1">
          <Coords points="825,1124 3416,1124 3416,1304 825,1304"/>
          <TextEquiv>
            <Unicode>Je ne puis ſans peril quitter mon deffenſeur:</Unicode>
          </TextEquiv>
          <TextStyle fontFamily="Times New Roman" fontSize="11.0" italic="true"/>
        </Word>
      </TextLine>
      <TextLine id="tl_7" primaryLanguage="English" custom="structure {type:default;} readingOrder {index:2;}">
        <Coords points="843,1286 3579,1286 3579,1458 843,1458"/>
        <Baseline points="843,1418 1175,1407 1457,1400 1633,1406 1941,1407 2149,1424 2349,1408 2643,1409 2881,1408 3019,1402 3167,1403 3363,1413 3579,1422"/>
        <Word id="w_w2aab1b5b2b3b5ab1">
          <Coords points="843,1286 3579,1286 3579,1458 843,1458"/>
          <TextEquiv>
            <Unicode>Mais auſſi tu connois, s’il faut que je le ſuive,</Unicode>
          </TextEquiv>
        </Word>
      </TextLine>
    </TextRegion>
    <TextRegion type="paragraph" id="r_3_3" custom="readingOrder {index:4;}">
      <Coords points="1167,1448 3120,1448 3120,1616 1167,1616"/>
      <TextLine id="tl_8" primaryLanguage="English" custom="structure {type:default;} readingOrder {index:0;}">
        <Coords points="1168,1449 3119,1449 3119,1615 1168,1615"/>
        <Baseline points="1168,1577 1471,1572 2111,1570 2421,1573 2773,1572 3118,1563"/>
        <Word id="w_w2aab1b5b2b5b1ab1">
          <Coords points="1168,1449 3119,1449 3119,1615 1168,1615"/>
          <TextEquiv>
            <Unicode>Tout l'embarras d’un jeune cœur.</Unicode>
          </TextEquiv>
          <TextStyle fontFamily="Times New Roman" fontSize="11.0" italic="true"/>
        </Word>
      </TextLine>
    </TextRegion>
    <TextRegion type="paragraph" id="r_3_4" custom="readingOrder {index:5;}">
      <Coords points="1981,1708 2645,1708 2645,1816 1981,1816"/>
      <TextLine id="tl_9" primaryLanguage="English" custom="structure {type:default;} readingOrder {index:0;}">
        <Coords points="1982,1709 2644,1709 2644,1815 1982,1815"/>
        <Baseline points="1982,1807 2644,1815"/>
        <Word id="w_w2aab1b5b2b7b1ab1">
          <Coords points="1982,1709 2644,1709 2644,1815 1982,1815"/>
          <TextEquiv>
            <Unicode>NERINE.</Unicode>
          </TextEquiv>
          <TextStyle fontFamily="Times New Roman" fontSize="13.0" bold="true"/>
        </Word>
      </TextLine>
    </TextRegion>
    <TextRegion type="paragraph" id="r_3_5" custom="readingOrder {index:6;}">
      <Coords points="834,1927 3642,1927 3642,2269 834,2269"/>
      <TextLine id="tl_10" primaryLanguage="English" custom="structure {type:default;} readingOrder {index:0;}">
        <Coords points="835,1928 3641,1928 3641,2100 835,2100"/>
        <Baseline points="835,2088 1081,2050 1957,2049 2259,2050 2701,2051 2939,2052 3243,2051 3365,2049 3641,2054"/>
        <Word id="w_w2aab1b5b2b9b1ab1">
          <Coords points="835,1928 3641,1928 3641,2100 835,2100"/>
          <TextEquiv>
            <Unicode>Que craignez-vous d’un Prince qui vous aime?</Unicode>
          </TextEquiv>
        </Word>
      </TextLine>
      <TextLine id="tl_11" primaryLanguage="English" custom="structure {type:default;} readingOrder {index:1;}">
        <Coords points="1160,2091 3029,2091 3029,2268 1160,2268"/>
        <Baseline points="1160,2213 1469,2212 1801,2211 2233,2208 2409,2208 2565,2211 2897,2218 3028,2210"/>
        <Word id="w_w2aab1b5b2b9b3ab1">
          <Coords points="1160,2091 3029,2091 3029,2268 1160,2268"/>
          <TextEquiv>
            <Unicode>Tout vous répond de ſa fidelité.</Unicode>
          </TextEquiv>
        </Word>
      </TextLine>
    </TextRegion>
    <TextRegion type="paragraph" id="r_3_6" custom="readingOrder {index:7;}">
      <Coords points="1955,2348 2697,2348 2697,2456 1955,2456"/>
      <TextLine id="tl_12" primaryLanguage="English" custom="structure {type:default;} readingOrder {index:0;}">
        <Coords points="1956,2349 2696,2349 2696,2455 1956,2455"/>
        <Baseline points="1956,2447 2084,2453 2346,2452 2696,2451"/>
        <Word id="w_w2aab1b5b2c11b1ab1">
          <Coords points="1956,2349 2696,2349 2696,2455 1956,2455"/>
          <TextEquiv>
            <Unicode>ISMENIE.</Unicode>
          </TextEquiv>
          <TextStyle fontFamily="Times New Roman" fontSize="13.0" bold="true"/>
        </Word>
      </TextLine>
    </TextRegion>
    <TextRegion type="paragraph" id="r_3_7" custom="readingOrder {index:8;}">
      <Coords points="810,2561 3728,2561 3728,2748 810,2748"/>
      <TextLine id="tl_13" primaryLanguage="English" custom="structure {type:default;} readingOrder {index:0;}">
        <Coords points="811,2562 3727,2562 3727,2747 811,2747"/>
        <Baseline points="811,2738 959,2692 1353,2691 1451,2690 1693,2710 1921,2691 2337,2696 2529,2711 2743,2696 3161,2693 3437,2690 3727,2705"/>
        <Word id="w_w2aab1b5b2c13b1ab1">
          <Coords points="811,2562 3727,2562 3727,2747 811,2747"/>
          <TextEquiv>
            <Unicode>Je crains tout, ſon amour &amp; ſon merite extrême;</Unicode>
          </TextEquiv>
        </Word>
      </TextLine>
    </TextRegion>
    <TextRegion type="paragraph" id="r_3_8" custom="readingOrder {index:9;}">
      <Coords points="1167,2728 3434,2728 3434,2903 1167,2903"/>
      <TextLine id="tl_14" primaryLanguage="English" custom="structure {type:default;} readingOrder {index:0;}">
        <Coords points="1168,2729 3433,2729 3433,2902 1168,2902"/>
        <Baseline points="1168,2849 1425,2847 1695,2846 1993,2855 2123,2854 2325,2854 2709,2855 3141,2853 3433,2846"/>
        <Word id="w_w2aab1b5b2c15b1ab1">
          <Coords points="1168,2729 3433,2729 3433,2902 1168,2902"/>
          <TextEquiv>
            <Unicode>Plus que tout je me crains moy-même:</Unicode>
          </TextEquiv>
        </Word>
      </TextLine>
    </TextRegion>
    <TextRegion type="paragraph" id="r_3_9" custom="readingOrder {index:10;}">
      <Coords points="837,2893 3195,2893 3195,3066 837,3066"/>
      <TextLine id="tl_15" primaryLanguage="English" custom="structure {type:default;} readingOrder {index:0;}">
        <Coords points="838,2894 3194,2894 3194,3065 838,3065"/>
        <Baseline points="838,3016 1078,3010 1434,3009 1610,3008 1806,3015 2116,3016 2510,3017 2692,3015 2962,3014 3194,3011"/>
        <Word id="w_w2aab1b5b2c17b1ab1">
          <Coords points="838,2894 3194,2894 3194,3065 838,3065"/>
          <TextEquiv>
            <Unicode>Ma gloire en cet eſtat eſt-elle en ſeureté?</Unicode>
          </TextEquiv>
        </Word>
      </TextLine>
    </TextRegion>
    <TextRegion type="paragraph" id="r_3_10" custom="readingOrder {index:11;}">
      <Coords points="1984,3152 2646,3152 2646,3262 1984,3262"/>
      <TextLine id="tl_16" primaryLanguage="English" custom="structure {type:default;} readingOrder {index:0;}">
        <Coords points="1985,3153 2645,3153 2645,3261 1985,3261"/>
        <Baseline points="1985,3252 2645,3249"/>
        <Word id="w_w2aab1b5b2c19b1ab1">
          <Coords points="1985,3153 2645,3153 2645,3261 1985,3261"/>
          <TextEquiv>
            <Unicode>NERINE.</Unicode>
          </TextEquiv>
          <TextStyle fontFamily="Times New Roman" fontSize="13.0" bold="true"/>
        </Word>
      </TextLine>
    </TextRegion>
    <TextRegion type="paragraph" id="r_3_11" custom="readingOrder {index:12;}">
      <Coords points="1155,3340 3296,3340 3296,3512 1155,3512"/>
      <TextLine id="tl_17" primaryLanguage="English" custom="structure {type:default;} readingOrder {index:0;}">
        <Coords points="1156,3341 3295,3341 3295,3511 1156,3511"/>
        <Baseline points="1156,3451 1587,3452 2101,3452 2601,3463 2863,3476 3111,3463 3295,3481"/>
        <Word id="w_w2aab1b5b2c21b1ab1">
          <Coords points="1156,3341 3295,3341 3295,3511 1156,3511"/>
          <TextEquiv>
            <Unicode>Amant toûjours reſpectueux, fidelle,</Unicode>
          </TextEquiv>
        </Word>
      </TextLine>
    </TextRegion>
    <TextRegion type="paragraph" id="r_3_12" custom="readingOrder {index:13;}">
      <Coords points="1158,3496 3153,3496 3153,4094 1158,4094"/>
      <TextLine id="tl_18" primaryLanguage="English" custom="structure {type:default;} readingOrder {index:0;}">
        <Coords points="1164,3497 3022,3497 3022,3666 1164,3666"/>
        <Baseline points="1164,3613 1340,3611 1500,3608 1874,3613 2480,3621 2968,3622 3022,3636"/>
        <Word id="w_w2aab1b5b2c23b1ab1">
          <Coords points="1164,3497 3022,3497 3022,3666 1164,3666"/>
          <TextEquiv>
            <Unicode>De la vertu deffenſeur declaré;</Unicode>
          </TextEquiv>
          <TextStyle fontFamily="Times New Roman" fontSize="11.0" italic="true"/>
        </Word>
      </TextLine>
      <TextLine id="tl_19" primaryLanguage="English" custom="structure {type:default;} readingOrder {index:1;}">
        <Coords points="1159,3665 3152,3665 3152,3831 1159,3831"/>
        <Baseline points="1159,3771 1346,3771 2124,3772 2618,3783 2930,3784 3152,3785"/>
        <Word id="w_w2aab1b5b2c23b3ab1">
          <Coords points="1159,3665 3152,3665 3152,3831 1159,3831"/>
          <TextEquiv>
            <Unicode>Ou pouveZ-vous trouver pour elle</Unicode>
          </TextEquiv>
          <TextStyle fontFamily="Times New Roman" fontSize="11.0" italic="true"/>
        </Word>
      </TextLine>
      <TextLine id="tl_20" primaryLanguage="English" custom="structure {type:default;} readingOrder {index:2;}">
        <Coords points="1477,3818 2779,3818 2779,3986 1477,3986"/>
        <Baseline points="1477,3868 1507,3868 1673,3930 2037,3933 2321,3938 2779,3948"/>
        <Word id="w_w2aab1b5b2c23b5ab1">
          <Coords points="1477,3818 2779,3818 2779,3986 1477,3986"/>
          <TextEquiv>
            <Unicode>Vn azile plus aſſuré?</Unicode>
          </TextEquiv>
        </Word>
      </TextLine>
      <TextLine id="tl_21" primaryLanguage="English" custom="structure {type:default;} readingOrder {index:3;}">
        <Coords points="1964,3987 2641,3987 2641,4093 1964,4093"/>
        <Baseline points="1965,4079 2641,4093"/>
        <Word id="w_w2aab1b5b2c23b7ab1">
          <Coords points="1964,3987 2641,3987 2641,4093 1964,4093"/>
          <TextEquiv>
            <Unicode>ISMENIE.</Unicode>
          </TextEquiv>
          <TextStyle fontFamily="Times New Roman" fontSize="13.0" bold="true"/>
        </Word>
      </TextLine>
    </TextRegion>
    <TextRegion type="paragraph" id="r_3_13" custom="readingOrder {index:14;}">
      <Coords points="822,4111 3516,4111 3516,4951 822,4951"/>
      <TextLine id="tl_22" primaryLanguage="English" custom="structure {type:default;} readingOrder {index:0;}">
        <Coords points="826,4112 3488,4112 3488,4298 826,4298"/>
        <Baseline points="826,4228 1022,4222 1452,4232 1652,4234 2166,4242 2526,4247 2888,4248 3420,4298 3488,4272"/>
        <Word id="w_w2aab1b5b2c25b1ab1">
          <Coords points="826,4112 3488,4112 3488,4298 826,4298"/>
          <TextEquiv>
            <Unicode>Tu calmes les frayeurs d’une jeune Princeſſe,</Unicode>
          </TextEquiv>
        </Word>
      </TextLine>
      <TextLine id="tl_23" primaryLanguage="English" custom="structure {type:default;} readingOrder {index:1;}">
        <Coords points="823,4276 3408,4276 3408,4468 823,4468"/>
        <Baseline points="824,4388 1036,4386 1188,4387 1364,4389 1968,4421 2270,4408 2490,4407 2936,4410 3100,4409 3318,4463 3408,4410"/>
        <Word id="w_w2aab1b5b2c25b3ab1">
          <Coords points="823,4276 3408,4276 3408,4468 823,4468"/>
          <TextEquiv>
            <Unicode>Perſée eſt genereux, tout me répond de luy:</Unicode>
          </TextEquiv>
          <TextStyle fontFamily="Times New Roman" fontSize="11.0" italic="true"/>
        </Word>
      </TextLine>
      <TextLine id="tl_24" primaryLanguage="English" custom="structure {type:default;} readingOrder {index:2;}">
        <Coords points="1159,4441 3515,4441 3515,4624 1159,4624"/>
        <Baseline points="1159,4555 1485,4552 1867,4563 2199,4568 2377,4570 2617,4567 2925,4574 3141,4571 3405,4624 3515,4602"/>
        <Word id="w_w2aab1b5b2c25b5ab1">
          <Coords points="1159,4441 3515,4441 3515,4624 1159,4624"/>
          <TextEquiv>
            <Unicode>Mais plains l’état ou ma fuite me laiſſe,</Unicode>
          </TextEquiv>
        </Word>
      </TextLine>
      <TextLine id="tl_25" primaryLanguage="English" custom="structure {type:default;} readingOrder {index:3;}">
        <Coords points="1146,4603 3417,4603 3417,4788 1146,4788"/>
        <Baseline points="1146,4761 1571,4714 1821,4771 2185,4728 2363,4730 2519,4731 2887,4736 3417,4788"/>
        <Word id="w_w2aab1b5b2c25b7ab1">
          <Coords points="1146,4603 3417,4603 3417,4788 1146,4788"/>
          <TextEquiv>
            <Unicode>Quand j’ay beſoin de la vertu d’autruy</Unicode>
          </TextEquiv>
          <TextStyle fontFamily="Times New Roman" fontSize="11.0" italic="true"/>
        </Word>
      </TextLine>
      <TextLine id="tl_26" primaryLanguage="English" custom="structure {type:default;} readingOrder {index:4;}">
        <Coords points="1466,4774 2928,4774 2928,4950 1466,4950"/>
        <Baseline points="1466,4882 1758,4884 2208,4894 2424,4895 2836,4944 2928,4904"/>
        <Word id="w_w2aab1b5b2c25b9ab1">
          <Coords points="1466,4774 2928,4774 2928,4950 1466,4950"/>
          <TextEquiv>
            <Unicode>Pour aſſeurer ma foibleſſe.</Unicode>
          </TextEquiv>
        </Word>
      </TextLine>
    </TextRegion>
  </Page>
</PcGts>
