3854 5610
817 309 2672 460 32 MEDUSE,

1151 452 2943 615 Mortels ennemis de Meduſe;

824 609 3486 794 Le bruit de vôtre fuite eſt venu juſqu'à nous.

825 783 3466 961 Avez-vous cru pouvoir éviter ſon courroux?

1471 940 2987 1114 Quel charme vous abuſe?

826 1095 3397 1279 A ſon reſſentiment rien ne vous peut cacher.

823 1255 3558 1442 Et pour rendre aujourd'huy vôtre fuite inutile,

823 1419 3223 1599 Que le Vaiſſeau qui ſeul eſt voſtre azile,

1476 1584 2925 1749 Se briſe contre ce Rocher.

833 1741 3396 1921 Vents orageux troublez ce rivage tranquile.

1827 1951 3675 2052 Le Vaiſſeau ſe briſe contre un Rocher.

1906 2181 2684 2288 CHOEUR.

825 2315 3408 2495 Vents orageux troubleZ ce rivage tranquile.

2685 2526 3577 2630 Les Vents danſent.

1125 3131 3462 3316 SCENE QUATRIE’ME.

1517 3412 3074 3550 MEDUSE, ſa Suite.

1920 3663 2661 3778 MEDUSE.

859 3871 3732 4181 QU'on le cherche par tout, dans les affreux de¬

1302 4043 1644 4196 ſerts,

820 4197 3725 4394 Dans les antres profonds, dans les plus noirs abîmes,

817 4351 3728 4561 Et dans tout ce qui ſert d’azile aux plus grands

981 4556 1407 4648 crimes;

818 4677 3483 4882 Qu'on aille le chercher juſques dans les enfers;

3257 4879 3732 5043 Neptune
