3854 5360
2915 331 2987 391 11

1067 268 2036 388 TRAGEDIE.

516 761 2607 919 SCENE SECONDE.

190 1022 2969 1176 MEDUSE, ORPHISE, MELANTE,

795 1177 2330 1323 PERSE’E, & ſa fuite.

1163 1454 1889 1560 MEDUSE.

190 1662 2902 1984 ESt-ce Persée? ô Ciel! quel orgueil! je le voy,

435 1826 2977 2018 Qui paſſe ſans daigner tourner les yeux ſur moy.

184 1980 1149 2104 Où courez-vous?

1193 2200 1890 2308 PERSE’E.

1169 2422 2770 2599 Au Temple adorer la Déeſſe.

472 2573 2457 2746 C’eſt aujourd'huy la feſte de Pallas;

192 2725 2982 2904 C'eſt en un pareil jour qu'en ces lieux où nous ſommes

775 2887 2190 3060 On vit ſes glorieux appas

184 3030 2977 3216 Pour la premiere fois paroiſtre aux yeux des hommes.

1199 3268 1933 3376 MEDUSE.

187 3460 2674 3638 Ne peut-on un moment retenir cette ardeur?

191 3617 2563 3797 Et n’eſt-il point icy quelque beauté mortelle

194 3769 2761 3943 Qui ſoit digne de vous, & merite comme elle,

781 3931 2594 4095 Et voſtre encens & voſtre cœur?

1222 4159 1866 4264 PERSE'E.

196 4345 2721 4536 En eſt-il dont l'audace aveugle & criminelle,

781 4513 2484 4680 Veuille luy ravir cet honneur?

2409 4698 2612 4823 B ij
