3854 5648
761 329 849 389 12

1855 279 2667 413 MEDUSE,

1898 483 2638 591 MEDUSE,

777 660 3683 851 Par zele & par reſpect vous pouvez, la deffendre;

969 828 3572 1002 Mais vous l'aimez & vous oſez, pretendre,

766 990 3587 1175 Que Pallas juſqu'à vous daigne baiſſer les yeux.

1884 1237 2594 1347 PERSE’E.

977 1436 3316 1624 J'aime Pallas ſans eſpoir, ſans foibleſſe,

764 1610 3655 1795 Et je croy que le Fils du plus puiſſant des Dieux

1250 1763 2671 1945 Peut adorer une Déeſſe.

1217 1926 2864 2113 Jupiter nous donna le jour;

1252 2098 2795 2273 Pallas le doit à ſa ſageſſe,

1249 2262 2832 2431 Et je le dois à ſon amour.

1866 2471 2631 2581 MEDUSE.

1251 2637 3132 2809 Il eſt beau de naître immortelle,

760 2802 3295 2981 Avec une beauté qui peut tout enflammer;

1253 2960 3201 3109 Mais il est honteux d'estre belle,

1256 3127 3377 3301 Avec un cœur qui ne ſçauroit aimer.

1883 3345 2595 3455 PERSE’E.

1246 3535 3013 3713 D'une Déeſſe auguste & ſage

1237 3688 3190 3873 J'aime mieux les justes rigueurs,

1234 3861 2768 4033 Que d'une mortelle volage

1232 4021 3045 4193 Les vaines & fauſſes douceurs.

746 4250 3695 4433 Qui veut toujours aller de conqueste en conqueste,

1224 4413 3143 4591 Perd ſes ſoins & ne garde rien:

1235 4574 3176 4753 Un cœur que nul objet n'arreste,

1240 4742 2933 4907 Ne ſçauroit arrester le mien.

753 4901 1508 5021 Perſée s’en va.
