3854 5360
1180 253 3073 381 TRAGEDIE. 15

464 477 2857 655 CENE QUATRIE’ME.

679 656 2670 792 PALEMON, MEDUSE.

362 801 2976 964 Troupe de Tritons & de Nereïdes, & de Peuples

426 951 2905 1079 Maritimes. La Mer eſt couverte de Vaiſſeaux.

1225 1122 2077 1224 PALEMON.

711 1251 2943 1556 PAr l’ordre du grand Dieu des Eaux,

960 1396 2727 1573 Je conduis ces riches Vaiſſeaux,

709 1558 2655 1726 Qui voguent ſur l’Onde tranquille.

711 1717 2330 1882 Les Peuples les plus éloignez,

712 1868 2669 2038 Ont quitté pour vous leurs rivages;

271 2014 2589 2186 Neptune les envoyé en ces lieux fortunez,

717 2172 2606 2340 Vous preparer par leurs hommages

270 2322 2703 2490 Aux ſuperbes honneurs qu’il vous a deſtinez.

981 2475 2315 2623 CHOEUR des Peuples.

863 2619 2328 2781 Ah! que Meduſe eſt belle!

268 2761 2867 2938 Qu'elle eſt digne du Dieu qui ſoûpire pour elle!

1065 2932 2139 3035 UNE NEREIDE.

699 3063 2518 3228 L'Amour fait regner les Plaiſirs,

700 3216 2606 3382 Où regnoit l’horreur des naufrages.

686 3369 2505 3536 Les Vents qui cauſent les orages,

699 3521 2516 3684 Font place aux aimables Zephirs.

694 3674 2526 3836 L'Amour fait regner les Plaiſirs,

704 3820 2599 3986 Où regnoit l’horreur des naufrages.

695 3977 2476 4140 Le ſeul bruit des tendres ſoupirs,

696 4125 2412 4294 Trouble la paix de ces rivages.

698 4282 2539 4446 L'Amour fait regner les Plaiſirs,

701 4418 2592 4602 Où regnoit l'horreur des naufrages.

612 4586 2682 4743 Le Chœur repete, Ah! que Meduſe, &c.
