3854 5360
2935 261 3070 357 29

388 1345 2976 1659 ACTE III.

297 1719 3081 1886 La Scene eſt ſur le bord de la Mer où

995 1912 2336 2101 paroît un Vaiſſeau.

720 2447 2620 2582 ISMENIE, NERINE.

1307 2691 2053 2788 ISMENIE.

939 2892 2872 3065 Ve fais-je? où me vois-je réduite?

931 3026 3111 3230 Je craignois le pouvoir de Meduſe en

1088 3191 1629 3342 courroux;

959 3357 3116 3529 Mais je crains plus la honte de ma

1100 3532 1396 3679 fuite.

1380 3681 2031 3782 NERINE.

325 3828 2870 4000 Rougiſſez-vous de fuïr? Perſée eſt avec vous;

624 3984 2824 4149 Il vous conduit au Trône de ſa Mere:

330 4143 3125 4314 Ce Vaiſſeau vous attend, rien ne vous eſt contraire;

311 4291 3129 4462 Le Ciel, la Mer, les Vents, tout flatte vos deſirs:

325 4454 2906 4636 Mais rien ne peut calmer vos ſecrets déplaiſirs.
