3854 5610
741 329 853 422 34

1855 288 2615 424 MEDUSE,

1886 520 2536 636 MEDUSE.

1400 751 3309 936 O Ciel! que me reprochez-vous?

741 909 3698 1112 Moy, j'aurois de l'amour pour l'Amant d'Iſmenie?

746 1075 3347 1240 Le traître en ſoûtenant la beauté de Pallas,

1395 1243 3153 1423 Soûpiroit pour d'autres appas;

1394 1401 2677 1530 Il adore mon ennemie.

1393 1567 3096 1741 Vous qui pouvez, les arrêter,

746 1709 3557 1909 Vous laiſſez à ma haine échaper l'un & l'autre.

1815 1983 2628 2090 NEPTUNE.

728 2159 3695 2342 Non, non, pour contenter ma vangeance & la vôtre,

883 2318 3374 2512 J'ay briſé le Vaiſſeau qui les devoit porter.

1542 2484 2857 2611 MEDUSE à ſa Suite.

735 2629 3702 2816 Que ſont-ils devenus: vous, pour ſervir ma haine,

1060 2797 3165 2979 Courez, voleZ, précipitez vos pas;

739 2957 3638 3144 Amenez, promptement aux pieds de vôtre Reyne,

1384 3115 3145 3301 Un cœur qui brave ſes appas.

1814 3287 2610 3394 NEPTUNE.

1382 3425 3155 3601 De quoy s'embaraſſe Meduſe?

1379 3575 3033 3772 Vôtre deſordre me ſurprend.

735 3739 3444 3927 Regardez, les reſpects que Neptune vous rend,

720 3903 3419 4091 Et mépriſez, l'encens qu'un mortel vous refuſe.

717 4057 3198 4245 Le Maître ſouverain de ce vaſte élement;

1052 4231 3327 4420 Le Dieu qui fait & calme les tempêtes,

721 4371 3400 4554 S'eſt aux yeux de Pallas declaré vôtre amant;

1054 4551 3227 4741 Et vous avez l'indigne empreſſement

1061 4707 2924 4900 De faire de moindre conquêtes.
