3854 5360
1155 275 3055 393 TRAGEDIE. 35

1343 423 1965 521 MEDUSE.

551 549 2733 719 Expliquez mieux mon deſeſpoir jaloux:

267 705 2839 867 Pour ſacrifier tout à ma gloire, à vous-même,

521 863 2473 1029 Je veux que tout le monde m'aime,

861 1027 2571 1173 Et je ne veux aimer que vous.

273 1177 3051 1305 Grand Dieu, ne laiſſez plus ma vangeance incertaine.

1257 1333 2007 1429 NEPTUNE.

267 1467 2615 1621 Vous ſerez ſatisfaite avant la fin du jour,

267 1623 2673 1789 Et le ſoin que j'auray de ſervir vôtre haine,

555 1777 2771 1933 Vous fera voir juſqu'où va mon amour.

573 2398 2685 2554 SCENE SIXIE'ME.

371 2653 2929 2785 MEDUSE, ORPHISE, MELANTE.

1335 2895 1965 2995 MEDUSE.

279 3117 3057 3391 DIeux, Mortels, admirez le deſtin de Meduſe,

869 3273 2323 3431 Et plaignez ſon malheur;

863 3429 2587 3577 Un Dieu ma donné ſon cœur,

871 3583 2215 3733 Un Mortel me le refuſe.

287 3731 3003 3893 Dieux, Mortels, admirez le deſtin de Meduſe,

875 3883 2269 4041 Et plaignez ſon malheur.

861 4125 2443 4243 MELANTE, ORPHISE.

879 4343 2389 4509 C'eſt nôtre deſtin déplorable

295 4493 2773 4667 De n'aimer pas toûjours l'objet le plus aimable;

2563 4675 2731 4801 E ij
