3854 5610
767 252 2673 388 18 MEDUSE,

1093 397 3187 569 C'eſt dans ce lieu que la ſage Pallas

1091 549 3478 727 Veille avec ſoin ſur la beauté que j'aime.

1952 774 2546 879 ARCAS.

756 957 3286 1142 Se peut-il qu'aveuglé de cet amour extrême

758 1123 3217 1298 Vous refuſiez, Meduſe avec tous ſes appas,

1389 1281 3089 1453 Avec l'offre d'un Diadême?

1867 1510 2567 1616 PERSE'E.

745 1713 3302 1880 Le Trône dans Argos ne me manquera pas.

1390 1867 3090 2037 Ne me parle que d'Iſmenie;

1354 2021 3318 2201 J'ay paſſé deux jours ſans la voir.

1896 2244 2511 2352 ARCAS.

1389 2429 3007 2603 Vous avez mis au deſeſpoir

1377 2594 2994 2747 Sa Rivale & ſon ennemie;

1385 2747 3362 2925 Craignez ſa haine & ſon pouvoir.

1848 2956 2544 3062 PERSE’E.

1372 3147 3042 3317 Me me parle que d'lſmenie;

1338 3297 3329 3477 J'ay paſſé deux jours ſans la voir,
