3854 5327
1125 267 3016 387 TRAGEDIE. 39

1197 483 1961 583 ORPHISE,

831 687 2483 843 Vous qui voyez à vos genoux,

227 833 2807 999 Soupirer tant d’Amants ſans en eſtre charmée,

669 995 2499 1145 Vous aimeriez ſans eſtre aimée;

231 1137 2763 1307 Non ce n'eſt point amour c'eſt un dépit jaloux.

1229 1377 1975 1473 MEDUSE.

233 1571 2989 1735 Non, j'aime cet ingrat, & je cherche à luy plaire,

231 1729 2629 1893 Quand je dois le haïr avec plus de fureur.

209 1871 2887 2045 Je voy bien qu'un amour plus fort que ma colere,

653 2035 2385 2199 Et qui ne ſçauroit plus ſe taire,

879 2193 2343 2307 Se cachoit dans mon cœur.

1173 2421 1987 2521 ORPHISE.

411 2575 2757 2741 On peut aimer quand on eſt ſeur de plaire.

221 2737 2517 2893 Persée à vos deſirs peut-il eſtre contraire?

225 2885 2989 3043 Vous avez dans ces lieux tout ce qui peut charmer,

507 3043 2721 3207 Tous les plaiſirs, tout ce qui fait aimer.

359 3197 2687 3361 On peut aimer quand on eſt ſeur de plaire.

1241 3361 1925 3459 MEDUSE.

225 3493 2723 3655 Que de tranſports divers mon cœur eſt agité!

201 3637 2995 3805 Je crains, j'aime, je hais, & quand malgré ma haine

645 3795 2497 3955 Je cede à l'amour qui m'entraîne,

227 3949 2483 4107 Un reſte de vertu, de gloire, & de fierté

227 4103 2987 4259 Rend ma bouche muette & ma flamme incertaine.

227 4249 2721 4423 Que de tranſports divers mon cœur eſt agité!
