3854 5360
2908 299 2992 392 13

1105 276 2047 385 TRAGEDIE.

1218 470 1952 569 MEDUSE.

506 599 2358 734 Aime Pallas, l’ambition est belle.

652 757 2252 916 Tandis que cette immortelle

504 905 2584 1072 Triomphera des ſoûpirs que tu perds,

648 1063 2665 1224 Le Dieu qui la hait & qui m'aime,

649 1216 2221 1378 Ira dans ſon Temple meſme

219 1371 2657 1537 Couronner mes appas aux yeux de l'Univers,

452 1879 2690 2018 SCENE TROISIE'ME.

264 2112 2920 2253 MEDUSE, MELANTE, ORPHISE.

1214 2340 1947 2439 MEDUSE.

215 2512 2993 2807 IL court au Temple & rien n'étonne ſon courage;

371 2666 2991 2834 Mais s'il aime Minerve eſt-ce un ſi grand malheur?

647 2829 2567 2994 D'où vient que je ſens cet outrage,

215 2983 2540 3147 Avec tant dépit, de honte & de douleur?

208 3128 2990 3299 Neptune aux yeux de tous viendra me rendre hõmage:

644 3297 2590 3460 Un Dieu s'explique en ma faveur,

632 3436 2206 3608 Je ſens ce ſuperbe avantage:

642 3599 2361 3758 Cependant ſi ce grand honneur

215 3749 2589 3915 Me venoit de Persée il plairoit davantage.

213 3958 533 4025 A Melante.

217 4043 2313 4205 Va cours a cet ingrat; tâche de retenir

373 4191 2470 4360 Ce zele ardent qu'il a pour la Déeſſe.

1176 4360 2010 4459 MELANTE.

214 4487 2588 4667 Que peut-on oppoſer à l'ardeur qui le preſſe?
