3854 5648
773 320 878 390 10

1834 257 2652 393 MEDUSE,

1821 468 2734 589 MELANTE.

1269 657 3307 808 Mais vostre amant a des Autels.

791 816 3567 1024 La conqueste d'un Dieu doit ſuffire à Meduſe.

1892 1067 2647 1180 MEDUSE.

761 1270 3575 1486 Je veux voir dans mes fers un Heros ſi vanté,

797 1434 3233 1644 Et je ne puis ſouffrir que luy ſeul ſe refuſe

1468 1600 3094 1787 Au triomphe de ma beauté,

1879 1846 2711 1960 ORPHISE.

804 2053 3140 2249 Vne fiere beauté n'eſt jamais ſatisfaite,

1458 2219 3016 2408 Et neglige ce qu'elle a pris.

804 2368 3572 2579 Vne conqueste à faire eſt bien d'un autre prix,

1458 2540 3114 2726 Que celle qu'on a déja faite.

1927 2783 2678 2898 MEDUSE.

809 2990 3779 3201 Mais quelle eſt cette pompe & ces chants d'allegreſſe.
