3854 5610
1824 274 2629 410 MEDUSE,

751 323 894 415 40

1151 1008 3323 1167 SCENE TOISIE’ME.

979 1280 3499 1414 MEDUSE, LES HESPERIDES.

1872 1544 2608 1652 MEDUSE.

761 1753 3713 2063 MEs Sœurs j'aime Perſée, expliquez-luy ma

1271 1921 1745 2081 flamme.

1413 2070 3338 2242 Dites-luy, pour toucher ſon ame,

754 2233 3324 2410 Et tout ce que je puis, & tout ce que je ſens:

1074 2395 2952 2566 Joignez la menace à la plainte:

754 2556 3462 2722 Mais avec ces diſcours tendres & menaçants,

752 2715 3705 2888 Donnez-luy s'il ſe peut plus d'amour que de crainte.

745 2877 3459 3033 Il vient, retirons-nous ſans ſortir de ces lieux.

749 3037 3363 3220 Que ne me trouve-t'il ce qu'il eſt à mes yeux!

3219 4885 3697 5005 SCENE
