<?xml version="1.0" encoding="UTF-8"?>
<PcGts xmlns="http://schema.primaresearch.org/PAGE/gts/pagecontent/2013-07-15" xmlns:xsi="http://www.w3.org/2001/XMLSchema-instance" xmlns:xs="http://www.w3.org/2001/XMLSchema" xmlns:pr="http://schema.primaresearch.org/PAGE/gts/pagecontent/2013-07-15" xsi:schemaLocation="http://schema.primaresearch.org/PAGE/gts/pagecontent/2013-07-15 http://schema.primaresearch.org/PAGE/gts/pagecontent/2013-07-15/pagecontent.xsd">
  <Metadata>
        <Creator/>
        <Created>2019-01-29T19:18:12.656+01:00</Created>
        <LastChange>2019-07-26T10:27:33.074+02:00</LastChange>
        <Comments>
                Measurement unit: pixel
                PrimaryLanguage: English
                Language: FrenchStandard
                Producer: ABBYY FineReader Engine 11</Comments>
        <TranskribusMetadata docId="188203" pageId="7475954" pageNr="16" tsid="13140568" status="DONE" userId="10612" imgUrl="https://files.transkribus.eu/Get?id=SPYIGLYFSJEPLFRXZARDVPRO&amp;fileType=view" xmlUrl="https://files.transkribus.eu/Get?id=XSJMERRCTEIPUOLCDIMZYPLN" imageId="2612452"/>
    </Metadata>
  <Page imageFilename="Boyer1697_Meduse_cb30152139c_corrected_0016.png" imageWidth="3854" imageHeight="5610">
    <PrintSpace>
            <Coords points="0,276 3714,276 3714,5424 0,5424"/>
        </PrintSpace>
    <ReadingOrder>
            <OrderedGroup id="ro_1604224893768" caption="Regions reading order">
                <RegionRefIndexed index="0" regionRef="r_1_1"/>
                <RegionRefIndexed index="1" regionRef="r_2_1"/>
                <RegionRefIndexed index="2" regionRef="r_2_2"/>
                <RegionRefIndexed index="3" regionRef="r_3_1"/>
                <RegionRefIndexed index="4" regionRef="r_3_2"/>
                <RegionRefIndexed index="5" regionRef="r_3_3"/>
                <RegionRefIndexed index="6" regionRef="r_4_1"/>
                <RegionRefIndexed index="7" regionRef="r_5_1"/>
                <RegionRefIndexed index="8" regionRef="r_5_2"/>
                <RegionRefIndexed index="9" regionRef="r_5_3"/>
                <RegionRefIndexed index="10" regionRef="r_5_4"/>
                <RegionRefIndexed index="11" regionRef="r_5_5"/>
                <RegionRefIndexed index="12" regionRef="r_5_6"/>
                <RegionRefIndexed index="13" regionRef="r_5_7"/>
                <RegionRefIndexed index="14" regionRef="r_6_1"/>
                <RegionRefIndexed index="15" regionRef="r_6_2"/>
                <RegionRefIndexed index="16" regionRef="r_6_3"/>
            </OrderedGroup>
        </ReadingOrder>
    <TextRegion type="paragraph" id="r_1_1" custom="readingOrder {index:0;}">
      <Coords points="704,338 809,338 809,425 704,425"/>
      <TextLine id="tl_1" primaryLanguage="English" custom="structure {type:default;} readingOrder {index:0;}">
        <Coords points="705,339 808,339 808,424 705,424"/>
        <Baseline points="705,402 808,424"/>
        <Word id="w_w2aab1b1b2b1b1ab1">
          <Coords points="705,339 808,339 808,424 705,424"/>
          <TextEquiv>
            <Unicode>14</Unicode>
          </TextEquiv>
          <TextStyle fontFamily="Times New Roman" fontSize="7.5" bold="true"/>
        </Word>
      </TextLine>
    </TextRegion>
    <TextRegion type="paragraph" id="r_2_1" custom="readingOrder {index:1;}">
      <Coords points="1776,298 2601,298 2601,438 1776,438"/>
      <TextLine id="tl_2" primaryLanguage="English" custom="structure {type:default;} readingOrder {index:0;}">
        <Coords points="1777,299 2600,299 2600,437 1777,437"/>
        <Baseline points="1777,411 2599,437"/>
        <Word id="w_w2aab1b3b2b1b1ab1">
          <Coords points="1777,299 2600,299 2600,437 1777,437"/>
          <TextEquiv>
            <Unicode>MEDUSE,</Unicode>
          </TextEquiv>
          <TextStyle fontFamily="Times New Roman" fontSize="10.0" bold="true"/>
        </Word>
      </TextLine>
    </TextRegion>
    <TextRegion type="paragraph" id="r_2_2" custom="readingOrder {index:2;}">
      <Coords points="1818,501 2591,501 2591,608 1818,608"/>
      <TextLine id="tl_3" primaryLanguage="English" custom="structure {type:default;} readingOrder {index:0;}">
        <Coords points="1819,502 2590,502 2590,607 1819,607"/>
        <Baseline points="1819,601 2589,605"/>
        <Word id="w_w2aab1b3b2b3b1ab1">
          <Coords points="1819,502 2590,502 2590,607 1819,607"/>
          <TextEquiv>
            <Unicode>MEDUSE.</Unicode>
          </TextEquiv>
          <TextStyle fontFamily="Times New Roman" fontSize="10.0" bold="true"/>
        </Word>
      </TextLine>
    </TextRegion>
    <TextRegion type="paragraph" id="r_3_1" custom="readingOrder {index:3;}">
      <Coords points="728,623 3682,623 3682,1119 728,1119"/>
      <TextLine id="tl_4" primaryLanguage="English" custom="structure {type:default;} readingOrder {index:0;}">
        <Coords points="729,624 3295,624 3295,820 729,820"/>
        <Baseline points="730,757 1132,797 1374,752 1558,751 2090,754 2221,756 2510,762 2785,763 3130,760 3294,784"/>
        <Word id="w_w2aab1b5b2b1b1ab1">
          <Coords points="729,624 3295,624 3295,820 729,820"/>
          <TextEquiv>
            <Unicode>Di-luy que de Meduſe il peut tout obtenir,</Unicode>
          </TextEquiv>
        </Word>
      </TextLine>
      <TextLine id="tl_5" primaryLanguage="English" custom="structure {type:default;} readingOrder {index:1;}">
        <Coords points="734,782 3681,782 3681,983 734,983"/>
        <Baseline points="735,866 761,866 1233,924 1767,935 2053,918 2458,924 3081,926 3477,921 3681,921"/>
        <Word id="w_w2aab1b5b2b1b3ab1">
          <Coords points="734,782 3681,782 3681,983 734,983"/>
          <TextEquiv>
            <Unicode>Treſors, Sceptre, Grandeurs.... Dieux qu'elle est</Unicode>
          </TextEquiv>
        </Word>
      </TextLine>
      <TextLine id="tl_6" primaryLanguage="English" custom="structure {type:default;} readingOrder {index:2;}">
        <Coords points="904,949 1634,949 1634,1118 904,1118"/>
        <Baseline points="905,1072 1079,1069 1431,1068 1634,1076"/>
        <Word id="w_w2aab1b5b2b1b5ab1">
          <Coords points="904,949 1634,949 1634,1118 904,1118"/>
          <TextEquiv>
            <Unicode>ma foibleſſe?</Unicode>
          </TextEquiv>
        </Word>
      </TextLine>
    </TextRegion>
    <TextRegion type="paragraph" id="r_3_2" custom="readingOrder {index:4;}">
      <Coords points="738,1105 3543,1105 3543,1464 738,1464"/>
      <TextLine id="tl_7" primaryLanguage="English" custom="structure {type:default;} readingOrder {index:0;}">
        <Coords points="739,1106 3542,1106 3542,1272 739,1272"/>
        <Baseline points="739,1247 1128,1229 1196,1248 1540,1231 1728,1235 2116,1239 2438,1246 2596,1247 2996,1245 3542,1240"/>
        <Word id="w_w2aab1b5b2b3b1ab1">
          <Coords points="739,1106 3542,1106 3542,1272 739,1272"/>
          <TextEquiv>
            <Unicode>Arrête; tâche au moins dans ce tendre entretien</Unicode>
          </TextEquiv>
          <TextStyle fontFamily="Times New Roman" fontSize="11.0" italic="true"/>
        </Word>
      </TextLine>
      <TextLine id="tl_8" primaryLanguage="English" custom="structure {type:default;} readingOrder {index:1;}">
        <Coords points="1233,1280 3039,1280 3039,1463 1233,1463"/>
        <Baseline points="1234,1394 1416,1392 1952,1397 2130,1397 2372,1401 2602,1405 2867,1410 3038,1427"/>
        <Word id="w_w2aab1b5b2b3b3ab1">
          <Coords points="1233,1280 3039,1280 3039,1463 1233,1463"/>
          <TextEquiv>
            <Unicode>De menager un peu ma gloire,</Unicode>
          </TextEquiv>
        </Word>
      </TextLine>
    </TextRegion>
    <TextRegion type="paragraph" id="r_3_3" custom="readingOrder {index:5;}">
      <Coords points="747,1427 3590,1427 3590,1786 747,1786"/>
      <TextLine id="tl_9" primaryLanguage="English" custom="structure {type:default;} readingOrder {index:0;}">
        <Coords points="748,1428 3589,1428 3589,1627 748,1627"/>
        <Baseline points="748,1581 999,1546 1077,1549 1197,1550 1475,1555 1747,1559 2183,1559 2465,1564 2907,1570 3049,1567 3589,1583"/>
        <Word id="w_w2aab1b5b2b5b1ab1">
          <Coords points="748,1428 3589,1428 3589,1627 748,1627"/>
          <TextEquiv>
            <Unicode>Que s'il faut tout riſquer pour gagner la victoire,</Unicode>
          </TextEquiv>
          <TextStyle fontFamily="Times New Roman" fontSize="11.0" italic="true"/>
        </Word>
      </TextLine>
      <TextLine id="tl_10" primaryLanguage="English" custom="structure {type:default;} readingOrder {index:1;}">
        <Coords points="960,1596 2954,1596 2954,1785 960,1785"/>
        <Baseline points="961,1711 1515,1717 1785,1722 1986,1733 2165,1721 2637,1726 2953,1729"/>
        <Word id="w_w2aab1b5b2b5b3ab1">
          <Coords points="960,1596 2954,1596 2954,1785 960,1785"/>
          <TextEquiv>
            <Unicode>Hazarde tout &amp; ne menage rien.</Unicode>
          </TextEquiv>
          <TextStyle fontFamily="Times New Roman" fontSize="11.0" italic="true"/>
        </Word>
      </TextLine>
    </TextRegion>
    <TextRegion type="paragraph" id="r_4_1" custom="readingOrder {index:6;}">
      <Coords points="1748,1814 2661,1814 2661,1931 1748,1931"/>
      <TextLine id="tl_11" primaryLanguage="English" custom="structure {type:default;} readingOrder {index:0;}">
        <Coords points="1749,1815 2660,1815 2660,1930 1749,1930"/>
        <Baseline points="1749,1916 2659,1920"/>
        <Word id="w_w2aab1b7b2b1b1ab1">
          <Coords points="1749,1815 2660,1815 2660,1930 1749,1930"/>
          <TextEquiv>
            <Unicode>MELANTE.</Unicode>
          </TextEquiv>
          <TextStyle fontFamily="Times New Roman" fontSize="10.0" bold="true"/>
        </Word>
      </TextLine>
    </TextRegion>
    <TextRegion type="paragraph" id="r_5_1" custom="readingOrder {index:7;}">
      <Coords points="753,1995 3593,1995 3593,2508 753,2508"/>
      <TextLine id="tl_12" primaryLanguage="English" custom="structure {type:default;} readingOrder {index:0;}">
        <Coords points="754,1996 3592,1996 3592,2191 754,2191"/>
        <Baseline points="755,2153 1000,2110 1350,2114 1432,2084 1756,2119 2253,2134 2786,2133 2952,2135 3240,2133 3434,2137 3591,2153"/>
        <Word id="w_w2aab1b9b2b1b1ab1">
          <Coords points="754,1996 3592,1996 3592,2191 754,2191"/>
          <TextEquiv>
            <Unicode>Que faites vous? ſouffrez, l'audace de mon zele,</Unicode>
          </TextEquiv>
        </Word>
      </TextLine>
      <TextLine id="tl_13" primaryLanguage="English" custom="structure {type:default;} readingOrder {index:1;}">
        <Coords points="1401,2164 2932,2164 2932,2348 1401,2348"/>
        <Baseline points="1401,2281 1910,2283 2254,2284 2504,2288 2862,2294 2932,2308"/>
        <Word id="w_w2aab1b9b2b1b3ab1">
          <Coords points="1401,2164 2932,2164 2932,2348 1401,2348"/>
          <TextEquiv>
            <Unicode>Neptune adore vos appas;</Unicode>
          </TextEquiv>
          <TextStyle fontFamily="Times New Roman" fontSize="11.0" italic="true"/>
        </Word>
      </TextLine>
      <TextLine id="tl_14" primaryLanguage="English" custom="structure {type:default;} readingOrder {index:2;}">
        <Coords points="955,2314 3173,2314 3173,2507 955,2507"/>
        <Baseline points="956,2429 1113,2429 1421,2436 1844,2448 2181,2443 2375,2449 2713,2450 3102,2454 3172,2467"/>
        <Word id="w_w2aab1b9b2b1b5ab1">
          <Coords points="955,2314 3173,2314 3173,2507 955,2507"/>
          <TextEquiv>
            <Unicode>Et vous courez, aprés un cœur rebelle;</Unicode>
          </TextEquiv>
          <TextStyle fontFamily="Times New Roman" fontSize="11.0" italic="true"/>
        </Word>
      </TextLine>
    </TextRegion>
    <TextRegion type="paragraph" id="r_5_2" custom="readingOrder {index:8;}">
      <Coords points="751,2473 3556,2473 3556,2806 751,2806"/>
      <TextLine id="tl_15" primaryLanguage="English" custom="structure {type:default;} readingOrder {index:0;}">
        <Coords points="752,2474 3555,2474 3555,2672 752,2672"/>
        <Baseline points="752,2591 1041,2589 1365,2602 1675,2601 2009,2602 2185,2605 2457,2610 2851,2614 3067,2616 3555,2608"/>
        <Word id="w_w2aab1b9b2b3b1ab1">
          <Coords points="752,2474 3555,2474 3555,2672 752,2672"/>
          <TextEquiv>
            <Unicode>Vous allez vous offrir au plus grand des ingrats.</Unicode>
          </TextEquiv>
          <TextStyle fontFamily="Times New Roman" fontSize="11.0" italic="true"/>
        </Word>
      </TextLine>
      <TextLine id="tl_16" primaryLanguage="English" custom="structure {type:default;} readingOrder {index:1;}">
        <Coords points="1837,2698 2599,2698 2599,2805 1837,2805"/>
        <Baseline points="1837,2793 2599,2803"/>
        <Word id="w_w2aab1b9b2b3b3ab1">
          <Coords points="1837,2698 2599,2698 2599,2805 1837,2805"/>
          <TextEquiv>
            <Unicode>MEDUSE.</Unicode>
          </TextEquiv>
          <TextStyle fontFamily="Times New Roman" fontSize="8.0" bold="true"/>
        </Word>
      </TextLine>
    </TextRegion>
    <TextRegion type="paragraph" id="r_5_3" custom="readingOrder {index:9;}">
      <Coords points="757,2865 3651,2865 3651,3213 757,3213"/>
      <TextLine id="tl_17" primaryLanguage="English" custom="structure {type:default;} readingOrder {index:0;}">
        <Coords points="758,2866 3650,2866 3650,3061 758,3061"/>
        <Baseline points="759,2979 900,2979 1095,3001 1341,2982 1985,2994 2114,3041 2355,3001 2564,3015 2815,3005 2997,3005 3273,3002 3421,3001 3649,3001"/>
        <Word id="w_w2aab1b9b2b5b1ab1">
          <Coords points="758,2866 3650,2866 3650,3061 758,3061"/>
          <TextEquiv>
            <Unicode>Non, non qu'allois-je faire? &amp; que ne dois je pas</Unicode>
          </TextEquiv>
        </Word>
      </TextLine>
      <TextLine id="tl_18" primaryLanguage="English" custom="structure {type:default;} readingOrder {index:1;}">
        <Coords points="1247,3035 2844,3035 2844,3212 1247,3212"/>
        <Baseline points="1247,3142 1370,3142 1602,3148 1888,3151 2184,3155 2388,3173 2638,3162 2844,3164"/>
        <Word id="w_w2aab1b9b2b5b3ab1">
          <Coords points="1247,3035 2844,3035 2844,3212 1247,3212"/>
          <TextEquiv>
            <Unicode>A ton avis ſage &amp; fidelle?</Unicode>
          </TextEquiv>
        </Word>
      </TextLine>
    </TextRegion>
    <TextRegion type="paragraph" id="r_5_4" custom="readingOrder {index:10;}">
      <Coords points="754,3179 3022,3179 3022,3370 754,3370"/>
      <TextLine id="tl_19" primaryLanguage="English" custom="structure {type:default;} readingOrder {index:0;}">
        <Coords points="755,3180 3021,3180 3021,3369 755,3369"/>
        <Baseline points="756,3301 921,3300 994,3294 1335,3301 1394,3300 1908,3329 2056,3312 2214,3314 2356,3317 2482,3318 2950,3325 3020,3321"/>
        <Word id="w_w2aab1b9b2b7b1ab1">
          <Coords points="755,3180 3021,3180 3021,3369 755,3369"/>
          <TextEquiv>
            <Unicode>Ma fierté s'oublioit, je la ſens revenir:</Unicode>
          </TextEquiv>
          <TextStyle fontFamily="Times New Roman" fontSize="11.0" italic="true"/>
        </Word>
      </TextLine>
    </TextRegion>
    <TextRegion type="paragraph" id="r_5_5" custom="readingOrder {index:11;}">
      <Coords points="751,3347 3166,3347 3166,3536 751,3536"/>
      <TextLine id="tl_20" primaryLanguage="English" custom="structure {type:default;} readingOrder {index:0;}">
        <Coords points="752,3348 3165,3348 3165,3535 752,3535"/>
        <Baseline points="752,3457 1263,3459 1511,3463 1927,3469 2171,3475 2517,3481 2931,3486 3033,3487 3164,3503"/>
        <Word id="w_w2aab1b9b2b9b1ab1">
          <Coords points="752,3348 3165,3348 3165,3535 752,3535"/>
          <TextEquiv>
            <Unicode>Neptune m'a promis une gloire immotelle,</Unicode>
          </TextEquiv>
        </Word>
      </TextLine>
    </TextRegion>
    <TextRegion type="paragraph" id="r_5_6" custom="readingOrder {index:12;}">
      <Coords points="1081,3504 3299,3504 3299,3695 1081,3695"/>
      <TextLine id="tl_21" primaryLanguage="English" custom="structure {type:default;} readingOrder {index:0;}">
        <Coords points="1082,3505 3298,3505 3298,3694 1082,3694"/>
        <Baseline points="1083,3620 1246,3621 1403,3622 1617,3626 1969,3631 2129,3635 2737,3647 3093,3648 3297,3642"/>
        <Word id="w_w2aab1b9b2c11b1ab1">
          <Coords points="1082,3505 3298,3505 3298,3694 1082,3694"/>
          <TextEquiv>
            <Unicode>Et tu me rends ce charmant ſouvenir.</Unicode>
          </TextEquiv>
          <TextStyle fontFamily="Times New Roman" fontSize="11.0" italic="true"/>
        </Word>
      </TextLine>
    </TextRegion>
    <TextRegion type="paragraph" id="r_5_7" custom="readingOrder {index:13;}">
      <Coords points="1822,3749 2683,3749 2683,3861 1822,3861"/>
      <TextLine id="tl_22" primaryLanguage="English" custom="structure {type:default;} readingOrder {index:0;}">
        <Coords points="1823,3750 2682,3750 2682,3860 1823,3860"/>
        <Baseline points="1823,3845 1918,3845 2058,3854 2182,3847 2328,3851 2418,3854 2520,3853 2681,3856"/>
        <Word id="w_w2aab1b9b2c13b1ab1">
          <Coords points="1823,3750 2682,3750 2682,3860 1823,3860"/>
          <TextEquiv>
            <Unicode>ORPHISE.</Unicode>
          </TextEquiv>
          <TextStyle fontFamily="Times New Roman" fontSize="10.0" bold="true"/>
        </Word>
      </TextLine>
    </TextRegion>
    <TextRegion type="paragraph" id="r_6_1" custom="readingOrder {index:14;}">
      <Coords points="1399,3925 3209,3925 3209,4108 1399,4108"/>
      <TextLine id="tl_23" primaryLanguage="English" custom="structure {type:default;} readingOrder {index:0;}">
        <Coords points="1400,3926 3208,3926 3208,4107 1400,4107"/>
        <Baseline points="1400,4083 1700,4041 1884,4047 2029,4046 2369,4051 2596,4057 3039,4068 3207,4083"/>
        <Word id="w_w2aab1c11b2b1b1ab1">
          <Coords points="1400,3926 3208,3926 3208,4107 1400,4107"/>
          <TextEquiv>
            <Unicode>Quel eſt ce Dieu qui s'avance,</Unicode>
          </TextEquiv>
        </Word>
      </TextLine>
    </TextRegion>
    <TextRegion type="paragraph" id="r_6_2" custom="readingOrder {index:15;}">
      <Coords points="750,4071 3545,4071 3545,4279 750,4279"/>
      <TextLine id="tl_24" primaryLanguage="English" custom="structure {type:default;} readingOrder {index:0;}">
        <Coords points="751,4072 3544,4072 3544,4278 751,4278"/>
        <Baseline points="751,4187 912,4186 1162,4194 1448,4195 1664,4197 1878,4207 2242,4210 2530,4219 2708,4218 3282,4226 3544,4232"/>
        <Word id="w_w2aab1c11b2b3b1ab1">
          <Coords points="751,4072 3544,4072 3544,4278 751,4278"/>
          <TextEquiv>
            <Unicode>Et fait voir ſur ces bords tant de magnificence?</Unicode>
          </TextEquiv>
        </Word>
      </TextLine>
    </TextRegion>
    <TextRegion type="paragraph" id="r_6_3" custom="readingOrder {index:16;}">
      <Coords points="749,4240 3580,4240 3580,4746 749,4746"/>
      <TextLine id="tl_25" primaryLanguage="English" custom="structure {type:default;} readingOrder {index:0;}">
        <Coords points="1079,4241 3497,4241 3497,4422 1079,4422"/>
        <Baseline points="1080,4356 1339,4394 1643,4356 1938,4383 2036,4366 2203,4410 2342,4373 2684,4380 2900,4380 3496,4406"/>
        <Word id="w_w2aab1c11b2b5b1ab1">
          <Coords points="1079,4241 3497,4241 3497,4422 1079,4422"/>
          <TextEquiv>
            <Unicode>C'eſt Palemon, c'eſt le Dieu des Nochers,</Unicode>
          </TextEquiv>
        </Word>
      </TextLine>
      <TextLine id="tl_26" primaryLanguage="English" custom="structure {type:default;} readingOrder {index:1;}">
        <Coords points="750,4392 3579,4392 3579,4595 750,4595"/>
        <Baseline points="750,4511 1011,4556 1229,4557 1475,4513 1659,4519 2177,4531 2405,4538 2685,4540 2863,4560 3075,4548 3578,4569"/>
        <Word id="w_w2aab1c11b2b5b3ab1">
          <Coords points="750,4392 3579,4392 3579,4595 750,4595"/>
          <TextEquiv>
            <Unicode>C'eſt luy qui les ſauvant des flots &amp; des rochers,</Unicode>
          </TextEquiv>
          <TextStyle fontFamily="Times New Roman" fontSize="11.0" italic="true"/>
        </Word>
      </TextLine>
      <TextLine id="tl_27" primaryLanguage="English" custom="structure {type:default;} readingOrder {index:2;}">
        <Coords points="1224,4565 2820,4565 2820,4745 1224,4745"/>
        <Baseline points="1225,4677 1464,4679 1833,4686 2087,4691 2427,4696 2819,4701"/>
        <Word id="w_w2aab1c11b2b5b5ab1">
          <Coords points="1224,4565 2820,4565 2820,4745 1224,4745"/>
          <TextEquiv>
            <Unicode>Leur trace une route facile,</Unicode>
          </TextEquiv>
          <TextStyle fontFamily="Times New Roman" fontSize="11.0" italic="true"/>
        </Word>
      </TextLine>
    </TextRegion>
    <SeparatorRegion id="r_7" custom="readingOrder {index:17;}">
            <Coords points="0,4788 7,4788 7,5424 0,5424"/>
        </SeparatorRegion>
  </Page>
</PcGts>
