<?xml version="1.0" encoding="UTF-8"?>
<PcGts xmlns="http://schema.primaresearch.org/PAGE/gts/pagecontent/2013-07-15" xmlns:xsi="http://www.w3.org/2001/XMLSchema-instance" xmlns:xs="http://www.w3.org/2001/XMLSchema" xmlns:pr="http://schema.primaresearch.org/PAGE/gts/pagecontent/2013-07-15" xsi:schemaLocation="http://schema.primaresearch.org/PAGE/gts/pagecontent/2013-07-15 http://schema.primaresearch.org/PAGE/gts/pagecontent/2013-07-15/pagecontent.xsd">
  <Metadata>
        <Creator/>
        <Created>2019-01-31T09:51:52.713+01:00</Created>
        <LastChange>2019-07-26T11:04:16.694+02:00</LastChange>
        <Comments>
                Measurement unit: pixel
                PrimaryLanguage: English
                Language: FrenchStandard
                Producer: ABBYY FineReader Engine 11</Comments>
        <TranskribusMetadata docId="188203" pageId="7475978" pageNr="40" tsid="13140592" status="DONE" userId="10612" imgUrl="https://files.transkribus.eu/Get?id=LGGLXHIFPJBQKWWAPARZKMMM&amp;fileType=view" xmlUrl="https://files.transkribus.eu/Get?id=SNWZXNNMCITAMMTSNKDQRZTM" imageId="2612578"/>
    </Metadata>
  <Page imageFilename="Boyer1697_Meduse_cb30152139c_corrected_0040.png" imageWidth="3854" imageHeight="5610">
    <PrintSpace>
            <Coords points="675,272 3759,272 3759,4910 675,4910"/>
        </PrintSpace>
    <ReadingOrder>
            <OrderedGroup id="ro_1604224912967" caption="Regions reading order">
                <RegionRefIndexed index="0" regionRef="r_1_1"/>
                <RegionRefIndexed index="1" regionRef="r_2_1"/>
                <RegionRefIndexed index="2" regionRef="r_3_1"/>
                <RegionRefIndexed index="3" regionRef="r_3_2"/>
                <RegionRefIndexed index="4" regionRef="r_3_3"/>
                <RegionRefIndexed index="5" regionRef="r_3_4"/>
                <RegionRefIndexed index="6" regionRef="r_3_5"/>
                <RegionRefIndexed index="7" regionRef="r_3_6"/>
                <RegionRefIndexed index="8" regionRef="r_3_7"/>
                <RegionRefIndexed index="9" regionRef="r_3_8"/>
                <RegionRefIndexed index="10" regionRef="r_3_9"/>
                <RegionRefIndexed index="11" regionRef="r_3_10"/>
                <RegionRefIndexed index="12" regionRef="r_3_11"/>
                <RegionRefIndexed index="13" regionRef="r_3_12"/>
                <RegionRefIndexed index="14" regionRef="r_3_13"/>
                <RegionRefIndexed index="15" regionRef="r_3_14"/>
                <RegionRefIndexed index="16" regionRef="r_3_15"/>
                <RegionRefIndexed index="17" regionRef="r_3_16"/>
                <RegionRefIndexed index="18" regionRef="r_3_17"/>
                <RegionRefIndexed index="19" regionRef="r_3_18"/>
            </OrderedGroup>
        </ReadingOrder>
    <TextRegion type="paragraph" id="r_1_1" custom="readingOrder {index:0;}">
      <Coords points="740,299 839,299 839,405 740,405"/>
      <TextLine id="tl_1" primaryLanguage="English" custom="structure {type:default;} readingOrder {index:0;}">
        <Coords points="741,300 838,300 838,404 741,404"/>
        <Baseline points="741,403 838,382"/>
        <Word id="w_w2aab1b1b2b1b1ab1">
          <Coords points="741,300 838,300 838,404 741,404"/>
          <TextEquiv>
            <Unicode>38</Unicode>
          </TextEquiv>
          <TextStyle fontFamily="Times New Roman" fontSize="9.5" bold="true"/>
        </Word>
      </TextLine>
    </TextRegion>
    <TextRegion type="paragraph" id="r_2_1" custom="readingOrder {index:1;}">
      <Coords points="1795,290 2597,290 2597,435 1795,435"/>
      <TextLine id="tl_2" primaryLanguage="English" custom="structure {type:default;} readingOrder {index:0;}">
        <Coords points="1796,291 2596,292 2596,435 1796,434"/>
        <Baseline points="1797,396 2590,408"/>
        <Word id="w_w2aab1b3b2b1b1ab1">
          <Coords points="1796,291 2596,292 2596,435 1796,434"/>
          <TextEquiv>
            <Unicode>MEDUSE,</Unicode>
          </TextEquiv>
          <TextStyle fontFamily="Times New Roman" fontSize="9.5" bold="true"/>
        </Word>
      </TextLine>
    </TextRegion>
    <TextRegion type="paragraph" id="r_3_1" custom="readingOrder {index:2;}">
      <Coords points="803,720 3661,720 3661,1360 803,1360"/>
      <TextLine id="tl_3" primaryLanguage="English" custom="structure {type:default;} readingOrder {index:0;}">
        <Coords points="1091,721 3385,721 3385,889 1091,889"/>
        <Baseline points="1091,856 1925,864 3384,875"/>
        <Word id="w_w2aab1b5b2b1b1ab1">
          <Coords points="1091,721 3385,721 3385,889 1091,889"/>
          <TextEquiv>
            <Unicode>SCENE SECONDE.</Unicode>
          </TextEquiv>
          <TextStyle fontFamily="Times New Roman" fontSize="14.0"/>
        </Word>
      </TextLine>
      <TextLine id="tl_4" primaryLanguage="English" custom="structure {type:default;} readingOrder {index:1;}">
        <Coords points="804,989 3660,989 3660,1159 804,1159"/>
        <Baseline points="804,1113 1645,1131 2629,1147 3658,1141"/>
        <Word id="w_w2aab1b5b2b1b3ab1">
          <Coords points="804,989 3660,989 3660,1159 804,1159"/>
          <TextEquiv>
            <Unicode>MEDUSE, ORPHISE, MELANTE.</Unicode>
          </TextEquiv>
          <TextStyle fontFamily="Times New Roman" fontSize="11.0"/>
        </Word>
      </TextLine>
      <TextLine id="tl_5" primaryLanguage="English" custom="structure {type:default;} readingOrder {index:2;}">
        <Coords points="1770,1247 2673,1247 2673,1359 1770,1359"/>
        <Baseline points="1770,1348 2672,1357"/>
        <Word id="w_w2aab1b5b2b1b5ab1">
          <Coords points="1770,1247 2673,1247 2673,1359 1770,1359"/>
          <TextEquiv>
            <Unicode>MELANTE.</Unicode>
          </TextEquiv>
          <TextStyle fontFamily="Times New Roman" fontSize="11.0"/>
        </Word>
      </TextLine>
    </TextRegion>
    <TextRegion type="paragraph" id="r_3_2" custom="readingOrder {index:3;}">
      <Coords points="763,1382 3528,1382 3528,1664 763,1664"/>
      <TextLine id="tl_6" primaryLanguage="English" custom="structure {type:default;} readingOrder {index:0;}">
        <Coords points="764,1383 3527,1383 3527,1663 764,1663"/>
        <Baseline points="764,1621 819,1621 1206,1580 1740,1588 2187,1589 2472,1601 2637,1599 3011,1603 3525,1609"/>
        <Word id="w_w2aab1b5b2b3b1ab1">
          <Coords points="764,1383 3527,1383 3527,1663 764,1663"/>
          <TextEquiv>
            <Unicode>NOs Amants fugitifs ſont en voſtre pouvoir.</Unicode>
          </TextEquiv>
        </Word>
      </TextLine>
    </TextRegion>
    <TextRegion type="paragraph" id="r_3_3" custom="readingOrder {index:4;}">
      <Coords points="1895,1687 2657,1687 2657,1800 1895,1800"/>
      <TextLine id="tl_7" primaryLanguage="English" custom="structure {type:default;} readingOrder {index:0;}">
        <Coords points="1896,1688 2656,1688 2656,1799 1896,1799"/>
        <Baseline points="1896,1787 2655,1797"/>
        <Word id="w_w2aab1b5b2b5b1ab1">
          <Coords points="1896,1688 2656,1688 2656,1799 1896,1799"/>
          <TextEquiv>
            <Unicode>MEDUSE.</Unicode>
          </TextEquiv>
          <TextStyle fontFamily="Times New Roman" fontSize="11.0"/>
        </Word>
      </TextLine>
    </TextRegion>
    <TextRegion type="paragraph" id="r_3_4" custom="readingOrder {index:5;}">
      <Coords points="768,1860 3600,1860 3600,2069 768,2069"/>
      <TextLine id="tl_8" primaryLanguage="English" custom="structure {type:default;} readingOrder {index:0;}">
        <Coords points="769,1861 3599,1861 3599,2068 769,2068"/>
        <Baseline points="770,1982 967,1977 1225,1988 1655,1995 2147,1993 2203,2004 2723,2006 2941,2006 3461,2008 3598,2010"/>
        <Word id="w_w2aab1b5b2b7b1ab1">
          <Coords points="769,1861 3599,1861 3599,2068 769,2068"/>
          <TextEquiv>
            <Unicode>Ah! ſurprenant bonheur! triomphe ma vengeance.</Unicode>
          </TextEquiv>
        </Word>
      </TextLine>
    </TextRegion>
    <TextRegion type="paragraph" id="r_3_5" custom="readingOrder {index:6;}">
      <Coords points="1774,2108 2670,2108 2670,2222 1774,2222"/>
      <TextLine id="tl_9" primaryLanguage="English" custom="structure {type:default;} readingOrder {index:0;}">
        <Coords points="1775,2109 2669,2109 2669,2221 1775,2221"/>
        <Baseline points="1775,2210 2668,2219"/>
        <Word id="w_w2aab1b5b2b9b1ab1">
          <Coords points="1775,2109 2669,2109 2669,2221 1775,2221"/>
          <TextEquiv>
            <Unicode>MELANTE.</Unicode>
          </TextEquiv>
          <TextStyle fontFamily="Times New Roman" fontSize="11.0"/>
        </Word>
      </TextLine>
    </TextRegion>
    <TextRegion type="paragraph" id="r_3_6" custom="readingOrder {index:7;}">
      <Coords points="1096,2290 3217,2290 3217,2483 1096,2483"/>
      <TextLine id="tl_10" primaryLanguage="English" custom="structure {type:default;} readingOrder {index:0;}">
        <Coords points="1097,2291 3216,2291 3216,2482 1097,2482"/>
        <Baseline points="1097,2404 1392,2404 1580,2408 1972,2419 2090,2422 2338,2419 2694,2427 3052,2428 3215,2452"/>
        <Word id="w_w2aab1b5b2c11b1ab1">
          <Coords points="1097,2291 3216,2291 3216,2482 1097,2482"/>
          <TextEquiv>
            <Unicode>Pour les livrer à vos juſtes fureurs,</Unicode>
          </TextEquiv>
        </Word>
      </TextLine>
    </TextRegion>
    <TextRegion type="paragraph" id="r_3_7" custom="readingOrder {index:8;}">
      <Coords points="1254,2458 3345,2458 3345,2650 1254,2650"/>
      <TextLine id="tl_11" primaryLanguage="English" custom="structure {type:default;} readingOrder {index:0;}">
        <Coords points="1255,2459 3344,2459 3344,2649 1255,2649"/>
        <Baseline points="1255,2572 1760,2577 1958,2581 2456,2583 2638,2589 2878,2588 3162,2597 3343,2617"/>
        <Word id="w_w2aab1b5b2c13b1ab1">
          <Coords points="1255,2459 3344,2459 3344,2649 1255,2649"/>
          <TextEquiv>
            <Unicode>Neptune au pouvoir de vos Sœurs,</Unicode>
          </TextEquiv>
        </Word>
      </TextLine>
    </TextRegion>
    <TextRegion type="paragraph" id="r_3_8" custom="readingOrder {index:9;}">
      <Coords points="1254,2620 2970,2620 2970,2796 1254,2796"/>
      <TextLine id="tl_12" primaryLanguage="English" custom="structure {type:default;} readingOrder {index:0;}">
        <Coords points="1255,2621 2969,2621 2969,2795 1255,2795"/>
        <Baseline points="1255,2730 1373,2730 1616,2733 2042,2742 2225,2758 2390,2744 2866,2793 2967,2757"/>
        <Word id="w_w2aab1b5b2c15b1ab1">
          <Coords points="1255,2621 2969,2621 2969,2795 1255,2795"/>
          <TextEquiv>
            <Unicode>A mis Persée &amp; ſa Princeſſe.</Unicode>
          </TextEquiv>
        </Word>
      </TextLine>
    </TextRegion>
    <TextRegion type="paragraph" id="r_3_9" custom="readingOrder {index:10;}">
      <Coords points="1884,2841 2615,2841 2615,2956 1884,2956"/>
      <TextLine id="tl_13" primaryLanguage="English" custom="structure {type:default;} readingOrder {index:0;}">
        <Coords points="1885,2842 2614,2842 2614,2955 1885,2955"/>
        <Baseline points="1885,2943 2613,2949"/>
        <Word id="w_w2aab1b5b2c17b1ab1">
          <Coords points="1885,2842 2614,2842 2614,2955 1885,2955"/>
          <TextEquiv>
            <Unicode>MEDUSE.</Unicode>
          </TextEquiv>
          <TextStyle fontFamily="Times New Roman" fontSize="11.0"/>
        </Word>
      </TextLine>
    </TextRegion>
    <TextRegion type="paragraph" id="r_3_10" custom="readingOrder {index:11;}">
      <Coords points="763,3016 3671,3016 3671,3383 763,3383"/>
      <TextLine id="tl_14" primaryLanguage="English" custom="structure {type:default;} readingOrder {index:0;}">
        <Coords points="766,3017 3670,3017 3670,3219 766,3219"/>
        <Baseline points="767,3138 1267,3137 1711,3144 1965,3147 2311,3155 2589,3156 3073,3162 3337,3161 3669,3189"/>
        <Word id="w_w2aab1b5b2c19b1ab1">
          <Coords points="766,3017 3670,3017 3670,3219 766,3219"/>
          <TextEquiv>
            <Unicode>Dis-leur que ſur tous deux elles veillent ſans ceſſe;</Unicode>
          </TextEquiv>
          <TextStyle fontFamily="Times New Roman" fontSize="11.0" italic="true"/>
        </Word>
      </TextLine>
      <TextLine id="tl_15" primaryLanguage="English" custom="structure {type:default;} readingOrder {index:1;}">
        <Coords points="764,3179 3600,3179 3600,3382 764,3382"/>
        <Baseline points="765,3294 1305,3301 1597,3307 1757,3305 2040,3306 2291,3315 2719,3316 2896,3364 3008,3323 3263,3324 3413,3324 3599,3320"/>
        <Word id="w_w2aab1b5b2c19b3ab1">
          <Coords points="764,3179 3600,3179 3600,3382 764,3382"/>
          <TextEquiv>
            <Unicode>Fais-leur voir de quel prix Persée eſt à mes yeux.</Unicode>
          </TextEquiv>
        </Word>
      </TextLine>
    </TextRegion>
    <TextRegion type="paragraph" id="r_3_11" custom="readingOrder {index:12;}">
      <Coords points="1779,3410 2692,3410 2692,3526 1779,3526"/>
      <TextLine id="tl_16" primaryLanguage="English" custom="structure {type:default;} readingOrder {index:0;}">
        <Coords points="1780,3411 2691,3411 2691,3525 1780,3525"/>
        <Baseline points="1780,3512 2690,3523"/>
        <Word id="w_w2aab1b5b2c21b1ab1">
          <Coords points="1780,3411 2691,3411 2691,3525 1780,3525"/>
          <TextEquiv>
            <Unicode>MELANTE.</Unicode>
          </TextEquiv>
          <TextStyle fontFamily="Times New Roman" fontSize="11.0"/>
        </Word>
      </TextLine>
    </TextRegion>
    <TextRegion type="paragraph" id="r_3_12" custom="readingOrder {index:13;}">
      <Coords points="1253,3548 3325,3548 3325,3736 1253,3736"/>
      <TextLine id="tl_17" primaryLanguage="English" custom="structure {type:default;} readingOrder {index:0;}">
        <Coords points="1254,3549 3324,3549 3324,3735 1254,3735"/>
        <Baseline points="1254,3667 1593,3667 1967,3673 2547,3680 2720,3726 2879,3680 3237,3688 3323,3689"/>
        <Word id="w_w2aab1b5b2c23b1ab1">
          <Coords points="1254,3549 3324,3549 3324,3735 1254,3735"/>
          <TextEquiv>
            <Unicode>Mais quelle eſperance eſt la vôtre?</Unicode>
          </TextEquiv>
          <TextStyle fontFamily="Times New Roman" fontSize="11.0" italic="true"/>
        </Word>
      </TextLine>
    </TextRegion>
    <TextRegion type="paragraph" id="r_3_13" custom="readingOrder {index:14;}">
      <Coords points="1253,3706 3023,3706 3023,3898 1253,3898"/>
      <TextLine id="tl_18" primaryLanguage="English" custom="structure {type:default;} readingOrder {index:0;}">
        <Coords points="1254,3707 3022,3707 3022,3897 1254,3897"/>
        <Baseline points="1255,3818 1374,3818 1611,3821 1805,3825 2177,3834 2445,3837 2803,3843 3021,3861"/>
        <Word id="w_w2aab1b5b2c25b1ab1">
          <Coords points="1254,3707 3022,3707 3022,3897 1254,3897"/>
          <TextEquiv>
            <Unicode>Eſt-ce un treſor bien pretieux,</Unicode>
          </TextEquiv>
        </Word>
      </TextLine>
    </TextRegion>
    <TextRegion type="paragraph" id="r_3_14" custom="readingOrder {index:15;}">
      <Coords points="1237,3868 3415,3868 3415,4033 1237,4033"/>
      <TextLine id="tl_19" primaryLanguage="English" custom="structure {type:default;} readingOrder {index:0;}">
        <Coords points="1238,3869 3414,3869 3414,4032 1238,4032"/>
        <Baseline points="1239,3980 1697,3984 1923,3989 2249,3992 2430,4000 2735,4004 2981,4009 3169,4013 3414,4020"/>
        <Word id="w_w2aab1b5b2c27b1ab1">
          <Coords points="1238,3869 3414,3869 3414,4032 1238,4032"/>
          <TextEquiv>
            <Unicode>Lorſque ſon cœur eſt pour une autre?</Unicode>
          </TextEquiv>
        </Word>
      </TextLine>
    </TextRegion>
    <TextRegion type="paragraph" id="r_3_15" custom="readingOrder {index:16;}">
      <Coords points="1845,4069 2617,4069 2617,4186 1845,4186"/>
      <TextLine id="tl_20" primaryLanguage="English" custom="structure {type:default;} readingOrder {index:0;}">
        <Coords points="1846,4070 2616,4070 2616,4185 1846,4185"/>
        <Baseline points="1846,4175 2615,4185"/>
        <Word id="w_w2aab1b5b2c29b1ab1">
          <Coords points="1846,4070 2616,4070 2616,4185 1846,4185"/>
          <TextEquiv>
            <Unicode>MEDUSE.</Unicode>
          </TextEquiv>
          <TextStyle fontFamily="Times New Roman" fontSize="11.0"/>
        </Word>
      </TextLine>
    </TextRegion>
    <TextRegion type="paragraph" id="r_3_16" custom="readingOrder {index:17;}">
      <Coords points="763,4194 3701,4194 3701,4551 763,4551"/>
      <TextLine id="tl_21" primaryLanguage="English" custom="structure {type:default;} readingOrder {index:0;}">
        <Coords points="764,4195 3700,4195 3700,4415 764,4415"/>
        <Baseline points="765,4306 892,4306 1032,4306 1314,4367 1543,4322 1755,4321 2071,4330 2253,4334 2633,4341 3116,4353 3699,4355"/>
        <Word id="w_w2aab1b5b2c31b1ab1">
          <Coords points="764,4195 3700,4195 3700,4415 764,4415"/>
          <TextEquiv>
            <Unicode>Si je n'ay pas ſon cœur au moins malgré luy-même</Unicode>
          </TextEquiv>
          <TextStyle fontFamily="Times New Roman" fontSize="11.0" italic="true"/>
        </Word>
      </TextLine>
      <TextLine id="tl_22" primaryLanguage="English" custom="structure {type:default;} readingOrder {index:1;}">
        <Coords points="1412,4359 2858,4359 2858,4550 1412,4550"/>
        <Baseline points="1412,4515 1526,4480 2130,4537 2305,4497 2537,4502 2794,4511 2857,4526"/>
        <Word id="w_w2aab1b5b2c31b3ab1">
          <Coords points="1412,4359 2858,4359 2858,4550 1412,4550"/>
          <TextEquiv>
            <Unicode>Je diſpoſeray de ſon ſort;</Unicode>
          </TextEquiv>
          <TextStyle fontFamily="Times New Roman" fontSize="11.0" italic="true"/>
        </Word>
      </TextLine>
    </TextRegion>
    <TextRegion type="paragraph" id="r_3_17" custom="readingOrder {index:18;}">
      <Coords points="749,4506 3555,4506 3555,4723 749,4723"/>
      <TextLine id="tl_23" primaryLanguage="English" custom="structure {type:default;} readingOrder {index:0;}">
        <Coords points="750,4507 3554,4507 3554,4722 750,4722"/>
        <Baseline points="751,4626 868,4620 1328,4634 1390,4634 1706,4656 2082,4654 2394,4660 2608,4711 3044,4672 3193,4677 3339,4687 3553,4698"/>
        <Word id="w_w2aab1b5b2c33b1ab1">
          <Coords points="750,4507 3554,4507 3554,4722 750,4722"/>
          <TextEquiv>
            <Unicode>Il mourra: mais helas! pour luy donner la mort,</Unicode>
          </TextEquiv>
        </Word>
      </TextLine>
    </TextRegion>
    <TextRegion type="paragraph" id="r_3_18" custom="readingOrder {index:19;}">
      <Coords points="735,4670 3123,4670 3123,4888 735,4888"/>
      <TextLine id="tl_24" primaryLanguage="English" custom="structure {type:default;} readingOrder {index:0;}">
        <Coords points="736,4671 3122,4671 3122,4887 736,4887"/>
        <Baseline points="737,4795 1342,4804 1466,4807 1746,4815 1928,4839 2060,4818 2324,4829 2554,4828 2702,4830 3121,4843"/>
        <Word id="w_w2aab1b5b2c35b1ab1">
          <Coords points="736,4671 3122,4671 3122,4887 736,4887"/>
          <TextEquiv>
            <Unicode>Il faudroit le haïr &amp; je ſens que je l'aime.</Unicode>
          </TextEquiv>
          <TextStyle fontFamily="Times New Roman" fontSize="11.0" italic="true"/>
        </Word>
      </TextLine>
    </TextRegion>
  </Page>
</PcGts>
