3854 5360
1177 262 2083 387 TRAGEDIE.

2955 325 3091 424 25

485 883 2714 1090 SCENE CINQUIE'ME.

229 1130 3035 1317 NEPTUNE & ſa Suite, MEDUSE, PERSE’E

1285 1316 1935 1439 & ſa Suite.

1235 1551 1987 1668 NEPTUNE.

241 1757 2501 2070 Dieux & mortels réparez & l'injuſtice,

536 1914 2928 2114 Que l'on fait à Meduſe en faveur de Pallas;

817 2074 2424 2267 Qu'on mépriſe les fiers appas

499 2223 2793 2427 Qui ne ſont nez que pour noſtre ſupplice.

810 2386 2535 2573 Plus d'encens, plus de ſacrifice

802 2538 2392 2727 A la beauté qui n'aime pas.

1296 2790 1892 2902 PERSE’E.

205 2906 3016 3117 Que vois-je? eſt-il donc vray que Neptune luy-même

211 3060 2867 3263 Vient outrager Minerve & s'arme contre nous?

1195 3241 1978 3354 NEPTUNE.

208 3348 2500 3561 Miſerables mortels adorez ce que j'aime,

791 3532 2357 3706 Ou craignez mon courroux.

1578 3684 2828 3805 La Suite de Perſée s'enfuit.

1244 3803 1918 3914 PERSE’E.

212 3904 2997 4117 A la voix de ce Dieu tout fuit, tout m'abandonne:

338 4075 2648 4265 Moy-même je me ſens ſaiſi d'une terreur,

479 4231 2355 4426 Qui me deſarme & qui m'étonne.

274 4407 2978 4589 Les Nereïdes prennent les preſens qui ſont ſur l’Autel, & les

197 4534 1530 4671 portent aux pieds de Meduſe.

2537 4706 2641 4802 D
