3854 5610
754 362 869 429 20

1896 311 2571 455 MEDUSE.

1913 509 2536 615 PERSE’E.

754 698 3431 899 Pour Meduſe faut-il ſans ceſſe ſe contraindre?

1881 939 2577 1045 ISMENIE.

1075 1136 3072 1318 Meduſe n'eſt pas ſeule à craindre:

1394 1304 2823 1477 La ſage & ſevere Pallas

743 1442 3180 1639 Du destin des Heros ſouveraine maîtreſſe

748 1624 3477 1809 Veut regler vos deſirs & marquer tous vos pas:

1383 1786 2864 1917 Elle condamne l'embarras

1380 1946 3155 2115 De la folle & vaine tendreſſe,

725 2100 3102 2283 Et s'offenſe de tout où la gloire n'eſt pas.

1890 2323 2507 2427 PERSE’E.

897 2517 3228 2697 Ne craigneZ pas que Minerve s'offenſe

1378 2678 3447 2855 De ces nœuds ſi beaux & ſi doux,

715 2832 3404 3015 Que la gloire elle-même a formez entre nous:

1034 2996 2987 3170 Sans la gloire & ſans l'innocence

1355 3158 3098 3323 Peut-on eſtre bien avec vous?

1824 3377 2546 3481 ISMENIE.

946 3570 3189 3751 Mais ſi Pallas un peu trop inhumaine

1353 3728 3222 3903 Vouloit pour briſer noſtre chaîne

946 3886 3155 4065 A ſes Autels pour jamais m'attacher.

1856 4051 2460 4163 PERSE’E.

667 4184 3108 4371 Je renonce à Pallas ſi ſa rigueur extrême

1350 4360 2892 4523 Me ravit un treſor ſi cher;

957 4510 3106 4701 Et nul reſpect ne ſçauroit m'empêcher

694 4666 3251 4862 De l'enlever des mains de la Deeſſe meſme.
