3854 5360
1105 230 3002 355 TRAGEDIE. 9

625 426 2500 553 ORPHISE & MELANTE.

472 619 2177 779 Quand il adore une Divinité,

187 767 2544 950 Il brigue ſa faveur & non pas ſa tendreſſe.

1144 982 1950 1092 ORPHISE.

176 1157 2497 1337 Minerve n'eût jamais la foibleſſe d'aimer:

343 1317 2498 1499 L'Amour n'a rien a prétendre ſur elle.

1162 1546 1888 1651 MEDUSE.

166 1717 2665 1891 A l'amour tôt ou tard on ſe laiſſe enflammer:

591 1876 2008 2048 Elle ſe pique d’eſtre belle,

584 2024 2281 2202 Et c'eſt aſſez pour m’allarmer.

587 2184 2368 2359 Qui veut eſtre belle veut plaire;

156 2335 2730 2512 Et quand une beauté veut donner de l’amour,

579 2492 2042 2660 Elle cherche à ſe ſatisfaire

578 2648 2181 2817 Au peril d'aimer à ſon tour.

1115 2858 1911 2961 ORPHISE.

575 3040 2196 3197 Mais oſeray-je vous le dire?

148 3189 2567 3366 Vous avez pour Perſée une inquiete ardeur.

1137 3398 1885 3505 MEDUSE.

117 3503 2461 3713 Je voudrois ſur Perſée étendre mon empire,

142 3655 2644 3870 Pour ôter à Minerve un ſi grand deffenſeur.

415 3831 2456 4007 Si des ſoûpirs échapent de mon cœur,

572 3992 2537 4178 Ce n'est que d'orgueil qu’il ſoûpire.

129 4129 2742 4321 Perſée est le plus grand, le plus fier des mortels:

316 4290 2677 4475 Tu vois quel bruit, quelle gloire éclatante

563 4450 2210 4623 Suit déja ſa valeur naiſſante.

2404 4643 2471 4733 B
