<?xml version="1.0" encoding="UTF-8"?>
<PcGts xmlns="http://schema.primaresearch.org/PAGE/gts/pagecontent/2013-07-15" xmlns:xsi="http://www.w3.org/2001/XMLSchema-instance" xmlns:xs="http://www.w3.org/2001/XMLSchema" xmlns:pr="http://schema.primaresearch.org/PAGE/gts/pagecontent/2013-07-15" xsi:schemaLocation="http://schema.primaresearch.org/PAGE/gts/pagecontent/2013-07-15 http://schema.primaresearch.org/PAGE/gts/pagecontent/2013-07-15/pagecontent.xsd">
  <Metadata>
        <Creator/>
        <Created>2019-01-29T18:36:34.756+01:00</Created>
        <LastChange>2019-01-29T18:48:23.585+01:00</LastChange>
        <Comments>
                Measurement unit: pixel
                PrimaryLanguage: English
                Language: FrenchStandard
                Producer: ABBYY FineReader Engine 11</Comments>
        <TranskribusMetadata docId="188203" pageId="7475945" pageNr="7" tsid="13140559" status="DONE" userId="10612" imgUrl="https://files.transkribus.eu/Get?id=TKEHBIJTVCWJONRTBSBHKFOB&amp;fileType=view" xmlUrl="https://files.transkribus.eu/Get?id=TBTGINWGFQUVEIKNWBONLWBU" imageId="2612394"/>
    </Metadata>
  <Page imageFilename="Boyer1697_Meduse_cb30152139c_corrected_0007.png" imageWidth="3854" imageHeight="5360">
    <PrintSpace>
            <Coords points="183,0 3854,0 3854,4768 183,4768"/>
        </PrintSpace>
    <ReadingOrder>
            <OrderedGroup id="ro_1604224886263" caption="Regions reading order">
                <RegionRefIndexed index="0" regionRef="r_1_1"/>
                <RegionRefIndexed index="1" regionRef="r_2_1"/>
                <RegionRefIndexed index="2" regionRef="r_2_2"/>
                <RegionRefIndexed index="3" regionRef="r_2_3"/>
                <RegionRefIndexed index="4" regionRef="r_2_4"/>
                <RegionRefIndexed index="5" regionRef="r_2_5"/>
                <RegionRefIndexed index="6" regionRef="r_2_6"/>
                <RegionRefIndexed index="7" regionRef="r_2_7"/>
                <RegionRefIndexed index="8" regionRef="r_2_8"/>
                <RegionRefIndexed index="9" regionRef="r_2_9"/>
                <RegionRefIndexed index="10" regionRef="r_2_10"/>
                <RegionRefIndexed index="11" regionRef="r_2_11"/>
                <RegionRefIndexed index="12" regionRef="r_2_12"/>
                <RegionRefIndexed index="13" regionRef="r_2_13"/>
                <RegionRefIndexed index="14" regionRef="r_2_14"/>
                <RegionRefIndexed index="15" regionRef="r_2_15"/>
            </OrderedGroup>
        </ReadingOrder>
    <TextRegion type="paragraph" id="r_1_1" custom="readingOrder {index:0;}">
      <Coords points="3012,322 3067,322 3067,434 3012,434"/>
      <TextLine id="tl_1" primaryLanguage="English" custom="structure {type:default;} readingOrder {index:0;}">
        <Coords points="3013,323 3066,323 3066,433 3013,433"/>
        <Baseline points="3013,433 3066,433"/>
        <Word id="w_w2aab1b1b2b1b1ab1">
          <Coords points="3013,323 3066,323 3066,433 3013,433"/>
          <TextEquiv>
            <Unicode>5</Unicode>
          </TextEquiv>
          <TextStyle fontFamily="Times New Roman" fontSize="8.5"/>
        </Word>
      </TextLine>
    </TextRegion>
    <TextRegion type="paragraph" id="r_2_1" custom="readingOrder {index:1;}">
      <Coords points="1102,299 2093,299 2093,416 1102,416"/>
      <TextLine id="tl_2" primaryLanguage="English" custom="structure {type:default;} readingOrder {index:0;}">
        <Coords points="1103,300 2092,300 2092,415 1103,415"/>
        <Baseline points="1103,403 2091,401"/>
        <Word id="w_w2aab1b3b2b1b1ab1">
          <Coords points="1103,300 2092,300 2092,415 1103,415"/>
          <TextEquiv>
            <Unicode>PROLOGUE.</Unicode>
          </TextEquiv>
          <TextStyle fontFamily="Times New Roman" fontSize="8.5" bold="true"/>
        </Word>
      </TextLine>
    </TextRegion>
    <TextRegion type="paragraph" id="r_2_2" custom="readingOrder {index:2;}">
      <Coords points="1407,499 1840,499 1840,599 1407,599"/>
      <TextLine id="tl_3" primaryLanguage="English" custom="structure {type:default;} readingOrder {index:0;}">
        <Coords points="1408,500 1839,500 1839,598 1408,598"/>
        <Baseline points="1408,590 1839,592"/>
        <Word id="w_w2aab1b3b2b3b1ab1">
          <Coords points="1408,500 1839,500 1839,598 1408,598"/>
          <TextEquiv>
            <Unicode>IRIS.</Unicode>
          </TextEquiv>
          <TextStyle fontFamily="Times New Roman" fontSize="8.0" bold="true"/>
        </Word>
      </TextLine>
    </TextRegion>
    <TextRegion type="paragraph" id="r_2_3" custom="readingOrder {index:3;}">
      <Coords points="422,658 2511,658 2511,840 422,840"/>
      <TextLine id="tl_4" primaryLanguage="English" custom="structure {type:default;} readingOrder {index:0;}">
        <Coords points="423,659 2510,659 2510,839 423,839"/>
        <Baseline points="424,778 696,776 1012,790 1282,785 1454,790 1952,788 2354,782 2510,805"/>
        <Word id="w_w2aab1b3b2b5b1ab1">
          <Coords points="423,659 2510,659 2510,839 423,839"/>
          <TextEquiv>
            <Unicode>Vont allez voir un ſpectacle agreable,</Unicode>
          </TextEquiv>
        </Word>
      </TextLine>
    </TextRegion>
    <TextRegion type="paragraph" id="r_2_4" custom="readingOrder {index:4;}">
      <Coords points="223,815 2678,815 2678,1301 223,1301"/>
      <TextLine id="tl_5" primaryLanguage="English" custom="structure {type:default;} readingOrder {index:0;}">
        <Coords points="225,816 2677,816 2677,993 225,993"/>
        <Baseline points="225,937 391,931 521,930 921,935 1395,944 1701,941 1923,942 2677,939"/>
        <Word id="w_w2aab1b3b2b7b1ab1">
          <Coords points="225,816 2677,816 2677,993 225,993"/>
          <TextEquiv>
            <Unicode>Où le jaloux Amour dans ſon emportement</Unicode>
          </TextEquiv>
          <TextStyle fontFamily="Times New Roman" fontSize="7.5" italic="true"/>
        </Word>
      </TextLine>
      <TextLine id="tl_6" primaryLanguage="English" custom="structure {type:default;} readingOrder {index:1;}">
        <Coords points="224,970 2431,970 2431,1158 224,1158"/>
        <Baseline points="224,1093 555,1088 771,1089 1277,1135 1470,1100 1879,1096 2431,1092"/>
        <Word id="w_w2aab1b3b2b7b3ab1">
          <Coords points="224,970 2431,970 2431,1158 224,1158"/>
          <TextEquiv>
            <Unicode>Attire ſur Meduſe un ſuplice effroyable</Unicode>
          </TextEquiv>
          <TextStyle fontFamily="Times New Roman" fontSize="7.5" italic="true"/>
        </Word>
      </TextLine>
      <TextLine id="tl_7" primaryLanguage="English" custom="structure {type:default;} readingOrder {index:2;}">
        <Coords points="827,1111 2410,1111 2410,1300 827,1300"/>
        <Baseline points="827,1247 1052,1246 1236,1249 1692,1251 2266,1250 2410,1244"/>
        <Word id="w_w2aab1b3b2b7b5ab1">
          <Coords points="827,1111 2410,1111 2410,1300 827,1300"/>
          <TextEquiv>
            <Unicode>Par un horrible changement.</Unicode>
          </TextEquiv>
        </Word>
      </TextLine>
    </TextRegion>
    <TextRegion type="paragraph" id="r_2_5" custom="readingOrder {index:5;}">
      <Coords points="1304,1356 1932,1356 1932,1467 1304,1467"/>
      <TextLine id="tl_8" primaryLanguage="English" custom="structure {type:default;} readingOrder {index:0;}">
        <Coords points="1305,1357 1931,1357 1931,1466 1305,1466"/>
        <Baseline points="1305,1456 1931,1452"/>
        <Word id="w_w2aab1b3b2b9b1ab1">
          <Coords points="1305,1357 1931,1357 1931,1466 1305,1466"/>
          <TextEquiv>
            <Unicode>TIRCIS.</Unicode>
          </TextEquiv>
          <TextStyle fontFamily="Times New Roman" fontSize="8.0" bold="true"/>
        </Word>
      </TextLine>
    </TextRegion>
    <TextRegion type="paragraph" id="r_2_6" custom="readingOrder {index:6;}">
      <Coords points="222,1538 3008,1538 3008,2014 222,2014"/>
      <TextLine id="tl_9" primaryLanguage="English" custom="structure {type:default;} readingOrder {index:0;}">
        <Coords points="825,1539 2236,1539 2236,1711 825,1711"/>
        <Baseline points="826,1663 1092,1660 1752,1709 2236,1661"/>
        <Word id="w_w2aab1b3b2c11b1ab1">
          <Coords points="825,1539 2236,1539 2236,1711 825,1711"/>
          <TextEquiv>
            <Unicode>Sans l’amoureuſe tendreſſe</Unicode>
          </TextEquiv>
          <TextStyle fontFamily="Times New Roman" fontSize="7.5" italic="true"/>
        </Word>
      </TextLine>
      <TextLine id="tl_10" primaryLanguage="English" custom="structure {type:default;} readingOrder {index:1;}">
        <Coords points="223,1688 3007,1688 3007,1873 223,1873"/>
        <Baseline points="223,1843 515,1808 861,1813 1069,1814 1385,1822 1587,1842 1801,1819 2219,1817 2415,1836 2645,1815 2739,1856 3007,1811"/>
        <Word id="w_w2aab1b3b2c11b3ab1">
          <Coords points="223,1688 3007,1688 3007,1873 223,1873"/>
          <TextEquiv>
            <Unicode>Quels ſeront nos concerts, nos plaiſirs &amp; nos jeux?</Unicode>
          </TextEquiv>
        </Word>
      </TextLine>
      <TextLine id="tl_11" primaryLanguage="English" custom="structure {type:default;} readingOrder {index:2;}">
        <Coords points="1430,1914 1802,1914 1802,2013 1430,2013"/>
        <Baseline points="1430,2004 1802,2005"/>
        <Word id="w_w2aab1b3b2c11b5ab1">
          <Coords points="1430,1914 1802,1914 1802,2013 1430,2013"/>
          <TextEquiv>
            <Unicode>IRIS.</Unicode>
          </TextEquiv>
          <TextStyle fontFamily="Times New Roman" fontSize="8.0" bold="true"/>
        </Word>
      </TextLine>
    </TextRegion>
    <TextRegion type="paragraph" id="r_2_7" custom="readingOrder {index:7;}">
      <Coords points="518,2077 2701,2077 2701,2249 518,2249"/>
      <TextLine id="tl_12" primaryLanguage="English" custom="structure {type:default;} readingOrder {index:0;}">
        <Coords points="519,2078 2700,2078 2700,2248 519,2248"/>
        <Baseline points="519,2188 840,2187 1407,2196 1533,2196 1774,2199 1890,2200 2160,2197 2699,2208"/>
        <Word id="w_w2aab1b3b2c13b1ab1">
          <Coords points="519,2078 2700,2078 2700,2248 519,2248"/>
          <TextEquiv>
            <Unicode>Nous goûterons le ſort le plus heureux,</Unicode>
          </TextEquiv>
          <TextStyle fontFamily="Times New Roman" fontSize="7.5" italic="true"/>
        </Word>
      </TextLine>
    </TextRegion>
    <TextRegion type="paragraph" id="r_2_8" custom="readingOrder {index:8;}">
      <Coords points="229,2233 2833,2233 2833,2679 229,2679"/>
      <TextLine id="tl_13" primaryLanguage="English" custom="structure {type:default;} readingOrder {index:0;}">
        <Coords points="678,2234 2373,2234 2373,2400 678,2400"/>
        <Baseline points="679,2343 941,2344 1373,2351 1577,2366 1847,2356 2301,2352 2373,2368"/>
        <Word id="w_w2aab1b3b2c15b1ab1">
          <Coords points="678,2234 2373,2234 2373,2400 678,2400"/>
          <TextEquiv>
            <Unicode>Sans jalouſie &amp; ſans foibleſſe;</Unicode>
          </TextEquiv>
          <TextStyle fontFamily="Times New Roman" fontSize="7.5" italic="true"/>
        </Word>
      </TextLine>
      <TextLine id="tl_14" primaryLanguage="English" custom="structure {type:default;} readingOrder {index:1;}">
        <Coords points="230,2380 2832,2380 2832,2562 230,2562"/>
        <Baseline points="230,2497 526,2496 1144,2500 1332,2505 1592,2556 1822,2510 2152,2505 2342,2508 2832,2496"/>
        <Word id="w_w2aab1b3b2c15b3ab1">
          <Coords points="230,2380 2832,2380 2832,2562 230,2562"/>
          <TextEquiv>
            <Unicode>Nous chanterons un Roy qui borne ſes ſouhaits</Unicode>
          </TextEquiv>
          <TextStyle fontFamily="Times New Roman" fontSize="7.5" italic="true"/>
        </Word>
      </TextLine>
      <TextLine id="tl_15" primaryLanguage="English" custom="structure {type:default;} readingOrder {index:2;}">
        <Coords points="681,2544 2330,2544 2330,2678 681,2678"/>
        <Baseline points="681,2659 802,2659 1233,2655 1361,2657 1721,2659 1832,2662 1977,2662 2167,2657 2329,2678"/>
        <Word id="w_w2aab1b3b2c15b5ab1">
          <Coords points="681,2544 2330,2544 2330,2678 681,2678"/>
          <TextEquiv>
            <Unicode>A donner le calme à la terre;</Unicode>
          </TextEquiv>
        </Word>
      </TextLine>
    </TextRegion>
    <TextRegion type="paragraph" id="r_2_9" custom="readingOrder {index:9;}">
      <Coords points="675,2701 2296,2701 2296,2863 675,2863"/>
      <TextLine id="tl_16" primaryLanguage="English" custom="structure {type:default;} readingOrder {index:0;}">
        <Coords points="676,2702 2295,2702 2295,2862 676,2862"/>
        <Baseline points="676,2809 961,2850 1079,2810 1515,2812 1727,2815 2295,2834"/>
        <Word id="w_w2aab1b3b2c17b1ab1">
          <Coords points="676,2702 2295,2702 2295,2862 676,2862"/>
          <TextEquiv>
            <Unicode>Preſt à quitter ſon tonnerre,</Unicode>
          </TextEquiv>
          <TextStyle fontFamily="Times New Roman" fontSize="7.5" italic="true"/>
        </Word>
      </TextLine>
    </TextRegion>
    <TextRegion type="paragraph" id="r_2_10" custom="readingOrder {index:10;}">
      <Coords points="422,2851 2464,2851 2464,3173 422,3173"/>
      <TextLine id="tl_17" primaryLanguage="English" custom="structure {type:default;} readingOrder {index:0;}">
        <Coords points="673,2852 2066,2852 2066,3021 673,3021"/>
        <Baseline points="674,2963 796,2963 980,2964 1450,2966 1614,2969 1766,2969 2066,2971"/>
        <Word id="w_w2aab1b3b2c19b1ab1">
          <Coords points="673,2852 2066,2852 2066,3021 673,3021"/>
          <TextEquiv>
            <Unicode>Si les ennemis de la paix</Unicode>
          </TextEquiv>
          <TextStyle fontFamily="Times New Roman" fontSize="7.5" italic="true"/>
        </Word>
      </TextLine>
      <TextLine id="tl_18" primaryLanguage="English" custom="structure {type:default;} readingOrder {index:1;}">
        <Coords points="423,3003 2463,3003 2463,3172 423,3172"/>
        <Baseline points="423,3116 615,3112 753,3113 1255,3123 1363,3123 1623,3121 1915,3122 2051,3123 2463,3120"/>
        <Word id="w_w2aab1b3b2c19b3ab1">
          <Coords points="423,3003 2463,3003 2463,3172 423,3172"/>
          <TextEquiv>
            <Unicode>Ne le forçoient à leur faire la guerre.</Unicode>
          </TextEquiv>
          <TextStyle fontFamily="Times New Roman" fontSize="7.5" italic="true"/>
        </Word>
      </TextLine>
    </TextRegion>
    <TextRegion type="paragraph" id="r_2_11" custom="readingOrder {index:11;}">
      <Coords points="1109,3213 2124,3213 2124,3320 1109,3320"/>
      <TextLine id="tl_19" primaryLanguage="English" custom="structure {type:default;} readingOrder {index:0;}">
        <Coords points="1110,3214 2123,3214 2123,3319 1110,3319"/>
        <Baseline points="1110,3313 1295,3311 2122,3311"/>
        <Word id="w_w2aab1b3b2c21b1ab1">
          <Coords points="1110,3214 2123,3214 2123,3319 1110,3319"/>
          <TextEquiv>
            <Unicode>LE CHOEUR.</Unicode>
          </TextEquiv>
          <TextStyle fontFamily="Times New Roman" fontSize="8.0" bold="true"/>
        </Word>
      </TextLine>
    </TextRegion>
    <TextRegion type="paragraph" id="r_2_12" custom="readingOrder {index:12;}">
      <Coords points="236,3387 2907,3387 2907,3699 236,3699"/>
      <TextLine id="tl_20" primaryLanguage="English" custom="structure {type:default;} readingOrder {index:0;}">
        <Coords points="237,3388 2906,3388 2906,3580 237,3580"/>
        <Baseline points="237,3509 785,3529 1291,3523 1463,3522 1707,3571 1912,3530 2385,3538 2746,3534 2905,3550"/>
        <Word id="w_w2aab1b3b2c23b1ab1">
          <Coords points="237,3388 2906,3388 2906,3580 237,3580"/>
          <TextEquiv>
            <Unicode>Chantons, chantons un Roy qui borne ſes souhaits,</Unicode>
          </TextEquiv>
        </Word>
      </TextLine>
      <TextLine id="tl_21" primaryLanguage="English" custom="structure {type:default;} readingOrder {index:1;}">
        <Coords points="678,3558 2301,3558 2301,3698 678,3698"/>
        <Baseline points="678,3671 801,3671 1211,3673 1343,3675 1697,3677 1797,3683 1941,3680 2229,3683 2301,3698"/>
        <Word id="w_w2aab1b3b2c23b3ab1">
          <Coords points="678,3558 2301,3558 2301,3698 678,3698"/>
          <TextEquiv>
            <Unicode>A donner le calme à la terre;</Unicode>
          </TextEquiv>
          <TextStyle fontFamily="Times New Roman" fontSize="7.5" italic="true"/>
        </Word>
      </TextLine>
    </TextRegion>
    <TextRegion type="paragraph" id="r_2_13" custom="readingOrder {index:13;}">
      <Coords points="677,3713 2281,3713 2281,3877 677,3877"/>
      <TextLine id="tl_22" primaryLanguage="English" custom="structure {type:default;} readingOrder {index:0;}">
        <Coords points="678,3714 2280,3714 2280,3876 678,3876"/>
        <Baseline points="678,3825 962,3864 1078,3824 1498,3830 1710,3829 2112,3831 2280,3852"/>
        <Word id="w_w2aab1b3b2c25b1ab1">
          <Coords points="678,3714 2280,3714 2280,3876 678,3876"/>
          <TextEquiv>
            <Unicode>Preſt à quitter ſon tonnerre,</Unicode>
          </TextEquiv>
        </Word>
      </TextLine>
    </TextRegion>
    <TextRegion type="paragraph" id="r_2_14" custom="readingOrder {index:14;}">
      <Coords points="443,3863 2450,3863 2450,4191 443,4191"/>
      <TextLine id="tl_23" primaryLanguage="English" custom="structure {type:default;} readingOrder {index:0;}">
        <Coords points="685,3864 2094,3864 2094,4033 685,4033"/>
        <Baseline points="685,3979 810,3973 995,3978 1479,3980 1663,3985 1811,3985 2093,3987"/>
        <Word id="w_w2aab1b3b2c27b1ab1">
          <Coords points="685,3864 2094,3864 2094,4033 685,4033"/>
          <TextEquiv>
            <Unicode>Si les ennemis de la paix</Unicode>
          </TextEquiv>
          <TextStyle fontFamily="Times New Roman" fontSize="7.5" italic="true"/>
        </Word>
      </TextLine>
      <TextLine id="tl_24" primaryLanguage="English" custom="structure {type:default;} readingOrder {index:1;}">
        <Coords points="444,4011 2449,4011 2449,4190 444,4190"/>
        <Baseline points="444,4130 585,4130 765,4129 1269,4133 1373,4134 1629,4139 1909,4138 2045,4139 2448,4144"/>
        <Word id="w_w2aab1b3b2c27b3ab1">
          <Coords points="444,4011 2449,4011 2449,4190 444,4190"/>
          <TextEquiv>
            <Unicode>Ne le forçoient à leur faire la guerre.</Unicode>
          </TextEquiv>
        </Word>
      </TextLine>
    </TextRegion>
    <TextRegion type="paragraph" id="r_2_15" custom="readingOrder {index:15;}">
      <Coords points="710,4330 2532,4330 2532,4462 710,4462"/>
      <TextLine id="tl_25" primaryLanguage="English" custom="structure {type:default;} readingOrder {index:0;}">
        <Coords points="711,4331 2531,4331 2531,4461 711,4461"/>
        <Baseline points="711,4435 1001,4450 1381,4444 2531,4453"/>
        <Word id="w_w2aab1b3b2c29b1ab1">
          <Coords points="711,4331 2531,4331 2531,4461 711,4461"/>
          <TextEquiv>
            <Unicode>FIN DU PROLOGUE.</Unicode>
          </TextEquiv>
          <TextStyle fontFamily="Times New Roman" fontSize="9.5" bold="true"/>
        </Word>
      </TextLine>
    </TextRegion>
    <SeparatorRegion id="r_3" custom="readingOrder {index:16;}">
            <Coords points="3829,0 3854,0 3854,1488 3829,1488"/>
        </SeparatorRegion>
  </Page>
</PcGts>
