3854 5648
698 324 2582 452 8 MEDUSE,

1744 523 2652 629 MELANTE.

1040 710 3233 893 Qui peut troubler un ſort ſi glorieux?

1365 881 3017 1044 Eſt-ce la Princeſſe Iſmenie,

1363 1036 3361 1192 Qui receut de la main des Dieux,

1359 1201 2928 1370 Vne beauté digne d'envie?

1366 1359 3016 1540 Par respect elle s’eſt bannie,

708 1522 3179 1706 Et ne balance plus le pouvoir de vos yeux.

1777 1762 2605 1867 ORPHISE.

1037 1896 3207 2067 Eſt-ce Minerve adorée en ces lieux?

713 2056 3136 2236 C'eſt le plus digne objet de voſtre jalouſie.

1736 2229 2634 2333 MELANTE.

1036 2366 3252 2545 Qui peut troubler un ſort ſi glorieux?

894 2526 3359 2707 Quand vous pouvez avec une immortelle,

1367 2695 2989 2864 Diſputer aux yeux de tous,

1363 2853 3047 3028 La gloire d'eſtre la plus belle;

711 3012 3446 3184 Dans ce fameux combat entre Pallas & vous,

1362 3178 3152 3350 Neptune prend voſtre querelle.

1838 3350 2578 3451 MEDUSE.

1370 3486 3357 3664 Quand Neptune eſt contre Pallas,

713 3647 3631 3822 Il en croit moins l'amour qu'il a pour mes appas,

1365 3808 3136 3984 Que la haine qu'il a pour elle:

676 3960 3496 4154 J'ay d'autres deplaiſirs que vous ne ſçavez pas.

1374 4132 3340 4304 Mais vous diray-je ma foibleſſe?

1372 4285 2753 4464 Perſée adore la Deeſſe,

717 4448 3459 4638 Et luy donne à mes yeux le prix de la beauté;

919 4610 3311 4797 C'eſt un affront qui tourmente ſans ceſſe,

1037 4783 2796 4957 Ma delicate & jalouſe fierté.

3144 4963 3692 5076 ORPHISE
