3854 5610
654 308 2556 461 26 MEDUSE,

1513 552 2760 672 PERSE’E continuë.

991 767 3474 963 Arrêtez, arrêteZ, & craignez ma fureur.

1735 1038 2554 1150 NEPTUNE.

682 1249 3635 1454 Veux-tu combattre un Dieu? cruelle eſt ton inſo¬

842 1457 1203 1573 lence!

1823 1594 2482 1709 PERSE’E.

682 1726 3524 1920 Non, je voy ma foibleſſe, & je ſens ta preſence.

1014 1882 3528 2077 Maiſtre des Dieux ne m'abandonnez pas;

1344 2049 3045 2230 VangeZ les Autels de Pallas

1345 2211 2999 2394 Et la gloire de ma naiſſance.

791 2399 3654 2549 Le Ciel s’obſcurcit, il éclaire, il tonne, la Suite de Perſée

705 2573 1051 2660 revient.

1567 2745 2788 2870 PERSE’E continuë.

1357 2974 2924 3160 Que de feux, que d'éclairs

1362 3141 2814 3278 S’allument dans les airs!

1713 3351 2667 3464 LE CHOEUR.

1364 3487 2872 3672 Que de feux, que d’éclairs

1372 3647 2793 3784 S’allument dans les airs.

1426 3849 2993 3989 NEPTUNE en s’en allant.

734 4080 3312 4292 Triomphe, Jupiter, malgré toy ma Princeſſe

739 4243 3077 4450 A receu les honneurs offerts à la Deeſſe.
