3854 5610
825 307 949 391 24

1923 257 2673 359 MEDUSE.

1911 447 2677 553 MINERVE.

1469 637 3115 801 Plein d'un ſi beau ſentiment

1471 799 3249 967 Vn grand cœur peut noblement

1467 961 2855 1121 Se livrer à la tendreſſe,

1465 1123 3071 1295 Un amour qui fuit le repos,

1463 1285 3119 1449 Et s’accorde avec la ſageſſe,

1461 1447 3095 1607 Bien loin d'eſtre la foibleſſe,

1465 1611 2831 1775 Eſt la gloire des Heros.

1105 2325 3479 2511 SCENE CINQUIE’ME.

813 2587 3729 2745 PERSE’E, ſa Suite entre dans le Temple où eſt

1129 2749 3427 2909 la Statuë de Pallas, & porte des preſens

1855 2907 2669 3029 ſur ſon Autel.

1243 3157 3339 3267 UN MINISTRE DU TEMPLE.

819 3383 3081 3683 Rien n'eſt ſi charmant que Pallas:

1103 3545 2547 3717 Jupiter qui la fit ſi belle,

1451 3705 3193 3873 Prit plaiſir d’aſſembler en elle,

1443 3869 3049 4031 Et les vertus & les appas,

805 4027 3707 4193 Que l'on voit ſeparez, dans la Troupe immortelle;

1465 4187 3031 4349 La grace avec la majeſté,

1447 4353 3037 4517 Le ſçavoir & la puiſſance,

1443 4509 3045 4675 La valeur & la prudence,

1447 4673 2787 4839 La ſageſſe & la beauté.

3317 4847 3717 4955 SCENE
