3854 5610
732 292 2568 425 16 MEDUSE,

1590 448 2802 556 UNE NEREIDE.

1225 585 3019 757 Si du nom de Reyne ou de belle

1067 747 2907 912 Le choix eſtoit en noſtre liberté,

1218 905 2953 1074 Je connois plus d'une mortelle,

1064 1067 3034 1237 Qui donneroit le prix à la beauté.

1765 1233 2634 1340 PALEMON.

739 1370 3181 1543 Neptune vient troubler la feſte de Pallas,

1386 1536 2707 1708 Deffier toute ſa colere,

1380 1688 2964 1867 Et braver Jupiter ſon pere,

1377 1856 3038 2025 Pour la gloire de vos appas.

1819 2019 2579 2123 MEDUSE.

736 2148 3669 2337 Ah! que c'eſt pour ma gloire une douceur extrême,

1382 2318 3404 2498 Quand elle eſt en ſi grand danger,

1373 2478 3152 2647 De voir qu'on peut la degager,

1207 2637 3449 2808 Par le ſecours d'un Dieu qui m'aime!

1817 2803 2571 2905 CHOEUR.

1046 2939 3141 3111 Que voſtre ſort doit faire de jaloux?

1364 3100 3148 3265 Un Dieu ſe declare pour vous.

1685 3259 2680 3410 Un de la Troupe.

1209 3403 3229 3577 Vivez ſur la foy de vos charmes,

1198 3565 3067 3729 Sans jalouſie & ſans allarmes,

1206 3723 2758 3888 Voſtre gloire eſt en ſeureté.

1197 3885 3010 4047 Un Heros ſert une immortelle;

1031 4045 3325 4208 Mais vous avez pour vous contre elle,

1185 4197 3229 4337 Un Dieu, l'Amour, & la Beauté.

1782 4367 2538 4475 CHOEUR.

1016 4499 3140 4671 Que voſtre ſort doit faire de jaloux?

1343 4664 3102 4831 Un Dieu ſe declare pour vous.

1433 4822 2881 4916 FIN DU PREMIER ACTE.
