3854 5360
1118 200 3023 333 TRAGEDIE. 23

1303 458 1904 562 PERSE’E.

791 629 2607 813 Je vous entens, adorable Deeſſe,

775 795 2371 976 Je ne dois écouter que vous:

778 943 2671 1127 J'aime, mais ce penchant ſi doux

794 1099 2644 1275 Qui m'entraîne vers la princeſſe,

489 1250 2602 1435 Le Ciel veut-il qu’il dépende de nous?

795 1409 2549 1586 Vous eſt-il honteux qu'avec elle

788 1563 2581 1742 Vous partagieZ tous mes deſirs?

196 1715 2974 1900 Vous avez mes reſpects, vous avez, tout mon zele;

191 1867 2746 2052 Est-ce trop qu'Iſmenie ait mes tendres ſoûpirs?

189 2019 2601 2197 Pouvez-vous condamner une flâme ſi belle?

1176 2235 1951 2342 MINERVE.

180 2401 2889 2587 Né pour chercher la gloire au bout de l'Univers,

770 2565 2429 2739 Ne ſçaurois-tu rompre tes fers

763 2719 2300 2882 Par une heureuſe violence?

759 2873 2462 3051 Et crois-tu qu’il te ſoit permis,

597 3011 2637 3203 Pour éviter les rigueurs de l’abſence,

168 3165 2754 3364 D'oublier ce grand nom que le Ciel t’a promis?

1200 3471 1775 3577 PERSE’E.

163 3661 2621 3847 Malgré l'attachement de mon ardeur fidelle,

714 3814 2279 4006 Je pars ſi la gloire m’appelle.

750 3976 2662 4165 Plein du deſir d'un prompt retour;

409 4115 2328 4298 Je voleray de victoire en victoire,

431 4283 2555 4468 Et mes exploits hâtez, par mon amour,

437 4437 2427 4633 M'abregeront le chemin de la gloire.
