3854 5360
2893 331 2984 392 21

1107 267 2032 394 TRAGEDIE.

1183 484 1940 592 ISMENIE.

783 674 2344 842 Prince, par cet emportement

787 822 2284 997 Vous offenſeZ noſtre Deeſſe.

1259 1035 1886 1143 PERSE’E.

193 1162 2969 1352 Quand le plus grand des maux menace ma ten¬

326 1332 657 1481 dreſſe,

388 1474 2694 1657 L'Amour au deſeſpoir agit-il autrement?

1231 1688 1904 1791 ISMENIE.

186 1876 2722 2060 La raiſon doit regler les tranſports d'un amant.

1250 2109 1849 2217 PERSE’E.

182 2294 2949 2484 La raiſon parle en vain quand l'amour eſt extrême,

308 2451 2660 2633 Et ce n'eſt qu'à l'Amour que le cœur obeït.

753 2609 2520 2784 Peut on écouter quand on aime

745 2761 2487 2935 Tout ce que la raiſon nous dit?

1213 2974 1858 3077 ISMENIE.

171 3141 2629 3329 Ah! ſi pour s'épargner d'importunes allarmes

178 3300 2581 3472 On bannit la raiſon en faveur de l'Amour;

744 3459 2497 3633 Que de repentirs, que de larmes

746 3609 2454 3781 Quand la raiſon eſt de retour!

173 3754 2604 3951 Vers le Temple je voy le peuple qui ſe preſſe.

443 3912 2433 4085 Fuyons des jeux ennemis ou jaloux,

443 4062 2507 4254 Et vous alleZ aux pieds de la Deeſſe

731 4217 2256 4395 Attirer ſes bonteZ ſur nous.
