4267 7116
1298 635 3911 928 l’on explique celles-cy par

1293 891 3882 1180 le mouvement du ſang, par

1291 1155 3881 1428 celuy des fibres & des arteres,

1294 1419 3927 1692 quittent; un Auteur de tout,

1285 1683 1990 1867 le reſte.

1548 1941 3925 2144 Il s’en trouve d’un troi¬

1278 2191 3932 2476 ſiéme ordre, qui perſua¬

1273 2463 3870 2732 dez que toute doctrine des

1276 2719 3861 2936 mœurs doit tendre à les re¬

1255 2967 3864 3220 former, à diſcerner les bon¬

1257 3235 3927 3496 nes d’avec les mauvaiſes,

1264 3491 3857 3712 & à démêler dans les hom¬

1251 3759 3848 4036 mes ce qu’il y a de vain,

1250 4011 3843 4240 de foible & de ridicule, d’a¬

1236 4279 3858 4556 vec ce qu’ils peuvent avoir

1243 4535 3912 4780 de bon, de ſain & de loüable,

1234 4795 3911 5072 ſe plaiſent infiniment dans

1232 5059 3834 5332 la lecture des livres, qui

1223 5319 3828 5596 ſuppoſant les principes phy¬

1222 5579 3827 5860 ſiques & moraux rebatus par
