4267 7162
966 390 2300 670 ſur Theophraſte.

353 654 2974 914 les anciens & les modernes,

355 918 2964 1194 ſe jettent d’abord dans leur

353 1182 2959 1470 application aux mœurs du

348 1438 2953 1730 temps, corrigent les hom¬

346 1702 2952 1982 mes les uns par les autres

333 1958 2946 2254 par ces images de choſes

339 2226 2945 2510 qui leur ſont ſi familieres,

338 2490 2943 2694 & dont neanmoins ils ne

336 2750 2937 3030 s’aviſoient pas de tirer leur

327 3022 1396 3209 inſtruction.

533 3275 2918 3490 Tel eſt le traité des Cara¬

327 3542 2925 3814 cteres des mœurs que nous a

322 3798 2915 4086 laiſſé Theophraſte; il l’a pui¬

320 4050 2906 4342 ſé dans les Ethiques & les

318 4322 2904 4598 grandes Morales d’Ariſto¬

309 4582 2906 4870 te dont il fut le diſciple: les

311 4842 2897 5134 excellentes définitions que

310 5102 2895 5326 l’on lit au commencement

308 5362 2886 5658 de chaque Chapitre ſont

303 5618 2888 5850 établies ſur les idées & ſur

1821 5935 2274 6162 A vj
