4267 7147
2227 550 2933 823 Diſcours

1253 812 3854 1109 tint toûjours un commerce

1248 1038 3855 1381 étroit avec ce Philoſophe. Il

1263 1299 3853 1575 mourut enfin accablé d’an¬

1264 1554 3842 1895 nées & de fatigues & il

1260 1814 3853 2091 ceſſa tout à la fois de tra¬

1260 2083 3849 2355 vailler & de vivre: toute

1260 2334 3854 2668 la Grece le pleura, & tout

1263 2595 3855 2942 le peuple Athenien aſſiſta à

1260 2894 2634 3135 ſes funerailles.

1496 3121 3862 3447 L’on raconte de luy que

1267 3376 3861 3655 dans ſon extrême vieilleſſe

1264 3638 3863 3983 ne pouvant plus marcher à

1267 3880 3863 4243 pied, il ſe faiſoit porter en

1271 4157 3863 4494 littiere par la ville, où il

1276 4418 3863 4756 eſtoit vu du peuple à qui il

1276 4672 3860 4944 eſtoit ſi cher. L’on dit auſſi

1272 4932 3895 5284 que ſes diſciples qui en¬

1279 5192 3858 5534 touroient ſon lit lors qu’il

1288 5453 3862 5781 mourut, luy ayant deman¬

1271 5717 3861 5996 dé s'il n'avoit rien à leur
