4267 7170
2202 426 2910 686 Diſcours

1270 678 3866 870 naïve dont tous les cara¬

1274 934 3870 1202 cteres y ſont exprimez, &

1266 1202 3870 1454 la comparant d’ailleurs avec

1266 1458 3874 1646 celle du Poëte Menandre

1262 1718 3874 1982 diſciple de Theophraſte, &

1258 1954 3874 2238 qui ſervit enſuite de mo¬

1258 2238 3874 2502 dele à Terence, qu’on a

1262 2498 3882 2742 dans nos jours ſi heureuſe¬

1262 2758 3878 3022 ment imité, ne peuvent

1266 3022 3878 3290 s'empêcher de reconnoiſtre

1270 3278 3882 3550 dans ce petit ouvrage la pre¬

1270 3538 3882 3730 miere ſource de tout le co¬

1286 3810 3878 4066 mique, je dis de celuy qui eſt

1274 4058 3890 4326 épuré des pointes, des obſce¬

1274 4322 3878 4594 nitez, des équivoques, qui eſt

1266 4586 3882 4850 pris dans la nature, qui fait

1270 4842 3878 5118 rire les ſages & les vertueux.

1474 5118 3878 5370 Mais peut-eſtre que pour

1266 5366 3874 5558 relever le merite de ce traité

1270 5622 3866 5894 des Caracteres, & en inſpi¬
