4267 7202
941 391 2278 677 ſur Theophraſte.

366 670 2986 949 mes par un ſeul ouvrage de

370 934 2982 1137 morale? Les uns cherchent

370 1194 2979 1437 des definitions, des diviſions,

367 1458 2987 1693 des tables, & de la metho¬

367 1722 2987 1989 de; ils veulent qu’on leur

367 1982 2992 2253 explique ce que c’eſt que la

368 2246 2992 2513 vertu en general, & cette

368 2510 2992 2781 vertu en particulier; quelle

376 2766 2989 2965 difference ſe trouve entre la

377 3026 2985 3301 valeur, la force & la magna¬

377 3294 2989 3509 nimité, les vices extrêmes

385 3554 2990 3825 par le defaut ou par l’excés

390 3814 2998 4089 entre leſquels chaque vertu

390 4070 2998 4349 ſe trouve placée, & duquel

394 4342 2999 4533 de ces deux extrêmes elle

395 4606 2999 4877 emprunte davantage: tou¬

403 4866 3003 5057 te autre doctrine ne leur

400 5126 3008 5397 plaiſt pas. Les autres con¬

404 5390 3004 5653 tents que l'on réduiſe les

408 5654 3009 5925 mœurs aux paſſions, & que

2097 5935 2477 6115 A v
