4267 7218
2271 414 3001 693 Diſcours

1316 696 3953 965 les principes de ce grand

1359 948 3956 1225 Philoſophe, & le fond des

1351 1208 3963 1481 caracteres qui y ſont décrits,

1350 1476 3971 1749 ſont pris de la meſme ſour¬

1350 1732 3970 2005 ce; il eſt vray qu’il ſe les rend

1353 2000 3970 2281 propres par l’étenduë qu’il

1349 2268 3969 2537 leur donne, & par la ſatyre

1348 2532 3969 2809 ingenieuſe qu’il en tire con¬

1352 2796 3964 3033 tre les vices des Grecs, &

1347 3052 3584 3253 ſur tout des Atheniens.

1571 3340 3975 3589 Ce Livre ne peut gueres

1346 3584 3971 3853 paſſer que pour le commen¬

1349 3848 3978 4125 cement d’un plus long ou¬

1349 4108 3985 4385 vrage que Theophraſte avoit

1376 4384 3985 4645 entrepris. Le projet de ce

1372 4632 3984 4909 Philoſophe, comme vous

1359 4896 3984 5169 le remarquerez dans ſa Pre¬

1371 5156 3979 5397 face, eſtoit de traiter de

1374 5428 3983 5669 toutes les vertus, & de tous

1366 5676 3978 5917 les vices; Et comme il aſ¬
