4267 7162
992 439 2341 717 ſur Theophraſte.

425 710 3033 981 bler; que juſques dans la

421 970 3029 1178 Chaire l’on ſe croit obli¬

414 1226 3034 1514 gé ſouvent de ſuſpendre l’E¬

406 1502 3026 1770 vangile pour les prendre par

402 1766 3035 1998 leur foible, & les ramener

403 2018 3031 2290 à leurs devoirs par des cho¬

395 2282 3011 2554 ſes qui ſoient de leur gouſt

399 2551 1944 2822 & de leur portée.

636 2810 3008 3001 La Cour ou ne connoiſt

392 3066 2997 3346 pas la ville, ou par le mé¬

401 3334 3005 3602 pris qu’elle a pour elle ne¬

389 3590 3005 3866 glige d’en relever le ridicu¬

381 3842 3006 4118 le, & n’eſt point frapée des

394 4090 3002 4386 images qu'il peut fournir;

394 4378 3003 4646 & ſi au contraire l’on peint

387 4638 2991 4874 la Cour, comme c’eſt toû¬

379 4906 3003 5174 jours avec les ménagemens

383 5162 2992 5422 qui luy ſont dûs; la ville

388 5422 2992 5698 ne tire pas de cet ébauche

384 5682 2996 5966 de quoy remplir ſa curioſi¬

1837 5975 2345 6207 A iiij
