4267 7116
2167 460 2888 711 Diſcours

1274 716 3871 924 mœurs. Les femmes au con¬

1284 980 3877 1260 traire, les gens de la Cour,

1299 1260 3892 1520 & tous ceux qui n'ont que

1302 1488 3895 1772 beaucoup d’eſprit ſans éru¬

1297 1756 3910 2036 dition, indifferens pour tou¬

1307 2016 3921 2292 tes les choſes qui les ont

1306 2276 3915 2556 précedé ſont avides de cel¬

1325 2536 3930 2816 les qui ſe paſſent à leurs

1328 2796 3929 3076 yeux, & qui ſont comme

1335 3056 3932 3288 ſous leur main; ils les exa¬

1341 3316 3939 3568 minent, ils les diſcernent,

1336 3580 3945 3860 ils ne perdent pas de veuë

1347 3840 3948 4120 les perſonnes qui les entou¬

1350 4100 3959 4340 rent, ſi charmez des deſcri¬

1349 4364 3958 4636 ptions & des peintures que

1352 4616 3965 4828 l'on fait de leurs contem¬

1358 4884 3959 5152 porains, de leurs conci¬

1365 5148 3990 5421 toyens, de ceux enfin qui

1364 5396 3969 5676 leur reſſemblent, & à qui

1359 5656 3972 5945 ils ne croyent pas reſſem¬
