4267 7210
2149 346 2873 626 Diſcours

1198 583 3909 928 quatre-vingt quinze années,

1195 843 3933 1185 ou dans les premiers ma¬

1191 1099 3838 1438 nuſcrits qui ont eſté faits

1184 1363 3834 1702 de cet Hiſtorien; s’il eſt vray

1180 1627 3883 1968 d’ailleurs que les quatre¬

1177 1879 3823 2234 vingt dix-neuf ans que cet

1183 2151 3832 2418 Auteur ſe donne dans cet¬

1173 2403 3808 2758 te Preface, ſe liſent égale¬

1162 2679 3801 3010 ment dans quatre manuſ¬

1151 2934 3801 3278 crits de la Bibliotheque Pala¬

1131 3198 3806 3542 tine; c’eſt là que l’on a trou¬

1132 3454 3794 3806 vé les cinq derniers Chapi¬

1134 3726 3783 4002 tres des Caracteres de Theo¬

1124 3986 3831 4331 phraſte qui manquoient aux

1121 4250 3772 4598 anciennes impreſſions, &

1118 4514 3760 4849 que l’on a vû deux titres,

1106 4778 3800 5127 l’un du goût qu’on a pour

1094 5042 3749 5385 les vicieux, l’autre du gain

1099 5298 3738 5645 ſordide, qui ſont ſeuls, &

1095 5566 3741 5921 dénuez de leurs Chapitres.
