4267 7123
1030 363 2393 643 ſur Theophraſte.

700 626 3042 901 Ainſi cet ouvrage n’eſt

450 878 3060 1175 peut-eſtre meſme qu’un ſim¬

444 1138 3058 1427 ple fragment, mais cepen¬

446 1398 3060 1687 dant un reſte précieux de

440 1659 3022 1947 l'antiquité, & un monu¬

426 1910 3043 2135 ment de la vivacité de l’eſ¬

428 2172 3060 2469 prit & du jugement ferme &

430 2430 3052 2723 ſolide de Philoſophe dans

436 2687 3022 2983 un âge ſi avancé: En ef¬

434 2950 3044 3215 fet il a toûjours eſté lû com¬

440 3210 3053 3435 me un chef-d'œuvre dans

434 3474 3056 3759 ſon genre: il ne ſe voit

444 3722 3046 4019 rien où le goût Attique ſe

430 3982 3076 4271 faſſe mieux remarquer, &

448 4242 3050 4535 où l’élegance Grecque écla¬

442 4498 3092 4791 te davantage: on l’a appellé

448 4770 3042 5031 un livre d’or: les Sçavans

446 4999 3035 5243 faiſant attention à la diver¬

444 5270 3098 5567 ſité des mœurs qui y ſont

446 5538 3048 5803 traitées, & à la maniere
