4267 7116
2121 465 2873 727 Diſcours

1228 716 3829 977 té, & ſe faire une juſte idée

1220 976 3844 1261 d’un pays où il faut meſme

1235 1244 3832 1517 avoir vêcu pour le cõnoiſtre.

1415 1505 3839 1777 D'autre part il eſt naturel

1242 1768 3839 2029 aux hommes de ne point

1242 2016 3854 2221 convenir de la beauté ou

1238 2280 3854 2477 de la délicateſſe d’un trait

1237 2540 3857 2809 de morale qui les peint, qui

1244 2792 3841 3073 les déſigne, & où ils ſe re¬

1236 3064 3856 3277 connoiſſent eux-meſmes; ils

1244 3320 3856 3517 ſe tirent d’embarras en le

1259 3580 3863 3853 condamnant, & tels n’ap¬

1262 3828 3863 4109 prouvent la ſatyre, que lorſ¬

1270 4100 3866 4365 que commençant à lâcher

1270 4356 3862 4633 priſe & à s’éloigner de leurs

1265 4612 3862 4885 perſonnes, elle va mordre

1273 4872 2621 5139 quelque autre.

1552 5133 3869 5409 Enfin quelle apparence

1280 5396 3864 5665 de pouvoir remplir tous les

1267 5648 3864 5925 goûts ſi differens des hom¬
