4267 7123
933 488 1274 792 ſur Theophraſte.

370 701 2982 989 il ſe declara de cette manie¬

376 981 2972 1300 re: Il feignit peu de temps

380 1236 2982 1564 aprés que ſes diſciples luy

382 1493 2983 1813 eurent fait cette priere &

392 1756 2988 2073 en leur preſence, que le vin.

383 2000 2993 2344 dont faiſoit un uſage or¬

388 2277 2990 2576 dinaire luy eſtoit nuiſible,

396 2536 2994 2859 il ſe fit apporter des vins de

397 2785 2988 3130 Rhodes & de Leſbos, il goû¬

405 3034 2996 3380 ta de tous les deux, dit qu'ils

416 3321 3016 3626 ne dementoient point leur

429 3571 3017 3883 terroir, & que chacun dans

431 3836 3031 4153 ſon genre eſtoit excellent,

451 4097 3029 4408 que le premier avoit de la

449 4353 3037 4662 force, mais que celuy de

463 4615 3039 4921 Leſbos avoit plus de dou¬

467 4874 3049 5182 ceur, & qu’il luy donnoit

473 5124 3053 5444 la préference: Quoy qu'il

495 5382 3071 5696 en ſoit de ce fait qu’on lit

480 5650 3073 5966 dans Aulugelle, il eſt cer¬
