4267 7108
942 524 2259 838 ſur Theophraſte.

342 754 2897 1085 recommander, il leur tint

335 987 3085 1324 ce diſcours : La vie nous „

327 1282 3075 1629 ſeduit, elle nous promet „

302 1573 3083 1851 de grands plaiſirs dans la „

311 1806 3072 2124 poſſeſſion de la gloire; mais „

313 2053 3070 2337 à peine commence-t’on à „

296 2335 3070 2618 vivre, qu’il faut mourir: „

290 2556 3056 2931 il n’y a ſouvent rien de plus „

291 2838 3051 3135 ſterile que l’amour de la re¬ „

279 3143 3046 3406 putation. Cependant, mes „

275 3335 3037 3644 diſciples, contentez-vous: „

268 3590 3031 3935 ſi vous negligez l’eſtime „

261 3862 3026 4165 des hommes, vous vous „

251 4114 3019 4417 épargnez à vous-meſmes de „

249 4397 3009 4678 grands travaux; s'ils ne re¬ „

250 4637 2998 4942 butent point voſtre coura¬ „

244 4918 3001 5199 ge, il peut arriver que la „

236 5151 2998 5468 gloire ſera voſtre récom¬ „

232 5417 2986 5710 penſe. Souvenez-vous ſeu¬ „

225 5665 2986 6012 lement qu’il y a dans la vie „

1840 6011 2243 6253 B ij
