4267 7210
2205 455 2939 717 Diſcours

1273 682 3900 1035 tain que lors qu’Ariſtote ac¬

1273 946 3908 1299 cuſé par Eurimedon, Preſtre

1277 1210 3908 1563 de Ceres, d’avoir mal par¬

1257 1477 3904 1819 lé des Dieux, craignant le

1275 1734 3908 2012 deſtin de Socrate voulut ſor¬

1273 1978 3896 2311 tir d’Athenes, & ſe retirer à

1221 2253 3903 2580 Calcis, ville d’Eubée, il aban¬

1261 2514 3887 2843 donna ſon Ecole au Leſbien,

1256 2778 3879 3123 luy confia ſes écrits, à condi¬

1253 3038 3855 3347 tion de les tenir ſecrets; &

1227 3301 3875 3659 c’eſt par Theophraſte que

1247 3566 3871 3919 ſont venus juſques à nous

1247 3834 3883 4176 les Ouvrages de ce grand

1245 4086 2035 4311 homme.

1489 4354 3858 4631 Son nom devint ſi cele¬

1223 4618 3854 4971 bre par toute la Grece, que

1210 4882 3846 5231 ſucceſſeur d’Ariſtote il put

1212 5154 3841 5423 conter bien-tôt dans l’E¬

1202 5410 3833 5755 cole qu’il luy avoir laiſſée

1200 5664 3833 5993 juſques à deux mil diſciples.
