4267 7032
1061 491 2283 784 de Theophraſte.

467 743 3020 1015 flatteuſes pour adoucir ceux qui

469 959 3041 1231 ſe plaignent de luy, & qui ſont

465 1178 3022 1443 aigris par les injures qu’ils en ont

463 1388 3018 1647 receuës. S’il arrive que quel¬

467 1597 3023 1864 qu’un l’aborde avec empreſſe¬

464 1796 3028 2055 ment, il feint des affaires, &

461 2014 3017 2292 luy dit de revenir une autrefois;

462 2232 3039 2503 il cache ſoigneuſement tout ce

463 2441 3031 2709 qu’il fait, à l’entendre par¬

468 2659 3035 2912 ler, on croiroit toûjours qu’il

469 2861 3033 3129 delibere; il ne parle point indif¬

469 3073 3037 3336 feremment, il a ſes raiſons pour

478 3278 3035 3550 dire tantoſt qu’il ne fait que re¬

475 3500 3039 3762 venir de la campagne, tantoſt

480 3702 3037 3981 qu’il eſt arrivé à la ville fort

481 3907 3041 4179 tard, & quelquefois qu’il eſt

478 4161 3038 4404 languiſſant, ou qu il a une mau¬

483 4340 3043 4565 vaiſe ſanté. Il dit à celuy qui luy

488 4551 3036 4822 emprunte de l’argent à intereſt,

484 4748 3050 5032 ou qui le prie de contribuer * de

489 4963 3054 5216 ſa part à une ſomme que ſes

488 5206 3051 5432 amis conſentent de luy preſter;

488 5392 3054 5669 qu’il ne vend rien, qu’il ne s’eſt

479 5607 3059 5876 jamais veu ſi dénué d’argent;

489 5843 3063 6091 pendant qu’il dit aux autres que

2038 6052 2418 6256 C vj
