4267 7131
1093 376 2428 656 ſur Theophraſte.

492 627 3087 916 ſure luy-meſme dans cet

496 895 3091 1184 endroit qu’il commence un

515 1147 3098 1452 ſi grand deſſein à l’âge de

510 1403 3105 1708 quatre-vingt dix-neuf ans,

509 1679 3112 1968 il y a apparence qu’une

505 1919 3120 2224 prompte mort l’empêcha de

512 2179 3111 2480 le conduire à ſa perfection.

515 2447 3110 2744 J’avoüe que l’opinion com¬

522 2695 3117 2988 mune a toûjours eſté qu’il

522 2955 3125 3264 avoit pouſſé ſa vie au delà de

529 3219 3131 3468 cent ans; & ſaint Jerôme

528 3475 3135 3776 dans une Lettre qu’il écrit

539 3735 3147 4040 à Nepotien aſſure qu’il eſt

551 3995 3142 4300 mort à cent ſept ans ac¬

550 4263 3157 4560 complis: de ſorte que je ne

557 4523 3149 4823 doute point qu’il n’y ait eû

561 4783 3151 5003 une ancienne erreur ou dans

556 5035 3151 5340 les chiffres Grecs qui ont ſer¬

571 5303 3154 5607 vi de regle à Diogene Laër¬

571 5567 3166 5859 ce qui ne le fait vivre que
