4267 7032
1123 547 2996 814 de Theophraſte. 61

532 806 2997 1008 me l’a fait entendre, voilà une

532 1018 3001 1244 choſe merveilleuſe, & qui paſſe

535 1238 2996 1428 toute creance, contez cela à

526 1448 2995 1656 d'autres, dois-je vous croire? ou

517 1658 2992 1872 me perſuaderay-je qu’il ne m’ait

514 1854 2991 2082 pas dit la verité? paroles dou¬

513 2076 3006 2277 bles & artificieuſes, dont il faut

512 2278 3011 2507 ſe défier comme de ce qu’il y a

517 2496 2988 2712 au monde de plus pernicieux:

514 2704 2991 2924 ces manieres d’agir ne partent

509 2918 2992 3136 point d’un ame ſimple & droi¬

513 3128 2982 3336 te, mais d’une mauvaiſe volon¬

512 3334 2981 3548 té, ou d’un homme qui veut

507 3542 2986 3758 nuire: le venin des Aſpics eſt

508 3752 1875 3919 moins à craindre.

774 4263 2689 4439 DE LA FLATTERIE.

502 4583 2979 5003 LA flatterie eſt un commer¬

893 4810 2988 5024 ce honteux qui n’eſt utile

508 5006 2983 5218 qu’au flatteur. Si un flatteur ſe

508 5232 2970 5442 promene avec quelqu’un dans

507 5430 2978 5656 la place, remarquez-vous, luy

512 5632 2981 5834 dit-il, cõme tout le monde a les

517 5844 2988 6073 yeux ſur vous? cela n’arrive qu’à
