4267 7202
2157 581 2890 862 Diſcours

1259 799 3886 1162 difference des eſprits des

1257 1069 3900 1427 hommes auſſi prodigieuſe en

1270 1333 3906 1691 eux que celle de leurs vi¬

1264 1589 3916 1960 ſages, qui fait goûter aux

1273 1845 3921 2214 uns les choſes de ſpecula¬

1284 2122 3930 2447 tion, & aux autres celles de

1285 2375 3941 2748 pratique; qui fait que quel¬

1298 2643 3951 3012 ques-uns cherchent dans les

1304 2901 3954 3200 Livres à exercer leur ima¬

1318 3167 3975 3543 gination, quelques autres à

1327 3433 3971 3787 former leur jugement; qu’¬

1345 3690 3996 4039 entre ceux qui liſent, ceux-

1355 3950 3995 4319 cy aiment à eſtre forcez par

1361 4219 4011 4537 la demonſtration, & ceux-

1378 4479 4024 4774 là veulent entendre délica¬

1384 4738 4018 5068 tement, ou former des rai¬

1413 5009 4025 5342 ſonnemens & des conje¬

1403 5261 4047 5612 ctures; je me renferme ſeu¬

1444 5527 4054 5817 lement dans cette ſcience

1454 5798 4063 6165 qui décrit les mœurs, qui
