4267 7123
1186 487 3108 767 58 Les Caracteres

1210 1083 3803 1263 DE LA DISSIMULATION.

1179 1435 3801 1886 LA * diſſimulation n’eſt pas

1600 1639 3806 1840 aiſée à bien définir; ſi l’on

516 1486 1158 1623 * L'Auteur

480 1641 1039 1808 parle de

489 1796 1159 1943 celle qui ne

502 1941 1161 2099 vient pas de

492 2100 1162 2262 la pruden¬

499 2268 1167 2401 ce, & que

489 2412 1085 2545 les Grecs

496 2553 1167 2711 appelloient

481 2716 896 2843 ironie.

1205 1862 3800 2055 ſe contente d'en faire une ſim¬

1198 2070 3797 2323 ple deſcription, l'on peut dire

1196 2285 3806 2539 que c’eſt un certain art de com¬

1201 2511 3799 2751 poſer ſes paroles & ſes actions

1194 2723 3797 2967 pour une mauvaiſe fin. Un hom¬

1201 2939 3802 3159 me diſſimulé ſe comporte de

1202 3151 3795 3335 cette maniere, il aborde ſes en¬

1195 3363 3801 3603 nemis, leur parle & leur fait

1189 3579 3794 3811 croire par cette démarche qu’il

1186 3799 3799 4031 ne les hait point; il loüe ou¬

1187 4011 3792 4235 vertement & en leur preſence

1193 4225 3784 4467 ceux à qui il dreſſe de ſecret¬

1190 4439 3783 4671 tes embuches, & il s’afflige avec

1183 4651 3788 4879 eux s’il leur eſt arrivé quelque

1184 4867 3794 5099 diſgrace; il ſemble pardonner

1170 5079 3779 5307 les diſcours offenſans que l’on

1167 5291 3792 5519 luy tient; il recite froidement

1160 5511 3774 5739 les plus horribles choſes que l’on

1162 5719 3771 5951 aura dites contre ſa reputation,

1163 5943 3772 6179 & il employe les paroles les plus
