4267 7170
2257 453 2984 706 Diſcours

1314 683 3932 1018 nom ne répondant point

1304 943 3914 1281 aſſez à la haute eſtime qu’il

1319 1200 3915 1470 avoit de la beauté de ſon

1294 1467 3912 1806 genie & de ſes expreſſions,

1296 1718 3906 2058 il l’appella Theophraſte,

1287 1983 3907 2250 c’eſt-à-dire un homme dont

1270 2251 3896 2593 le langage eſt divin: Et il

1268 2507 3902 2850 ſemble que Ciceron ait en¬

1271 2771 3887 3037 tré dans les ſentimens de

1266 3027 3885 3369 ce Philoſophe, lorſque dans

1264 3295 3882 3629 le Livre qu’il intitule, Bru¬

1257 3555 3872 3884 tus, ou des Orateurs illuſtres,

1242 3811 3869 4157 il parle ainſi: Qui eſt plus

1236 4074 3870 4417 fecond & plus abondant que

1245 4339 3859 4681 Platon? plus ſolide & plus

1225 4594 3857 5001 ferme qu’Ariſtote? plus

1224 4862 3846 5201 agréable & plus doux que

1217 5122 3847 5457 Theophraſte? Et dans quel¬

1218 5382 3833 5725 ques-unes de ſes Epiſtres à

1208 5658 3830 5989 Atticus on voit que parlant
