4267 7202
2307 510 3028 781 Diſcours

1178 749 3971 1087 „ beaucoup de choſes inutiles,

1188 1027 3974 1356 „ & qu’il y en a peu qui me¬

1190 1273 3982 1540 „ nent à une fin ſolide: ce

1193 1536 3982 1875 „ n’eſt point à moy à délibe¬

1190 1791 3991 2130 „ rer ſur le parti que je dois

1213 2065 3986 2403 „ prendre, il n’eſt plus temps.

1223 2326 4004 2653 „ Pour vous qui avez à me

1225 2591 4010 2907 „ ſurvivre, vous ne ſçauriez

1235 2867 4017 3187 „ peſer trop meurement ce que

1246 3113 4021 3375 „ vous devez faire: & ce fu¬

1244 3377 4025 3707 „ rent là ſes dernieres paroles.

1634 3638 4034 3894 Ciceron dans le troiſiéme

1437 3907 4037 4171 Livre des Tuſculanes dit

1466 4169 4047 4488 que Theophraſte mourant

1453 4430 4050 4758 ſe plaignit de la nature, de

1479 4690 4053 5014 ce qu’elle avoit accordé aux

1497 4954 4061 5213 Cerfs & aux Corneilles une

1500 5218 4057 5540 vie ſi longue, & qui leur

1514 5476 4071 5799 eſt ſi inutile, lorſqu’elle n’a¬

1500 5739 4076 6003 voit donné aux hommes
