4267 7155
1005 550 2357 844 ſur Teophraſte.

437 802 3048 1121 la domination de leur païs

433 1065 3049 1383 il ſe joignit à * Phydias

409 1337 3048 1635 ſon compatriote, contribua

412 1585 3048 1903 avec luy de ſes biens pour

408 1849 3040 2159 armer les bannis qui rentre¬

405 2109 3036 2387 rent dans leur ville, en chaſ¬

389 2361 3028 2642 ſerent les traîtres, & ren¬

389 2629 3024 2866 dirent à toute l'Iſle de Leſ¬

389 2881 1836 3104 bos ſa liberté.

520 3151 3024 3458 Tant de rares qualitez ne

380 3405 3024 3723 luy acquirent pas ſeulement

360 3665 3020 3978 la bienveillance du peuple,

392 3933 3015 4174 mais encore l’eſtime & la fa¬

380 4185 3011 4434 miliarité des Rois: il fut ami

375 4445 3015 4759 de Caſſandre qui avoit ſuc¬

368 4701 3015 4947 cedé à Aridée frere d’Ale¬

375 4969 3011 5263 xandre le Grand au Royau¬

376 5229 3007 5482 me de Macedoine; & Pto¬

347 5481 3007 5795 lomée, fils de Lagus & pre¬

371 5753 2991 6058 mier Roy d’Egypte entre¬

375 6021 2818 6300 *Un Autre que le fameux Sculpteur. B
