4267 7123
1306 507 3158 764 60 Les Caracteres

1292 781 3883 1012 le commerce va le mieux du

1294 988 3878 1270 monde, quoy qu’en effet il ne

1288 1208 3877 1475 vende rien. Souvent aprés avoir

1287 1421 3875 1691 écouté ce que l’on luy a dit, il

1274 1629 3870 1908 veut faire croire qu’il n’y a pas

1281 1841 3873 2075 eu la moindre attention; il feint

1287 2065 3875 2332 de n’avoir pas apperçû les cho¬

1278 2273 3866 2538 ſes où il vient de jetter les yeux,

1285 2485 3869 2753 ou s’il eſt convenu d’un fait, de

1271 2706 3872 2966 ne s’en plus ſouvenir: il n’a

1278 2917 3866 3196 pour ceux qui luy parlent d’af¬

1273 3125 3857 3400 faires, que cette ſeule réponſe,

1267 3342 3867 3620 j’y penſeray: il ſçait de certai¬

1274 3554 3866 3836 nes choſes, il en ignore d’au¬

1273 3770 3860 4006 tres; il eſt ſaiſi d'admiration;

1259 3970 3860 4260 d’autres fois il aura penſé com¬

1262 4199 3862 4457 me vous ſur cet évenement, &

1257 4409 3841 4641 cela ſelon ſes differens intereſts;

1251 4625 3852 4899 ſon langage le plus ordinaire eſt

1249 4841 3854 5114 celuy-cy; je n'en crois rien, je

1252 5055 3849 5332 ne comprends pas que cela puiſ¬

1251 5269 3847 5544 ſe eſtre, je ne ſçay où j’en

1252 5476 3846 5745 ſuis, ou bien, il me ſemble que

1244 5698 3841 5972 je ne ſuis pas moy-meſme; &

1239 5901 3851 6188 enſuite, ce n’eſt pas ainſi qu’il
