4267 7123
925 413 2270 702 ſur Theophraſte.

375 671 2971 935 rer la lecture, il ne ſera

372 928 2972 1253 pas inutile de dire quelque

385 1195 2956 1476 choſe de celuy de leur Au¬

381 1453 2973 1715 teur. Il eſtoit d’Ereſe, ville

386 1707 2966 1979 de Leſbos, fils d’un Foulon;

379 1978 3003 2277 il eut pour premier Maiſtre

388 2236 3000 2532 dans ſon païs un certain Leu¬

397 2483 2994 2796 cipe * qui eſtoit de meſme

390 2745 3018 3027 ville que luy; de-là il paſſa

401 3019 3020 3270 à l’Ecole de Platon, & s'ar¬

3037 2502 3703 2638 * Un autre

3033 2661 3622 2816 que Leu¬

3040 2808 3714 2967 cipe Philo¬

3022 2949 3711 3117 ſophe cele¬

3042 3111 3707 3258 bre, & diſ¬

3043 3263 3718 3425 ciple de Ze¬

3049 3459 3329 3544 non.

403 3273 3016 3498 reſta enſuite à celle d’Ari¬

402 3524 3001 3814 ſtote, où il ſe diſtingua en¬

413 3788 3040 4074 tre tous ſes diſciples: Ce

408 4048 3042 4278 nouveau Maître charmé de la

419 4312 3022 4609 facilité de ſon eſprit & de

422 4572 3008 4789 la douceur de ſon élocu¬

437 4828 3007 5125 tion, luy changea ſon nom,

444 5092 3018 5381 qui eſtoit Tyrtame en celuy

442 5352 3025 5649 d’Euphraſte, qui ſignifie ce¬

453 5604 3060 5909 luy qui parle bien; & ce
