4267 7032
1058 407 2982 702 de Theophraſte. 55

431 679 2974 923 qu’ils peuvent ſuivre; il leur

430 883 2977 1139 apprend à faire le diſcernement

433 1099 2976 1347 de ceux avec qui ils doivent

429 1311 2984 1560 lier quelque commerce, & dont

428 1515 2983 1768 l’émulation les portera à imiter

427 1735 2986 1988 leurs vertus & leur ſageſſe: Ain¬

439 1952 2966 2195 ſi je vais entrer en matiere,

434 2155 2985 2404 c’eſt à vous de penetrer dans

437 2368 2984 2604 mon ſens, & d’examiner avec

441 2575 2991 2780 attention ſi la verité ſe trouve

444 2783 2995 3039 dans mes paroles: & ſans faire

443 2991 3002 3252 une plus longue Preface, je parle¬

443 3207 2994 3468 ray d’abord de la diſſimulation,

442 3419 3009 3676 je définiray ce vice, je diray

457 3627 3024 3879 ce que c’eſt qu’un homme diſ¬

461 3839 3007 4087 ſimulé, je décriray ſes mœurs,

476 4047 3019 4311 & je traiteray enſuite des autres

479 4267 3026 4511 paſſions, ſuivant le projet que

470 4498 1330 4727 j’en ay fait.

2048 5959 2531 6159 C iiij
