4267 7473
939 459 1283 644 DE
1483 460 1636 648 C
1699 469 1831 648 L
1895 478 2027 653 E
2103 487 2259 662 V
2331 484 2459 663 E
2539 481 2696 664 S.
3034 556 3258 738 45

541 678 1264 966 fçavoir
1303 719 1641 1003 qui
1693 708 2052 930 elle
2101 722 2739 994 eftoitj
2773 759 3264 950 mais

538 992 675 1197 il
794 992 1081 1213 fut
1174 993 1637 1216 bien
1769 1011 2436 1317 furpris
2567 1035 3270 1326 quand

531 1284 672 1499 il
759 1287 1278 1580 fçeuc
1408 1361 2014 1610 qu’on
2142 1396 2393 1542 ne
2490 1324 2665 1540 la
2786 1406 3244 1553 con-

528 1596 1315 1820 noifToit
1365 1636 1935 1913 point
1983 1728 2030 1849 :
2095 1621 2260 1837 11
2323 1629 3254 1854 demeura

529 1882 682 2097 fi
760 1911 1471 2124 touche
1552 1914 1799 2136 de
1868 1922 2047 2138 fa
2100 1923 2809 2151 beauté
2895 2114 2965 2208 ,
3044 1978 3252 2158 &

537 2190 776 2408 de
841 2197 1220 2418 l'air
1281 2224 2160 2442 modefte
2207 2240 2670 2533 qu'il
2709 2263 3252 2467 avoir

526 2528 1538 2820 remarqué
1586 2519 2053 2742 dans
2094 2527 2369 2750 fes
2421 2619 2521 2753 a
2538 2554 3254 2823 étions,

529 2813 1130 3090 qu’on
1225 2895 1682 3114 peut
1774 2824 2169 3049 dire
2224 2837 2703 3145 qu’il
2758 2923 3244 3068 con-

536 3174 979 3317 ceut
1066 3191 1555 3406 pour
1659 3128 2018 3346 elle
2107 3140 2434 3361 dés
2519 3229 2746 3363 ce
2807 3232 3237 3373 mo¬

529 3474 1084 3623 ment
1224 3498 1607 3640 une
1726 3437 2459 3726 paffion
2548 3486 2740 3667 &
2840 3536 3235 3683 une

526 3701 1188 3926 eftime
1277 3738 2856 3970 extraordinaires
2933 3848 2988 3973 :
3061 3765 3218 3980 Il

515 3995 873 4215 alla
958 4009 1133 4225 le
1226 4019 1585 4240 loir
1678 4033 2165 4257 chez
2258 4060 3225 4291 Madame

507 4286 986 4521 foeur
1075 4320 1330 4530 du
1391 4351 1896 4626 Roy.

752 4628 1331 4831 Cette
1503 4644 2446 4868 PrincefTe
2627 4668 3214 4894 eftoit

501 4894 968 5121 dans
1049 4994 1424 5136 une
1514 4950 2251 5233 grande
2332 4963 3206 5186 confédé¬

490 5221 1105 5424 ration
1160 5390 1214 5483 ,
1287 5297 1620 5524 par
1681 5238 1852 5454 le
1941 5256 2552 5473 crédit
2607 5348 2876 5571 qu
2937 5275 3195 5482 el¬

491 5482 670 5706 le
803 5542 1325 5746 avait
1478 5526 1765 5760 fur
1922 5544 2105 5768 le
2221 5587 2669 5858 Roy
2830 5566 3213 5799 foa
