4267 7430
854 472 1175 653 DE
1338 463 2531 660 CLEVES.
2922 543 3147 720 37

457 741 1033 934 Cour*
1261 704 2142 926 Pendant
2221 791 2738 930 cette
2825 715 3153 932 ab-

463 1009 1020 1226 fence
1147 1181 1203 1277 ,
1319 1007 1676 1218 elle
1803 1031 2332 1224 avait
2491 1019 3152 1232 donné

469 1305 738 1534 lès
862 1307 1354 1518 (oins
1458 1395 1558 1519 a
1646 1308 1699 1512 1
1770 1313 2806 1524 éducation
2902 1323 3154 1532 de

476 1601 653 1822 fa
744 1603 1129 1817 fille
1220 1721 1272 1870 ;
1420 1632 1885 1820 mais
1980 1610 2337 1824 elle
2424 1692 2673 1825 ne
2768 1694 3164 1827 tra¬

478 1907 1027 2126 vailla
1122 1985 1443 2194 pas
1494 1905 2543 2129 feulement
2598 1937 2695 2122 à
2754 1915 3159 2128 cul¬

493 2226 965 2418 tiver
1057 2201 1393 2417 fon
1465 2199 2021 2500 efprit
2081 2250 2258 2423 &
2337 2212 2509 2424 fa
2573 2205 3157 2432 beau¬

491 2506 684 2719 té
771 2679 827 2775 ,
911 2504 1260 2716 elle
1379 2514 2088 2805 longea
2163 2508 2768 2725 aufiià
2843 2518 3164 2804 luy

497 2805 1246 3020 donner
1345 2806 1582 3011 de
1677 2812 1846 3013 la
1941 2892 2474 3024 vertu
2533 2853 2718 3026 &
2797 2810 2902 3031 à
2989 2815 3186 3028 la

500 3102 804 3391 luy
944 3106 1616 3313 rendre
1756 3107 2640 3325 aimable.
2904 3135 3176 3336 La

510 3395 1339 3694 plufpart
1434 3403 1759 3612 des
1866 3489 2475 3620 meres
2558 3421 3182 3632 s’ima¬

512 3714 1189 3990 ginent
1288 3874 1345 3966 ,
1444 3700 1910 3999 qu’il
1992 3702 2481 3916 fuffit
2576 3717 2813 3926 de
2932 3792 3189 3932 ne

522 3991 1115 4286 parler
1194 4013 1863 4274 jamais
1999 4006 2239 4215 de
2318 4009 3207 4304 galante¬

521 4306 786 4499 rie
873 4296 1566 4531 devant
1653 4296 1914 4517 les
1997 4322 2654 4574 jeunes
2733 4394 3186 4610 per¬

528 4582 1212 4801 sonnes
1283 4770 1336 4854 ,
1443 4679 1904 4883 pour
2004 4606 2268 4815 les
2351 4688 2592 4821 en
2715 4610 3200 4828 éloi¬

533 4962 1007 5178 gner
1086 5001 1134 5149 ;
1226 4900 2163 5114 Madame
2254 4911 2491 5116 de
2582 4910 3202 5131 Char¬

540 5258 901 5396 tres
976 5214 1489 5403 avoit
1536 5279 1909 5409 une
1964 5219 2777 5495 opinion
2860 5287 3212 5504 op¬

550 5471 1103 5771 posée
1190 5649 1251 5754 ,
1339 5491 1691 5712 elle
1739 5492 2351 5724 faifoit
2407 5500 3211 5728 fouvent
