4267 7422
946 478 2700 694 DECLEVES^
3021 597 3228 765 zs

525 717 904 933 clat
1021 760 1212 939 Sc
1337 717 2488 954 d'élévation
2617 744 2733 962 à
2841 836 3231 987 une

530 1005 1470 1313 perfonne
1578 1051 1960 1332 qui,
2056 1061 2586 1256 avoir
2700 1054 2942 1270 de
3060 1068 3238 1279 la

514 1315 1214 1537 beauté
1390 1366 1586 1546 &
1787 1337 2029 1550 de
2135 1340 2305 1555 la
2402 1353 3223 1573 naiflàn-

533 1695 759 1833 ce
893 1705 935 1830 :
1069 1645 1571 1849 Mais
1697 1631 2051 1846 elle
2193 1641 2503 1938 luy
2593 1648 3223 1879 faifoic

536 1920 1436 2139 voiraufli
1488 1933 2422 2157 combien
2476 1951 2603 2160 il
2659 1961 3238 2184 eftoic

542 2215 1297 2442 difficile
1354 2230 1588 2450 de
1642 2246 2648 2465 conferver
2710 2334 3240 2484 cette

541 2597 1079 2741 vertu
1172 2703 1225 2787 ,
1307 2609 1691 2827 que
1767 2613 2095 2831 par
2173 2629 2555 2767 une
2617 2564 3242 2786 extrê¬

548 2895 866 3033 me
956 2819 1826 3050 défiance
1911 2840 2150 3060 de
2239 2847 3228 3148 fby-mef-

542 3195 860 3333 me
1034 3160 1221 3339 &
1313 3209 1640 3419 par
1734 3217 1992 3355 un
2048 3159 2669 3445 grand
2802 3160 3224 3384 foin

553 3416 791 3630 de
881 3429 1879 3647 s’attacher
1973 3441 2080 3651 à
2168 3475 3236 3756 cequileul

542 3791 998 4010 peut
1171 3719 1629 3947 faire
1783 3742 1957 3953 le
2139 3752 3233 3984 bon-heur

550 4010 1112 4238 d’une
1162 4023 1998 4310 femme,
2088 4072 2433 4350 qui
2473 4064 2753 4275 eft
2802 4068 3231 4282 d’ai¬

545 4392 955 4533 mer
1008 4320 1343 4542 fon
1400 4415 1918 4640 mary
2032 4390 2227 4570 &
2276 4363 2707 4576 d'en
2752 4373 3238 4584 eftrc

551 4623 1216 4836 aimée.

786 4948 1364 5142 Cette
1585 4938 2472 5174 heritiere
2669 4972 3244 5187 eftoit

557 5210 1038 5441 alors
1136 5309 1387 5443 un
1480 5241 1802 5457 des
1866 5264 2574 5550 grands
2670 5286 3246 5568 partis

570 5519 1027 5807 qu’il
1093 5610 1201 5820 y
1295 5613 1613 5755 eut
1699 5627 1953 5765 en
2054 5595 2765 5785 France
2861 5685 2920 5842 ;
3046 5605 3250 5788 &
