4267 7473
925 525 2681 718 DECLEVES.
3020 613 3194 777 31

491 771 979 1025 blis,
1090 768 1548 1075 qu’il
1627 770 1936 1064 luy
1995 774 2568 993 efloit
2647 853 3215 994 avan¬

497 1154 1173 1380 tageux
1285 1076 1522 1289 de
1621 1070 1797 1287 fe
1925 1090 2345 1289 voir
2509 1162 3225 1299 recon¬

486 1453 859 1596 nue
954 1454 1283 1678 par
1350 1376 1523 1589 le
1582 1406 2087 1677 Roy.
2238 1407 2523 1600 Ce
2582 1409 3219 1607 Com¬

492 1754 677 1891 te
776 1680 949 1888 la
1096 1755 1761 1893 trouva
1848 1682 2725 1902 inflruite
2872 1692 3209 1906 des

494 1987 1339 2194 interdis
1530 1989 1771 2195 de
1898 1988 2067 2197 la
2254 2015 2799 2204 Cour
2974 1996 3219 2210 de

495 2282 1196 2495 France
1303 2456 1352 2548 ,
1479 2325 1673 2498 &
1779 2291 2028 2496 du
2159 2317 2856 2511 mérité
2975 2300 3220 2510 de

489 2658 938 2792 ceux
1036 2608 1371 2883 qui
1457 2593 1622 2797 la
1749 2589 3202 2888 composaient;

483 2900 960 3095 mais
1079 2906 1364 3099 lur
1459 2965 1892 3108 tout
2023 2902 2156 3106 il
2275 2899 2440 3112 la
2535 2977 3244 3121 trouva

489 3178 634 3391 fi
765 3192 1549 3488 remplie
1716 3207 1961 3409 de
2096 3210 2277 3411 la
2440 3280 3233 3507 réputa¬

502 3502 903 3697 tion
966 3489 1211 3707 du
1314 3524 1751 3715 Duc
1806 3508 2051 3712 de
2138 3538 3210 3734 Nemours.

496 3787 893 4003 Elle
972 3793 1277 4088 luy
1403 3803 1913 4097 parla
1980 3885 2397 4028 tant
2500 3821 2737 4031 de
2848 3815 3225 4030 fois

510 4094 743 4299 de
914 4181 1135 4310 ce
1310 4126 1990 4328 Prince
2149 4294 2206 4391 ,
2373 4164 2567 4341 &
2749 4201 3231 4342 avec

503 4462 904 4617 tant
967 4409 2755 4714 d’emprefTement,
2834 4508 3232 4732 que

504 4714 1159 4995 quand
1253 4723 2274 4947 Monfieur
2365 4744 2602 4953 de
2669 4766 3238 4963 Ran-

499 5002 860 5212 dan
999 5009 1284 5232 fut
1403 5106 2119 5254 revenu
2230 5219 2291 5311 ,
2439 5080 2620 5254 &
2758 5041 3232 5344 qu’il

513 5312 1121 5526 rendit
1208 5407 2009 5640 compte
2096 5426 2329 5564 au
2420 5376 2869 5644 Roy
2976 5344 3225 5554 de

526 5590 863 5820 fon
942 5697 1774 5938 voyage,
1822 5648 1952 5865 il
2034 5653 2347 5936 luy
2414 5652 2695 5866 dit
2757 5642 3232 5952 qu’il

2160 5978 2341 6172 C
2476 5969 2737 6243 iiij
