4267 7414
1104 523 1311 723 z6
1629 485 1936 668 LA
2090 484 3416 698 PRINCESSE

1097 743 2003 941 miration
2101 722 2567 941 dans
2657 810 2919 942 un
3057 744 3422 966 lieu
3497 847 3766 987 ou

1092 1018 1482 1234 l’on
1596 1028 2162 1238 eftoit
2296 1017 2452 1231 fï
2612 1070 3767 1276 accoutumé

1087 1314 1191 1523 à
1299 1337 1718 1531 voir
1843 1322 2086 1530 de
2231 1320 2830 1540 belles
2994 1345 3765 1629 person¬

1087 1694 1472 1832 nes.
1623 1617 2029 1833 Elle
2111 1624 2681 1838 eftoit
2747 1631 2985 1839 de
3075 1633 3249 1848 la
3307 1657 3764 1867 mef.

1078 1990 1404 2129 me
1467 1914 2192 2127 maison
2265 1996 2640 2214 que
2694 1927 2868 2135 la
2942 1938 3764 2168 Vidame

1078 2210 1319 2418 de
1410 2209 2316 2424 Chartres
2457 2396 2518 2484 ,
2658 2262 2845 2438 &
2930 2311 3303 2449 une
3445 2246 3763 2460 des

1068 2512 1491 2799 plus
1588 2514 2407 2804 grandes
2477 2516 3455 2747 heritieres
3529 2548 3759 2760 de

1069 2834 1787 3023 France
1924 2931 1978 3071 *
2105 2842 2507 3031 Son
2667 2902 3122 3116 pere
3209 2837 3766 3056 eftoit

1064 3181 1598 3317 mort
1763 3129 2334 3377 jeune
2503 3296 2560 3385 ,
2744 3155 2938 3335 &
3132 3129 3766 3356 l'avoir

1063 3398 1682 3620 laiftee
1771 3405 2194 3619 fous
2287 3413 2462 3624 la
2543 3427 3470 3643 conduite
3527 3440 3766 3652 de

1058 3707 2001 3922 Madame
2146 3711 2385 3922 de
2574 3720 3473 3943 Chartres
3586 3736 3766 3952 là

1062 3990 1808 4216 femme
1894 4166 1959 4247 ,
2054 4006 2552 4229 dont
2642 4018 2820 4233 le
2918 4023 3360 4241 bien
3453 4211 3515 4303 ,
3590 4036 3764 4248 la

1061 4344 1871 4567 vertu,Lc
1934 4311 2099 4518 le
2153 4341 2894 4590 mérité,
2949 4333 3763 4552 eftoient

1057 4610 2689 4835 extraordinaires.
2884 4633 3487 4922 Après
3556 4716 3757 4847 a-

1060 4918 1482 5116 voir
1583 4911 2174 5192 perdu
2253 4916 2598 5130 son
2688 5003 3321 5224 mary,
3404 4933 3754 5148 elle

1068 5220 1594 5412 avoir
1727 5217 2217 5498 pafle
2379 5221 3281 5512 plulîeurs
3411 5312 3748 5450 an¬

1063 5497 1525 5724 nées
1691 5500 2108 5733 fans
2303 5551 3056 5758 revenir
3267 5532 3378 5750 à
3571 5536 3740 5750 la
