4267 7347
1033 484 1238 641 i6
1517 441 1830 626 LA
1953 429 3282 620 PRINCESSE

1019 681 1979 897 s’habiller
2098 690 2439 964 qui
2558 672 3119 877 eftoit
3242 742 3687 885 tou¬

1008 993 1524 1257 jours
1691 973 2256 1182 suivie
2459 961 2700 1170 de
2912 1031 3336 1176 tout
3507 969 3681 1180 le

1005 1274 1846 1529 monde,
1897 1260 2298 1473 fans
2357 1271 3166 1550 pouvoir
3209 1265 3678 1477 eftre

1006 1574 1732 1830 imitée;
1782 1596 1963 1769 &
2023 1550 2543 1764 enfin
2591 1632 2843 1757 un
2899 1571 3159 1756 air
3214 1554 3675 1768 dans

1004 1933 1545 2072 toute
1596 1861 1773 2066 (à
1864 1847 2897 2145 perlonne,
2960 1866 3293 2143 qui
3368 1845 3669 2057 fai-

1005 2153 1362 2368 foie
1450 2157 2042 2455 qu’on
2113 2219 2366 2351 ne
2493 2166 3290 2434 pouvoit
3378 2221 3678 2349 re¬

1007 2455 1688 2749 garder
1779 2523 2156 2745 que
2279 2439 2584 2726 Iuy
2679 2440 3152 2645 dans
3243 2514 3668 2648 tous

1000 2749 1265 2953 les
1400 2747 1881 2954 lieux
2008 2735 2281 2947 où
2408 2686 2525 2942 il
2640 2729 3661 3021 paroiflbir.

990 3044 1142 3253 Il
1238 3047 1535 3323 n’y
1618 3056 2134 3246 avoir
2218 3104 2950 3239 aucune
3038 3046 3662 3237 Dame

999 3340 1472 3557 dans
1535 3334 1696 3542 la
1759 3356 2392 3587 Cour,
2455 3329 2936 3533 dont
2995 3323 3156 3527 la
3211 3321 3664 3614 gloi¬

989 3712 1193 3841 re
1277 3707 1405 3844 n
1469 3637 1869 3850 euft
1997 3626 2377 3836 efté
2484 3621 3037 3834 datée
3160 3630 3397 3835 de
3488 3617 3661 3833 le

990 3947 1450 4137 voir"
1478 3919 2243 4138 attaché
2290 3918 2387 4127 à
2458 3917 2915 4180 elle;
2998 3994 3355 4203 peu
3426 3917 3667 4129 de

991 4223 1560 4433 celles
1631 4217 1724 4430 à
1820 4239 2152 4517 qui
2223 4218 2348 4423 il
2435 4216 3132 4425 s’eftoit
3179 4285 3664 4421 atta¬

997 4520 1362 4729 ché
1445 4691 1498 4779 ,
1577 4514 1754 4730 fe
1861 4529 2914 4805 pouvoient
2993 4577 3658 4719 vanter

994 4812 1235 5021 de
1306 4819 1607 5087 luy
1662 4832 2183 5021 avoir
2238 4797 2927 5068 refiflé,
2970 4847 3151 5015 &
3210 4792 3655 5013 mes

992 5184 1304 5317 me
1396 5105 2280 5403 plusieurs
2391 5098 2496 5310 à
2596 5120 2932 5401 qui
3019 5099 3140 5307 il
3240 5101 3652 5306 n’a-

993 5420 1402 5619 voit
1533 5425 2094 5698 point
2241 5398 3246 5692 témoigné
3413 5393 3650 5601 de

2843 5686 3636 5992 paflïon,
