4267 7266
982 453 1183 567 io
1442 397 1747 567 LA
1898 387 3203 578 PRINCESSE

960 622 2025 828 Uexcelloit
2084 630 2549 833 dans
2624 630 2789 835 la
2875 712 3588 924 guerre,

962 945 1151 1119 &
1194 907 1363 1116 le
1418 933 1859 1122 Duc
1902 912 2131 1122 de
2194 913 2739 1126 Guife
2798 923 3103 1209 luy
3154 934 3602 1145 don-

952 1215 1377 1408 noit
1524 1278 1893 1416 une
2024 1205 3081 1421 émulation
3263 1249 3601 1511 qui

954 1493 1587 1702 l'avoir
1641 1498 2187 1783 porté
2293 1496 3178 1788 plufieurs
3245 1510 3602 1721 fois

943 1769 1049 1986 à
1099 1796 1804 2071 quitter
1891 1780 2064 1993 (a
2123 1795 2652 2067 place
2707 1794 2936 2004 de
2999 1820 3592 2011 Gene¬

937 2079 1309 2332 ral,
1401 2148 1874 2357 pour
1957 2082 2406 2288 aller
2513 2084 3598 2309 combattre

931 2365 1592 2652 auprès
1683 2371 1920 2576 de
2035 2369 2344 2660 luy
2463 2448 3244 2590 comme
3335 2463 3600 2597 un

925 2645 1602 2945 {impie
1765 2657 2382 2876 foldar
2508 2833 2569 2925 ,
2741 2675 3206 2881 dans
3333 2679 3598 2889 les

927 2941 1407 3156 lieux
1503 2953 1768 3162 les
1858 2953 2263 3245 plus
2322 2962 3259 3248 périlleux.
3450 2973 3604 3180 Il

932 3238 1206 3451 eft
1280 3322 1721 3523 vray
1796 3249 2242 3459 auffi
2360 3328 2741 3545 que
2836 3335 3053 3468 ce
3156 3282 3605 3477 Duc

926 3552 1447 3753 avoir
1538 3538 2188 3750 donné
2274 3547 2607 3757 des
2714 3622 3603 3850 marques

936 3821 1489 4039 d'une
1560 3836 2193 4046 valeur
2256 3831 2398 4044 fi
2488 3842 3608 4113 admirable,

938 4153 1135 4334 LL
1226 4138 1739 4337 avoir
1874 4204 2111 4338 eu
2218 4135 2455 4340 de
2550 4125 2695 4342 fi
2786 4135 3607 4352 heureux

940 4409 1608 4629 fùccez
1731 4587 1788 4683 ,
1971 4428 2433 4718 qu’il
2615 4427 2924 4720 n'y
3095 4452 3612 4649 avoir

945 4727 1502 4998 point
1589 4714 1826 4928 de
1917 4720 2519 5009 grand
2609 4741 3606 5017 Capitaine

955 5019 1301 5290 qui
1447 5077 1692 5219 ne
1863 5017 2293 5227 dûft
2407 5016 2576 5225 le
2731 5019 3608 5317 regarder

961 5373 1418 5525 avec
1453 5324 2041 5529 envie.
2109 5342 2346 5535 Sa
2385 5314 3010 5541 valeur
3057 5322 3614 5541 eftoic
