4267 7364
1112 569 1289 733 32
1297 642 1313 674 ,
1613 502 1922 679 LA
2104 505 3438 699 PRINCESSE

1094 782 1415 1019 n’y
1518 759 2035 950 avoit
2154 758 2555 948 rien
2650 821 3027 1034 que
3178 777 3759 973 Mon¬

1092 1021 1581 1240 iteur
1668 1041 1905 1243 de
1964 1064 2949 1257 Nemours
3040 1124 3281 1254 ne
3339 1065 3773 1343 puft

1089 1334 2107 1606 prétendre
2198 1333 2863 1624 auprès
2954 1343 3191 1549 de
3270 1422 3771 1562 cette

1103 1619 2144 1893 PrincefTe,
2239 1666 2417 1839 &
2475 1630 2925 1921 qu’il
2987 1712 3224 1845 ne
3287 1642 3768 1853 dou-

1101 1930 1470 2120 toic
1552 1938 2102 2201 point
2208 1926 2894 2219 qu’elle
3021 2008 3266 2138 ne
3405 1931 3766 2158 fuft

1099 2209 1892 2495 capable
1995 2220 2228 2426 de
2331 2223 2392 2423 1
2455 2220 3291 2509 epoufer.
3502 2252 3767 2449 Le

1092 2525 1541 2788 Roy
1640 2589 1877 2718 en
2016 2519 2521 2805 parla
2600 2517 2698 2721 à
2792 2598 3013 2728 ce
3100 2543 3765 2742 Prince

1098 2798 1419 3007 dès
1510 2804 1679 3013 le
1774 2806 2123 3015 soir
2230 2808 2947 3023 mefme
3041 2992 3094 3081 ,
3210 2818 3331 3027 il
3462 2824 3763 3114 luy

1088 3089 1317 3302 fit
1463 3177 2141 3317 conter
2295 3187 2620 3399 par
2763 3114 3764 3332 Moniteur

1093 3397 1322 3599 de
1385 3411 2206 3620 Randan
2269 3481 2902 3619 toutes
2993 3408 3258 3621 Tes
3313 3488 3758 3625 con¬

1067 3695 2104 3913 versations
2183 3781 2652 3913 avec
2695 3706 3767 3982 Elizabeth,

1072 4029 1266 4198 &
1408 3995 1705 4282 luy
1896 3998 2789 4214 conseilla
2972 4008 3205 4218 de
3340 4084 3765 4224 ten¬

1074 4365 1359 4498 ter
1454 4366 1971 4512 cette
2089 4305 2823 4602 grande
2922 4299 3754 4530 fortune.

1067 4589 2089 4818 Moniteur
2319 4607 2560 4816 de
2771 4630 3764 4828 Nemours

1073 4894 1502 5101 crût
1601 4886 2407 5111 d’abord
2500 4980 2886 5205 que
3029 4904 3198 5118 le
3313 4938 3754 5198 Roy

1075 5265 1328 5394 ne
1419 5187 1720 5470 luy
1826 5201 2516 5488 parloit
2658 5282 2980 5498 pas
3079 5197 3767 5417 sérieu¬

1072 5481 1809 5712 sement
1904 5671 1969 5772 ,
2132 5524 2605 5727 mais
2724 5580 3513 5727 comme
3624 5506 3754 5718 il
