4267 7266
994 503 1168 701 f
1462 473 1776 656 LA
1914 462 3224 646 PRINCESSE

977 712 1734 925 n’eftoit
1805 775 2134 993 pas
2213 772 3234 905 amoureux
3325 786 3370 919 ;
3481 696 3638 904 Il

983 1008 2061 1211 demeuroit
2192 1061 2617 1197 tous
2743 983 3013 1191 les
3139 1008 3645 1248 jours

995 1294 1476 1505 chez
1610 1294 1788 1499 la
1938 1296 2564 1508 Reine
2690 1280 2796 1481 à
2914 1272 3636 1481 l’heure

1001 1599 1255 1797 du
1301 1585 2091 1843 Cercle,
2129 1571 2394 1782 où
2445 1639 2866 1779 tout
2933 1641 3151 1774 ce
3205 1556 3654 1856 qu’il

1000 1963 1118 2169 y
1188 1876 1981 2091 avoitde
2064 1869 2469 2155 plus
2511 1857 3102 2113 beau,
3188 1898 3373 2064 &
3435 1853 3669 2058 de

1007 2190 1632 2385 mieux
1774 2164 2116 2373 fait
2254 2164 2492 2363 de
2642 2153 3008 2353 l’un
3134 2183 3316 2352 &
3434 2137 3672 2348 de

1005 2468 1651 2674 l’autre
1745 2457 2259 2713 fexe,
2346 2526 2587 2659 ne
2658 2448 3675 2729 manquoit

1016 2834 1342 3052 pas
1432 2764 1666 2963 de
1764 2744 1934 2961 fe
2020 2812 2837 2955 trouver.

1230 3046 1920 3330 Jamais
2019 3065 2544 3251 Cour
2595 3036 2880 3234 n'a
2943 3101 3196 3234 eu
3283 3091 3692 3232 tant

1029 3347 1271 3555 de
1437 3339 2015 3553 belles
2154 3318 3163 3618 personnes
3307 3490 3359 3571 ,
3517 3355 3703 3525 &

1040 3641 2126 3850 d’hommes
2537 3605 3697 3822 admirable¬

1036 4007 1581 4148 ment
1679 3925 2125 4138 bien
2203 3912 2733 4169 faits,
2787 3950 2969 4116 &
3023 3901 3137 4106 il
3227 3895 3700 4108 fem-

1042 4230 1532 4440 bloit
1682 4295 2063 4522 que
2201 4209 2379 4417 la
2526 4275 3183 4414 nature
3310 4195 3707 4405 euft

1045 4542 1418 4820 pris
1553 4507 2162 4808 pîaifir
2292 4504 2394 4713 à
2501 4497 3130 4791 placer
3250 4659 3307 4744 ,
3493 4559 3714 4693 ce

1056 4816 1737 5112 quelle
1787 4812 2437 5017 donne
2483 4802 2721 4999 de
2780 4786 3177 5080 plus
3235 4779 3717 4988 beau

1058 5123 1528 5319 dans
1574 5111 1836 5315 les
1883 5103 2288 5392 plus
2339 5087 3144 5388 grandes
3210 5079 3707 5288 Prin-

1069 5404 1635 5617 ceffes
1754 5573 1811 5666 ,
1945 5438 2135 5612 &
2257 5396 2718 5601 dans
2877 5379 3138 5587 les
3313 5361 3722 5659 plus
