4267 7372
994 497 1365 684 DE
1546 495 2683 707 CLEVES.
3046 601 3116 714 i
3129 626 3207 784 3

557 734 736 947 la
830 749 1116 944 vie
1218 735 1792 947 eftoit
1896 743 2817 1043 glorieufé
2888 846 3227 1060 par

560 1038 731 1243 la
787 1110 1517 1332 guerre,
1576 1075 1759 1247 &
1807 1119 2134 1334 par
2192 1050 2446 1263 les
2511 1072 3226 1362 grands

555 1334 1373 1626 emplois
1490 1341 1955 1632 qu’il
2115 1375 2637 1566 avoir
2791 1445 3227 1644 eus,

556 1706 1084 1928 quoy
1176 1709 1552 1927 que
1614 1636 2080 1852 dans
2174 1728 2432 1858 un
2514 1656 2876 1952 âge
2954 1746 3232 1884 un

563 2002 927 2220 peu
989 1932 1805 2196 avancé,
1901 1933 2515 2160 faifcit
2601 1957 2863 2166 les
2924 1963 3230 2179 de-

560 2242 1010 2434 lices
1100 2227 1334 2433 de
1420 2229 1590 2442 la
1688 2262 2284 2460 Cour.
2467 2245 2615 2460 Il
2695 2286 3230 2480 avoir

566 2540 1021 2731 trois
1310 2519 1601 2736 fils
1869 2543 3232 2827 parfaitement

561 2810 1008 3026 bien
1065 2811 1487 3030 faits
1540 2935 1595 3084 ;
1641 2833 1807 3036 le
1861 2826 2569 3053 fécond
2623 2859 3231 3148 qu’on

560 3115 1454 3408 appelloit
1536 3119 1702 3330 le
1756 3147 2430 3351 Prince
2528 3148 3233 3368 deCle-

559 3488 1016 3670 ves,
1111 3418 1661 3633 eftoit
1751 3427 2341 3725 digne
2447 3443 2689 3655 de
2791 3457 3224 3667 foû-

562 3736 1040 3913 tenir
1126 3712 1284 3917 la
1340 3718 1940 4010 gloire
1990 3731 2220 3941 de
2278 3732 2612 3950 fon
2669 3819 3230 4013 nom,

557 4000 688 4207 il
765 4008 1311 4219 eftoit
1417 4013 1983 4233 brave
2072 4069 2255 4244 &
2324 4045 3225 4341 magnifi¬

558 4366 930 4593 que
1031 4478 1088 4567 ,
1171 4341 1358 4520 &
1471 4315 1595 4520 il
1683 4345 2198 4536 avoir
2307 4413 2681 4547 une
2786 4421 3220 4635 pru¬

562 4598 1165 4809 dence
1289 4632 1629 4905 qui
1754 4695 2000 4827 ne
2174 4626 2348 4837 fe
2546 4713 3220 4857 trouve

556 4962 1215 5172 gueres
1393 4985 1851 5121 avec
2005 4916 2175 5126 la
2324 4940 3221 5202 jeunefïe.

560 5202 826 5389 Le
944 5198 1766 5419 Vidame
1896 5218 2130 5426 de
2248 5227 3216 5509 Chartres,

571 5467 1493 5711 defcendu
1559 5508 1789 5722 de
1842 5585 2353 5735 cette
2418 5603 3224 5759 ancien---
