4267 7405
955 497 1292 690 DE
1495 487 1652 663 C
1731 489 2664 669 LEVES,
3008 560 3180 721 n

472 751 929 964 dam
1076 732 2353 945 l’évenement
2544 722 2785 934 de
2953 804 3181 940 ce

474 1118 1319 1335 voyage,
1406 1027 1522 1236 il
1590 1026 1942 1234 alla
2002 1040 2410 1229 voir
2494 1023 2670 1231 le
2734 1041 3195 1234 Duc

475 1351 716 1556 de
795 1374 1528 1620 Savoye
1615 1345 1948 1627 qui
2035 1328 2604 1536 eftoit
2695 1321 3200 1532 alors

476 1647 573 1856 à
704 1636 1649 1859 Bruxelles
1781 1704 2245 1837 avec
2424 1627 2593 1831 le
2748 1653 3206 1908 Roy

494 1938 1547 2233 d’Efpagne
1642 2038 1703 2187 ;
1874 1949 2139 2146 La
2270 1998 2795 2136 mort
2942 1920 3199 2128 de

495 2262 1116 2468 Marie
1303 2229 2656 2522 d’Angleterre
2871 2296 3204 2509 ap¬

501 2617 1049 2832 porta
1144 2536 1373 2741 de
1457 2525 2157 2823 grands
2261 2519 3225 2728 obftacles

502 2835 607 3048 à
690 2839 863 3047 la
970 2845 1511 3083 Paix;
1610 2814 2934 3043 L’AfTemblee
3042 2812 3223 3028 fè

515 3153 1244 3422 rompit
1375 3123 1472 3336 à
1619 3123 1788 3330 la
1951 3125 2228 3337 fin
2415 3131 2656 3335 de
2803 3145 3252 3334 No¬

517 3433 1325 3648 vembre
1405 3599 1465 3688 ,
1560 3458 1745 3635 &
1840 3418 2013 3633 le
2084 3460 2522 3715 Roy
2613 3437 3245 3632 revint

526 3731 631 3944 à
738 3742 1311 3955 Paris.

751 4034 896 4251 Il
987 4107 1536 4326 parut
1623 4030 2116 4242 alors
2195 4099 2576 4232 une
2671 4018 3256 4236 beau¬

541 4331 725 4544 té
808 4330 905 4542 à
988 4333 1157 4542 la
1208 4360 1857 4598 Cour,
1909 4344 2241 4626 qui
2325 4350 2885 4538 attira
3000 4324 3261 4536 les

546 4711 1023 4924 yeux
1166 4632 1407 4845 de
1542 4709 1971 4846 tout
2110 4628 2279 4840 le
2442 4628 3267 4892 monde,

551 4971 736 5144 &
835 4934 1204 5138 l’on
1271 4936 1688 5144 doit
1743 4948 2352 5146 croire
2451 4928 3268 5231 quec’é-

565 5246 925 5438 toit
1033 5312 1413 5448 une
1556 5228 2249 5449 beauté
2349 5230 3269 5528 parfaite,

566 5550 979 5824 puis
1070 5539 1739 5837 quelle
1802 5545 2467 5758 donna
2518 5534 2759 5747 de
2838 5524 3274 5740 l’ad-
