4267 7266
969 513 1053 669 S
1465 498 1765 666 LA
1913 495 3222 676 PRINCESSE

965 798 1497 930 toute
1593 730 1757 926 la
1865 723 2705 1007 politelTe
2781 900 2841 988 ,
2977 772 3153 940 &
3249 737 3597 949 elle

964 1021 1509 1222 eftoit
1588 1022 1933 1219 née
1988 1095 2441 1219 avec
2536 1092 2937 1224 tant
3008 1028 3233 1229 de
3292 1033 3609 1233 di£

964 1298 1792 1585 pofition
1948 1379 2412 1587 pour
2604 1384 3220 1513 toutes
3348 1321 3608 1521 les

976 1593 1556 1802 belles
1620 1594 2368 1859 choies,
2467 1679 2840 1892 que
2896 1605 3612 1889 malgré

967 1873 1143 2090 fa
1219 1894 1927 2174 grande
1975 1896 2899 2152 jeunefle,
2963 1892 3307 2097 elle
3359 1897 3611 2097 les

971 2198 1743 2442 aimoit,
1847 2223 2023 2387 &
2123 2219 2367 2459 s’y
2475 2181 3619 2393 connoilToic

974 2490 1599 2678 mieux
1702 2554 2083 2759 que
2190 2468 3170 2755 personne.
3346 2497 3619 2689 La

974 2793 1110 2974 p
1090 2930 1158 2978 v
1182 2782 1598 2970 eine
1730 2774 1902 2970 la
2034 2759 2518 2971 belle
2634 2844 3154 2964 mere
3250 2805 3306 3021 ,
3442 2805 3626 2973 ôc

986 3058 1906 3270 Madame
2058 3051 2534 3259 foeur
2702 3056 2958 3256 du
3078 3084 3630 3337 Roy,

985 3362 1901 3551 aimoient
1985 3343 2741 3552 aulïiles
2785 3372 3373 3609 Vers,
3469 3349 3637 3553 la

993 3642 2061 3903 Comedie,
2153 3679 2341 3847 &
2429 3632 3625 3929 laMufique:

992 3949 1260 4146 Le
1308 3938 1857 4222 gouli
1920 4011 2292 4223 que
2356 3931 2520 4140 le
2572 3964 3012 4212 Roy
3084 3940 3644 4141 Fran¬

1000 4242 1396 4494 çois
1468 4251 2268 4510 premier
2324 4244 2832 4436 avoit
2896 4252 3128 4436 eü
3176 4301 3644 4513 pour

1003 4513 1176 4717 la
1271 4514 1908 4730 Poefie
2011 4559 2192 4727 &
2299 4599 2776 4807 pour
2863 4516 3120 4724 les
3199 4541 3656 4733 Let¬

999 4877 1367 5018 tres
1455 4982 1511 5070 ,
1671 4835 2431 5107 regnoit
2575 4892 3271 5024 encore
3411 4893 3651 5017 en

995 5101 1711 5314 France
1795 5223 1843 5363 ;
1951 5147 2131 5315 &
2235 5107 2395 5315 le
2463 5143 2895 5388 Roy
2951 5100 3279 5312 Ion
3371 5101 3655 5305 fils

1002 5410 1730 5610 aimant
1882 5399 2150 5615 les
2318 5416 3246 5620 exercices
3410 5397 3666 5605 du
