4267 7298
988 372 1366 550 DE
1576 362 2130 537 CLE
2192 357 2534 531 VE
2600 355 2758 528 S.
3101 420 3258 541 ii

611 618 1525 838 foûtenuë
1571 600 1809 806 de
1852 665 2481 799 toutes
2575 584 2837 794 les
2932 655 3261 794 au¬

620 989 977 1130 tres
1104 892 1917 1200 grandes
2012 878 2841 1184 qualitez
2936 979 2977 1096 :
3131 867 3273 1077 il

608 1221 1125 1422 avoir
1268 1270 1529 1402 un
1687 1186 2249 1474 efprit
2419 1178 2929 1383 vafte
3079 1200 3277 1405 ôç

620 1491 1457 1802 profond
1565 1661 1618 1750 ,
1707 1557 2089 1692 une
2175 1546 2609 1682 ame
2679 1458 3285 1675 noble

631 1844 817 2014 &
882 1789 1622 2046 élevée,
1671 1818 1853 1992 &
1903 1852 2281 1981 une
2358 1766 2893 2062 égale
2947 1837 3288 1968 ca¬

639 2082 1241 2382 pacité
1339 2155 1817 2369 pour
1918 2069 2084 2269 la
2159 2137 2857 2366 guerre
2944 2211 3005 2288 ,
3102 2091 3293 2266 &

639 2460 1117 2678 pour
1210 2378 1457 2580 les
1543 2362 2308 2580 affaires.
2490 2380 2760 2574 Le
2838 2379 3304 2567 Car¬

650 2675 1148 2890 dinal
1206 2669 1440 2881 de
1486 2675 2384 2883 Lorraine
2442 2649 2764 2862 fon
2817 2640 3312 2855 frere

655 2978 1200 3188 eftoit
1291 2962 1536 3177 né
1639 3031 2100 3166 avec
2191 3029 2572 3166 une
2670 2933 3311 3159 ambi¬

666 3288 1064 3478 tion
1161 3246 2232 3479 demefurée
2328 3419 2389 3508 ,
2466 3316 2940 3457 avec
3038 3311 3304 3451 un

658 3567 1208 3851 efprit
1258 3554 1568 3770 vif
1574 3591 1752 3762 &
1802 3623 2180 3759 une
2237 3543 3320 3841 éloquence

658 3843 1696 4064 admirable
1783 4010 1832 4099 ,
1946 3883 2132 4049 &
2189 3840 2320 4041 il
2390 3854 2916 4043 avoir
2998 3900 3331 4030 ac¬

674 4165 1088 4442 quis
1198 4212 1572 4351 une
1681 4135 2416 4347 fciencc
2522 4115 3323 4421 profon¬

673 4452 1012 4706 de,
1093 4443 1571 4652 dont
1653 4422 2743 4640 ilfefervoit
2842 4488 3331 4709 pour

673 4740 851 4946 fe
934 4736 1595 4949 rendre
1674 4710 2987 4937 confiderable
3073 4783 3323 4929 en

680 5031 1707 5242 défendant
1760 5023 1927 5231 la
1973 5016 2887 5311 Religion
2949 5034 3330 5220 Ca¬

693 5327 1680 5635 tholique,
1829 5330 2167 5623 qui
2285 5373 3327 5545 çommen-
