4267 7498
939 579 1047 727 4
1083 542 1183 686 S
1479 508 1795 685 LA
1923 484 3299 674 PRINCESSE

932 755 1428 967 frere
1484 861 1536 1009 ;
1632 776 1820 957 &
1876 811 2096 948 ce
2160 729 2772 942 crédit
2868 732 3428 943 eftoit
3511 726 3656 946 (î

937 1045 1565 1387 grand
1665 1212 1713 1305 ,
1825 1115 2217 1336 que
2292 1030 2473 1242 le
2529 1053 2981 1321 Roy
3057 1111 3297 1248 en
3352 1031 3665 1250 fai¬

938 1359 1362 1571 sant
1453 1341 1634 1557 la
1754 1359 2194 1560 Paix
2326 1325 3442 1552 confentoit
3569 1338 3670 1550 à

943 1645 1639 1867 rendre
1726 1644 1903 1852 le
2007 1630 3071 1904 Piémont,
3195 1718 3671 1931 pour

944 1959 1273 2250 luy
1411 1945 1872 2161 faire
2011 1933 2812 2239 époufer
2911 1940 3080 2152 le
3232 1963 3676 2159 Duc

953 2266 1201 2474 de
1289 2285 2089 2536 Savoye.
2249 2266 2845 2537 Quoy
2993 2242 3685 2544 quelle

962 2562 1374 2783 euft
1478 2544 2082 2777 defiré
2166 2621 2714 2767 toute
2813 2540 2998 2761 fa
3090 2563 3390 2760 vie
3450 2550 3690 2766 de

959 2867 1151 3079 le
1235 2876 1935 3078 marier
2035 3027 2091 3115 ,
2183 2850 2547 3071 elle
2643 2929 2763 3065 n
2831 2871 3363 3065 avoir
3455 2870 3707 3135 ja¬

964 3182 1464 3387 mais
1544 3159 2136 3381 voulu
2240 3148 3040 3454 époufer
3100 3159 3700 3460 qu'un

969 3480 2025 3695 Souverain
2133 3639 2189 3735 ,
2333 3498 2529 3678 &
2645 3456 3009 3673 elle
3185 3482 3705 3675 avoir

970 3769 1586 3990 refuie
1674 3851 2166 4073 pour
2238 3837 2762 3983 cette
2862 3759 3478 3979 raitdn
3534 3770 3702 3978 le

979 4106 1436 4362 Roy
1491 4077 1735 4289 de
1803 4079 2675 4300 Navarre
2759 4069 3147 4281 lors
3247 4066 3711 4367 qu'il

988 4378 1560 4599 cftoit
1656 4400 2112 4597 Duc
2172 4378 2416 4591 de
2504 4376 3704 4638 Vendolme;

985 4722 1185 4903 &
1269 4696 1801 4901 avoir
1881 4756 1953 4896 t
2017 4686 2829 4962 oûjours
2973 4675 3717 4896 fouhai-

994 4986 1198 5199 té
1342 4980 2370 5210 Monfreur
2494 4985 2738 5202 de
2886 5016 3722 5271 Savoye,

995 5282 1367 5506 elle
1415 5312 1951 5512 avoir
2043 5282 2975 5511 conservé
3063 5288 3303 5504 de
3355 5287 3735 5499 l'in*

996 5594 1956 5823 dination
2084 5678 2580 5899 pour
2660 5597 2973 5893 luy
3072 5596 3728 5899 depuis
