4267 7405
1019 457 1352 641 DE
1515 454 2683 637 CLEVES.
3067 525 3240 697 zz

538 695 859 903 vid
910 684 1082 904 le
1146 712 2154 909 contraire:
2234 709 2535 906 Au
2594 716 3246 914 moins

537 989 1413 1286 Sire,luy
1477 992 2045 1257 dit-il,
2109 985 2250 1193 fi
2332 1014 2517 1266 je
2581 1040 3229 1213 m’em¬

543 1282 1280 1588 barque
1411 1294 1880 1504 dans
2043 1373 2428 1502 une
2591 1367 3248 1504 entre¬

550 1575 1027 1883 prise
1190 1589 2399 1889 chimérique
2562 1667 2891 1879 par
3062 1593 3255 1810 le

553 1880 1266 2095 conseil
1385 1930 1570 2103 &
1669 1967 2145 2179 pour
2273 1890 2437 2102 le
2541 1887 3245 2110 service

560 2190 804 2391 de
920 2192 1464 2401 vôtre
1596 2190 2424 2457 Majefté
2539 2363 2596 2455 ,
2743 2212 2936 2468 je
3068 2193 3252 2410 la

554 2478 1135 2776 fùplie
1230 2489 1471 2694 de
1562 2567 1879 2699 me
1970 2494 2651 2785 garder
2734 2496 2899 2704 le
2974 2489 3251 2705 fe-

545 2856 1069 3048 cret,
1153 2782 1862 3083 jusqu'à
1945 2868 2158 2997 ce
2217 2871 2598 3090 que
2653 2791 2818 3004 le
2873 2788 3253 3010 fiic-

564 3158 900 3287 cez
984 3156 1300 3293 me
1395 3088 2072 3350 juftifie
2144 3173 2564 3307 vers
2656 3087 2824 3300 le
2907 3172 3256 3385 pu¬

574 3374 963 3583 blie
1046 3548 1099 3637 ,
1238 3417 1419 3590 &
1550 3383 1783 3595 de
1898 3390 2647 3599 vouloir
2786 3384 3255 3602 bien

561 3746 810 3883 ne
933 3756 1250 3889 me
1357 3762 1682 3970 pas
1813 3680 2274 3898 faire
2413 3692 3254 3983 paroitre

556 3973 1300 4265 remply
1440 3982 1553 4187 d
1624 4059 2000 4196 une
2080 3990 2560 4202 allez
2675 4069 3256 4296 gran¬

563 4270 803 4483 de
911 4282 1552 4492 vanité
1678 4459 1739 4551 ,
1850 4364 2323 4568 pour
2466 4368 3251 4579 préten¬

561 4570 894 4780 dre
1021 4585 1722 4869 qu’une
1861 4605 2486 4805 Reine
2573 4616 2914 4891 qui
2993 4673 3250 4810 ne

560 4875 925 5079 m'a
1004 4892 1669 5144 jamais
1736 4967 2200 5129 veu,
2272 4970 2577 5099 me
2636 4893 3248 5105 veuil¬

567 5158 739 5371 le
839 5167 1611 5460 épouser
1678 5259 1999 5476 par
2087 5269 2827 5400 amour.
2967 5217 3247 5410 Le

569 5486 1002 5764 Roy
1066 5472 1366 5770 luy
1465 5513 2186 5775 promit
2237 5489 2470 5706 de
2529 5567 2774 5711 ne
2825 5568 3230 5789 par-
