4267 7447
1042 436 1379 617 DE
1586 428 2782 626 CLEVES.
3138 502 3323 628 u

620 659 1333 886 mefme
1424 668 2288 893 alliance.
2512 679 2681 895 Il
2784 678 3033 898 ne
3132 678 3317 908 Ce

622 988 1723 1193 contentoit
1765 1049 2095 1274 pas
2142 980 2863 1198 d’avoir
2926 1062 3306 1198 ma¬

608 1267 877 1475 rie'
956 1263 1293 1488 (on
1380 1270 1677 1488 fils
1728 1274 2237 1488 aifné
2308 1361 2781 1498 avec
2884 1297 3316 1498 Ma¬

610 1565 1179 1784 dame
1286 1578 1939 1795 Diane
2022 1575 2411 1793 fille
2470 1582 2719 1795 du
2786 1616 3314 1875 Roy,

612 1901 797 2078 &
896 1875 1453 2089 d’une
1556 1880 2217 2097 Dame
2344 1885 2597 2095 de
2740 1890 3320 2105 Pied-

610 2241 1246 2441 mont,
1293 2196 1635 2475 qui
1686 2176 1863 2393 fe
1942 2178 2167 2392 fit
2222 2178 3315 2484 Religieufe

608 2438 1501 2696 aufli.toft
1643 2483 2340 2781 qu’elle
2504 2482 2796 2700 fut
2972 2569 3304 2707 ac¬

610 2772 1530 2999 couchée.
1753 2805 2046 2998 Ce
2161 2803 3018 3089 mariage
3093 2874 3310 3003 a-

616 3087 1012 3284 voit
1091 3156 1312 3290 eu
1415 3079 2436 3382 beaucoup
2495 3087 3304 3310 d’obfla-

618 3366 1062 3640 cles,
1121 3453 1434 3665 par
1481 3379 1746 3597 les
1821 3391 2858 3678 promefTes
2917 3474 3318 3694 que

615 3669 1612 3899 Monfieur
1787 3693 2032 3903 de
2223 3704 3300 3908 Montmo¬

613 4043 1186 4265 rency
1281 4000 1798 4199 avoit
1865 3986 2418 4205 faites
2469 3994 2575 4203 à
2621 4001 3302 4217 Made-

611 4273 1460 4495 moifelle
1543 4287 1780 4500 de
1879 4298 2819 4560 Piennes,
2903 4374 3296 4507 une

621 4557 946 4775 des
1033 4568 1506 4795 filles
1601 4592 2690 4806 d’honneur
2769 4596 3014 4810 de
3113 4594 3286 4807 la

619 4883 1240 5085 Reine
1375 4954 1424 5075 :
1571 4912 1816 5109 Et
1947 4886 2408 5105 bien
2562 4974 2956 5191 que
3107 4898 3292 5107 le

621 5177 1062 5448 Roy
1189 5169 1450 5391 les
1581 5197 1986 5407 euft
2177 5188 3290 5407 fiirmontez

619 5529 1076 5684 avec
1139 5553 1524 5699 une
1622 5510 2516 5789 patience
2615 5531 2796 5716 &
2903 5566 3296 5707 une
