4267 7405
872 496 1212 680 DE
1364 487 1912 679 CLE
1984 505 2156 688 V
2236 510 2589 718 ES.
2967 544 3171 782 ii

472 799 1285 1026 perance
1464 738 1931 1036 quil
2122 757 2534 969 euft
2686 760 3164 986 dans

475 1103 978 1240 cette
1078 1030 1802 1327 paflîon
1886 1215 1944 1312 ,
2083 1044 2204 1256 il
2319 1128 2566 1263 ne
2657 1131 3165 1354 pou¬

461 1341 868 1538 voir
941 1326 1120 1542 le
1201 1328 2084 1555 résoudre
2169 1345 2269 1559 à
2323 1363 3167 1647 prendre

462 1696 725 1830 un
778 1701 2085 1928 engagement
2132 1666 2482 1947 qui
2560 1737 3163 1952 parta-

458 1942 1075 2215 geroit
1184 1923 1451 2141 lès
1548 1931 2097 2159 foins.
2291 1972 2570 2171 Le
2684 1968 3161 2180 Ma-

457 2212 1158 2435 refchal
1369 2236 1608 2449 de
1809 2235 2280 2459 fàint
2473 2268 3153 2478 André

451 2514 1006 2740 eftoit
1091 2526 1262 2733 le
1351 2534 1723 2746 leul
1791 2545 2261 2759 dans
2363 2545 2537 2761 la
2594 2582 3137 2782 Cour

451 2834 789 3103 qui
904 2821 1493 3042 n’euft
1666 2860 2223 3129 point
2362 2879 2739 3144 pris
2876 2873 3135 3082 de

444 3180 969 3403 party
1063 3225 1106 3346 *.
1206 3130 1358 3342 11
1406 3135 1964 3350 eftoit
2022 3225 2284 3357 un
2366 3158 2696 3369 des
2773 3190 3135 3381 Fa¬

436 3427 930 3622 voris
1010 3588 1068 3681 ,
1171 3460 1351 3639 &
1443 3425 1614 3641 fa
1703 3431 2362 3655 faveur
2451 3527 2698 3669 ne
2827 3536 3116 3680 te-

433 3722 1307 4008 noitqua
1405 3697 1579 3940 fa
1683 3738 2719 4033 personne:
2820 3772 3111 3983 Le

430 4020 857 4285 Roy
1010 4016 1637 4242 l’avoit
1770 4049 2278 4253 aimé
2414 4051 2749 4270 dés
2914 4066 3100 4282 le

432 4360 1035 4595 temps
1182 4329 1636 4619 qu’il
1804 4344 2366 4558 eftoit
2523 4357 3089 4579 Dau¬

412 4586 872 4870 phin
1137 4651 1321 4831 &
1409 4625 2064 4925 depuis
2161 4639 2294 4855 il
2421 4647 3087 4889 l'avoir

400 4879 730 5098 fait
855 4913 1911 5144 Marefchal
2039 4939 2277 5152 de
2358 4974 3077 5181 France

413 5171 863 5397 dans
969 5282 1227 5413 un
1344 5224 1711 5525 âge
1820 5237 2096 5448 où
2212 5247 2599 5459 Ton
2748 5269 3058 5477 n’a

393 5543 729 5766 pas
870 5569 1560 5736 encore
1646 5534 2710 5761 acoûtumé
2793 5555 3040 5773 de

680 5785 1068 6002 LP
1071 5866 1409 6025 m.
2327 5845 2531 6062 C
