4267 7372
941 476 2694 684 DECLEVES.
2977 575 3180 750 17

488 699 1574 996 paffion,n’a
1586 740 2246 942 voient
2288 807 2617 1030 pas
2678 745 3181 965 laifïc

491 1001 902 1212 d’en
951 1030 1470 1226 avoir
1516 1095 1998 1314 pour
2050 1033 2350 1321 luy
2382 1038 2604 1249 .11
2650 1086 3177 1286 avoic

483 1368 891 1511 tant
939 1308 1174 1518 de
1231 1308 2078 1536 douceur
2167 1300 2353 1545 à
2411 1411 2830 1553 tant
2922 1360 3173 1578 de

475 1586 1579 1882 disposition
1627 1614 1733 1825 à
1771 1618 1938 1830 la
2005 1627 3123 1933 galanterie,

469 1895 925 2184 qu’il
1063 1976 1315 2118 ne
1505 1945 2319 2210 pouvoir
2451 1941 3154 2174 refuser

474 2195 1395 2496 quelques
1448 2214 1939 2430 foins
2024 2217 2129 2431 à
2184 2231 2747 2449 celles
2805 2280 3152 2552 qui

464 2485 1315 2716 tâchoiét
1368 2508 1599 2718 de
1648 2515 1901 2728 lui
1954 2519 2582 2814 plaire:
2647 2552 3157 2770 Ainfï

469 2778 598 2988 il
677 2811 1184 3003 avoir
1286 2801 2179 3097 plusieurs
2256 2845 3149 3070 Maîtref

469 3065 850 3343 ses,
921 3117 1388 3304 mais
1477 3105 1602 3310 il
1692 3120 2268 3335 eftoit
2368 3134 3143 3370 difficile

473 3373 704 3583 de
821 3382 1584 3610 deviner
1709 3417 2188 3629 celle
2286 3442 2741 3719 qu’il
2868 3470 3134 3660 ai-

461 3690 2526 3937 moitvéritablement,
2668 3744 3118 3964 liai-

466 3961 805 4178 loir
854 3971 1633 4207 souvent
1685 4008 2168 4229 chez
2229 4023 2392 4231 la
2432 4056 3080 4261 Reine

458 4276 1477 4563 Dauphine
1568 4414 1624 4563 ;
1757 4303 1933 4515 la
2065 4311 2762 4545 beauté
2877 4348 3128 4562 de

443 4629 946 4777 cette
1086 4581 2155 4873 PrincefTe,
2314 4617 2495 4834 fà
2625 4633 3114 4855 dou¬

443 4925 980 5126 ceur,
1063 4869 1230 5089 le
1326 4880 1721 5102 soin
1784 4913 2485 5203 qu’elle
2578 4962 3113 5154 avoic

451 5145 687 5351 de
773 5161 1338 5448 plaire
1462 5183 1572 5398 à
1702 5269 2142 5417 tout
2250 5212 2429 5425 le
2510 5302 3104 5443 mon¬

456 5441 699 5655 de
734 5616 796 5710 ,
843 5491 1028 5664 &
1071 5461 1846 5706 l’eftime
1884 5506 3101 5797 particulière

724 5756 1444 5987 I.Part.
2450 5841 2603 6029 B
