1034 1737
437 163 327 62 EPISTRE.

196 205 806 83 le l'vnique Chriſtine de France Ducheſſe

195 279 805 61 Souueraine de Sauoye. Ce n’eſt pas que Ze¬

195 334 807 62 nobie ſe plaigne au Ciel de vous auoir donnée

194 385 808 68 à la terre; bien eſloignée de ce ſentiment, elle

196 448 807 60 vient vous proteſter par ma voix, qu’elle eſt

192 497 807 66 moins glorieuſe d’auoir eſté ſ'objet de la vene¬

192 560 805 60 ration de ſon temps, que d’auoir ſeruy de pre¬

192 612 808 62 miere Idée à la Nature pour ſe former tout ce

195 664 804 65 qui compoſe Voſtre ALTESSE ROYA¬

192 722 807 62 LE. Ie veux dire cette perfection conſommée

192 781 807 59 qui vous rendant par preference à toute autre

191 833 806 61 l'Heroïne de voſtre Sexe, force Zenobie de

194 888 802 64 venir iuſques dans la Capitale de vos Eſtats

192 946 801 58 vous auoüer qu’elle n'eſt plus que voſtre om¬

191 997 802 65 bre, & me porte à vous rendre vn hommage

192 1053 801 65 que voſtre merite extraordinaire exige de tout

191 1104 802 67 le monde. Non, MADAME, perſonne

191 1158 801 69 n’en eſt diſpenſé, toute la terre vous le doit,

189 1215 801 67 non parce que vous eſtes Fille d’Henry le

191 1266 799 68 Grand, Sœur de Loüis le Iuſte, & Tante de

191 1321 802 68 Loüis Dieu-Donné, mais parce que vous

189 1378 798 68 eſtes Vous meſme, & que vous ſeriez plus di¬

194 1433 798 69 gne de commander à toutes les Nations par

194 1489 795 78 vn merite qui vous eſt propre, que par des
