1034 1737
238 133 319 72 EPISTRE.

589 1560 91 51 ã iiij

2 191 829 75 conſiderations naturelles. Qui donc a iamais

8 257 818 65 mieux merité que voſtre ALTESSE

5 311 826 69 ROYALE l'Empire du Monde; ce ne ſont

5 373 827 64 ny les Semiramis, ny les Tomiris, elles ont eu

7 427 825 68 mille deffauts, & vous eſtes accomplie, ſi bien

7 486 827 68 que vous ne pouuez permettre à l’imagination

7 541 825 68 humaine de ſe rien figurer qui vous approche

8 599 827 65 que la ſameuſe Zenobie. Elle eſt ſortie,

10 654 827 68 MADAME, du ſang des Ptolomées, Vous

11 707 826 71 eſtes ſortie du Sang de Bourbon; Elle a eſté la

11 765 824 73 femme du grand Odenat, Vous auez eſté cel¬

11 825 827 68 le du grand Victor Amedée, & Vous auez

11 880 824 68 eu toutes deux la gloire d’auoir eſpouſé des

13 940 822 67 Souuerains, qui ſelon leurs vertus reglans

13 991 824 72 leurs pretentions, n’ont iamais meſuré leurs

15 1056 819 65 Eſtats que par l'eſtenduë de leurs courages.

15 1105 822 73 Que n’auroient-ils pas fait tous deux, ſi leur

15 1163 822 70 mort n'euſt borné leur victoire; mais ne m’a¬

11 1221 828 73 uoüerez-vous point, que ſans leur trépas vo¬

10 1275 829 78 ſtre ALTESSE ROYALE, ny Zenobie,

13 1336 828 69 n'auriez pas fait connoiſtre à toute la terre vo¬

11 1389 828 78 ſtre courage & voſtre prudence, & que voſtre

14 1447 827 75 Sexe eſt auſſi capable que le noſtre d’entre¬

18 1502 820 85 prendre hardiment & d’executer plus glo¬
