1034 1737
443 156 315 62 EPISTRE.

204 209 801 71 rieuſement. On vous a veuës, MADAME,

205 273 805 59 I’vne & l’autre dans voſtre veuuage ſolemni¬

207 330 805 59 ſer par mille actions éclattantes la memoire

205 382 808 65 de vos illuſtres Eſpoux, & quand la fortune

204 441 811 54 a voulu vous exercer, on vous a veuës dans

207 496 805 58 vos Regences ſouſtenir auec vn zele infatiga¬

204 551 806 56 ble contre l’inuaſion de vos Ennemis l'herita¬

209 602 806 66 ge de vos illuſtres Enfans. C’eſt icy que ie puis

204 657 808 63 dire à Voſtre ALTESSE ROYALE que

204 713 811 62 l’incomparable Comte d’Harcourt vous a

202 771 811 62 dignement ſeruie, & que cependant il ne s’a¬

207 825 802 65 gira iamais de trauailler pour voſtre gloire,

204 880 806 59 que cet inſigne Faiſeur de miracles en matie¬

204 936 805 61 re de victoires ne prodigue toûjours cette meſ¬

204 992 806 60 ma vie qu’il a ſi ſouuent expoſée pour voſtre

205 1040 801 71 ſeruice. Ne doit-il pas, auſſi MADAME,

202 1100 807 65 me confeſſer que iamais Throſne n’a porté

205 1155 804 65 vne Souueraine plus digne d’eſtre ſeruie que

205 1210 800 65 vous l’eſtes; vous attirez tous les cœurs à vous,

207 1266 800 61 vous les gagnez, vous les conſeruez, & i’ad¬

202 1317 803 69 iouſte que ſi le Ciel euſt voulu qu’on euſt auſſi¬

204 1372 802 69 toſt aſſujetty les hommes par le cœur que par le

202 1430 804 65 bras, vous pourriez eſtre dés long-temps la

204 1480 798 84 ſeule Maiſtreſſe du Monde. Il ſeroit iuſte que
