1034 1737
23 190 819 79 vous la fuſſiez; Vous auez tout ce qu'il faut

21 240 826 88 auoir pour eſtre digne de l'eſtre; Vous auez la

23 301 821 82 naiſſance & la generoſité, Vous auez la dou¬

26 360 824 80 ceur & la majeſté, Vous auez l’intelligence

28 413 822 84 & la prudence, & ie tient dans l’idée que ie

26 470 829 84 me fais d’vn parfait gouuernement, que le

28 529 830 77 monde ſeroit tres-heureux d’eſtre gouuerné par

34 586 826 78 noſtre ALTESSE ROYALE. Toutefois,

33 639 830 84 MADAME, le Ciel pour la diſgrace de la

33 702 825 76 terre vous a ſimplement ſoûmis la Sauoye;

34 755 834 80 mais au deffaut d’vn Empire, ne vous a-t’il

39 814 825 82 pas fait preſent d’vn cœur qui eſt incompara¬

37 869 830 80 blement plus grand que tout le monde, & qui

40 929 826 77 Ie tiendra toûjours plus digne de ſes mépris,

43 982 825 84 qu’Alexandre ne le cruſt digne de ſon ambi¬

44 1040 829 80 tion. En effet quel vſage ne faites-vous pas

46 1092 830 90 des grãdeurs, Vous en eſtes la Maiſtreſſe, pen¬

47 1150 830 87 dant que tant d’autres Souuerains en ſont les

50 1205 830 90 eſclaues. Ah! qu’il eſt beau d'entendre dire à

47 1260 836 89 toute l’Europe, que iamais la Nature n’a pro¬

52 1318 829 86 duit vn cœur ſi genereux que celuy de Voſtre

55 1375 834 92 ALTESSE ROYALE & que quant à

56 1431 833 91 la fermeté de l'ame, les plus rudes reuers de la

62 1492 822 101 Fortune ne pourroient ébranler voſtre coura¬

254 128 320 73 EPISTRE.
