1034 1737
470 146 312 66 EPISTRE.

207 191 800 88 ge. On l'a veu, MADAME, dans les plus

204 256 801 76 grands perils auec vne extrême conſtance; il

198 308 804 78 eſt vray que voſtre prudence eſtoit de la par¬

195 364 805 77 tie, & que ſi l’infortunée Zenobie euſt eu au¬

194 419 805 80 tant de conduite que vous, elle euſt conſerué

195 474 804 78 les Eſtats comme vous auez conſerué les vo¬

191 526 809 81 ſtres, & les euſt remis auſſi bien que vous, à ſes

188 583 809 77 Enfans, moins comme vne ſucceſſion de leur

186 639 808 81 Pere, que comme vne nouuelle aquiſition fai¬

183 693 811 79 te à force de prudence & de valeur. Quelle

188 742 804 91 gloire pour Voſtre ALTESSE ROYALE,

179 801 810 84 d’auoir remis au Prince Voſtre Fils des

179 855 807 82 Eſtats ſi bien conſeruez & par voſtre admira¬

176 910 805 82 ble conduite, & par celle de voſtre tres-excel¬

173 962 810 93 lent Miniſtre ſi floriſſans, qu’il n’eſt point de

172 1019 805 88 Souuerain qui ne les dûſt regarder auec enuie,

170 1075 807 87 ſi ce n'eſt que le Prince Voſtre Fils qui les poſ¬

166 1130 811 87 ſede trouue infiniment plus en Soy que dans ſa

165 1186 808 86 Souueraineté dequoy leur donner vne perpe¬

165 1240 808 83 tuelle ialouſie. Vous auez encore Madame

163 1291 808 84 la Princeſſe Voſtre Fille, qui peut bien em¬

166 1350 801 85 peſcher tous ces Souuerains d’auoir de l’en¬

159 1405 808 88 uie pour les Eſtats du Prince ſon Frere. Ils

159 1460 801 100 n’ont que trop de la paſſion qu’Elle leur don¬
