1034 1737
2 195 823 80 ne. L’amour qu’Elle fait naiſtre dans leurs

1 247 820 91 ames y ſurmonte l’ambition, & m’y laiſſe que

2 303 822 89 ce profond reſpect auec qui les plus grands

4 363 821 81 Rois de l'Europe ne peuuent que luy proteſter

7 421 821 87 que les plus hautes Alliances ſont encore au

5 477 820 81 deſſous de ſon merite. Enfin, MADAME,

10 537 816 79 vous deuez vous glorifier d’eſtre la Souuerai¬

11 589 817 82 ne, & la Mere ſa plus ſatisfaite du monde.

13 649 821 80 Pour moy qui viens auec Zenobie admirer

11 706 824 82 cette rare & legitime felicité, s’il m'eſt permis

15 757 820 91 d'y deſirer quelque choſe, ie ſouhaite qu'elle

18 819 820 87 ſoit auſſi longue qu'elle eſt grande, & qu’elle

20 874 818 84 eſt juſte & vous coniure, tout enſemble de

23 937 816 84 ſouffrir que rien ne manquant à tous vos

21 987 817 84 vœux, je rempliſſe tous les miens à vouloir

23 1055 628 85 eſtre auec toutes ſortes de reſpects,

55 1208 367 81 MADAME,

98 1308 710 103 DE VOSTRE ALTESSE ROYALE,

322 1418 539 75 Le tres-humble, le tres-obeïſſant

441 1467 417 57 & le tres-ſoûmis ſeruiteur,

515 1503 346 67 DE MAGNON.

234 136 324 72 EPISTRE.
