1034 1737
231 290 514 102 MON CHER LECTEVR,

249 382 776 94 Tu peux croire ſur mon rapport, qu'ayant eſté à Turin pour

218 441 804 75 y dedier Zenobie & Tite à Leurs Alteſſes Royales; I'ay

218 480 802 75 trouué dans la Mere & dans le Fils tout ce qui fait la ve¬

215 515 805 77 ritable Souueraine & le veritable Souuerain; Tu dois croire

217 561 799 67 encore que les Princeſſes Louize Marie, & Marguerite,

212 593 806 77 ſont des Princeſſes tres-accomplies; ſur toute choſe Elles

212 634 804 72 ont vne admirable bonté, & la Princeſſe Louize Marie a

211 668 804 76 des yeux qui portent l’intelligence dans les ames: Tu peux

211 707 805 77 voir le Sonnet que i’ay fait pour Elle: I’en ay fait vn pour

208 745 801 78 Monſieur le Marquis de Pianeſſe, premier Miniſtre de

205 783 807 76 I’Eſtat de Sauoye, c’eſt vn Homme extraordinaire: Ie t'en

205 823 805 77 entretiendray plus particulierement au Traité des Hommes

202 861 807 76 Illuſtres, entre leſquels & des premiers, ie pretens mettre

202 897 804 75 Monſieur le Duc de Nauailles plus par juſtice que par

198 935 807 76 reconnoiſſance des faueurs qu’il m’a faites à Turin: C’eſt

195 971 807 82 I’Homme le plus genereux qui viue, & l’vn des mieux

194 1010 805 82 faits, des plus ſages, & des plus vaillans Hommes qui

191 1050 806 76 ſurent iamais: Lis le Sonnet que i’ay fait pour luy. Au

191 1088 799 78 reſte le temps approche que ie veux tenir parole au Public,

189 1123 803 81 il aura bien-toſt mon premier Volume de la Science Vni¬

189 1162 803 79 uerſelle, Tu y trouueras ſans doute des Vers incompa¬

186 1201 801 77 rablement plus forts que ceux de ma Zenobie; ſi toute¬

183 1239 804 81 fois elle eſt plus à moy, qu’au fameux Monſieur l'Abbé

183 1276 803 83 d’Aubignac, qui l’ayant autrefois miſe en Proſe auec vn

181 1314 799 85 ſi beau ſuccez, ne peut voir qu’auec confuſion que i’en aye

181 1349 406 76 alteré les principales beautez.
