1034 1737
188 338 407 62 A MADAME

76 424 630 88 LA PRINCESSE

7 523 799 122 LOVIZE MARIE

111 648 571 91 DE SAVOYE.

27 1389 807 80 Qu’ils en font plus ſentir, qu'on n’en peut exprimer,

13 1437 800 74 Et qu’en vn ſeul moment ils font entrer dans l’ame

15 1488 564 72 Vne neceſſité de ſçauoir & d’aymer.

12 823 80 94 N

79 797 684 64 Ovs appellons les yeux des Soleils animez,

94 840 727 70 Mais, PRINCESSE, les tiens jettent tant de

28 904 144 44 Iumiere,

13 920 732 70 Qu’on ne peut preſumer qu’ils ayent eſté formez

10 965 635 65 Que d’vne penetrante, & diuine matiere.

34 1040 669 68 Les Celeſtes Eſprits, y ſemblent enfermez

11 1079 779 68 Parlons mieux, leur vigueur y paroit toute entiere,

13 1124 670 62 Et l’on diroit de l’air qu’ils y ſont enflamez

15 1160 685 73 Que leur intelligence eſt deſſous ta paupiere.

36 1240 669 67 En effet la ſcience eſt comme dans tes yeux

13 1272 819 75 Elle y brille, elle y brûle en tous temps, & tous lieux

13 1312 816 79 Telle eſt donc leur clarté, leur chaleur, & leur flame.
