1034 1737
386 288 516 65 A MONSEIGNEVR.

321 360 662 104 LE MARQVIS

587 476 116 65 DE

229 534 805 131 PIANESSE.

244 752 39 90 I

288 755 643 58 Lluſtre de Pianeſſe aprens que ta naiſſance

283 799 751 57 Fait ton moindre merite, & tes plus cõmuns droits,

237 839 694 54 Que ne peux-tu pretendre auec cette prudence

237 875 685 57 Qui te fait admirer des Princes, & des Roys.

266 951 615 57 Ils vantent à l’enuy ta haute intelligence

236 987 692 58 Tout le Monde auec eux confond icy ſa voix,

228 1026 752 63 Et ne peut qu’auoüera CHRISTINE de France;

228 1068 701 59 Que ſon profond Eſprit éclata dans ton choix.

251 1142 717 60 Ah; ſi Platon viuoit il verroit dans noſtre aage

224 1178 715 62 Vn Miniſtre d’Eſtat vaillan, ſçauant, & ſage,

221 1217 743 65 C’eſt Toy qui nous fais voir ce Miniſtre parfait.

247 1292 647 67 Ton ame par la gloire eſt ſans ceſſe guidée

214 1331 589 61 Et tu te peux vanter de reduire à l’effet

215 1369 678 74 Ce qu’vn diuin Platon n’auoit eu qu’en Idée.
