1034 1737
86 325 646 75 A MONSEIGNEVR

185 412 485 93 LE DVC

354 523 132 86 DE

24 618 813 115 NAVAILLE.

47 1034 808 60 Tu tenois d’Elle vne Ame,& grãde, & forte, & pure.

26 1082 695 51 Elle trempa ton cœur dans l’eſſence du bien,

27 1123 705 49 Et rien ne te manquoit, qu’vne viue teinture,

31 1160 652 57 Dont vn Eſprit diuin dût eſclairer le tien.

24 810 75 91 D

99 797 745 58 V Grand de RICHELIEV tres-digne Nourri¬

143 854 95 34 ture,

21 880 742 57 Que n’as-tu point receu d'vn art tel que le ſien ?

24 924 701 48 Mais que n’auois-tu pas de ta propre nature?

24 959 730 57 Si l’vn donna beaucoup, l’autre n’épargna rien.

62 1392 788 62 IVLES qui t’employa nous donne lieu de croire,

34 1438 717 55 Que ne ſuiuant pour toy ny faueur, ny hazart.

37 1477 746 70 Au tant qu’a ta grandeur il trauaille à ſa gloire.

56 1237 807 55 Auec ce double Eclat, tu parus comme vn homme,

36 1276 789 57 Qui tenoit des Heros d’Athenes, & de Romme.

34 1321 734 52 Si bien qu’eſtant parfait par nature, & par art.
