1034 1737
78 214 601 45 bas. ODENIE. haut.

2 246 798 59 Ah! s’il pouuoit m’aimer, nommez-nous Timagene.

301 290 184 42 ZABAS.

4 322 804 57 Princeſſe, voudriez-vous qu’il vous nõmaſt la Reine?

233 367 307 46 TIMAGENE.

20 403 728 54 De crainte que la Cour ne connuſt mes deſirs,

1 444 805 53 Dés le fonds de mon cœur je changeay mes ſoûpirs.

2 484 808 51 Ils partoient de l’amour, c’en eſtoit là la ſource;

2 523 808 54 Ma douleur les ſurprit cõme ils faiſoient leur courſe,

4 567 598 46 Et de leur violence arreſtant la moitié,

7 603 675 51 Ne les fit plus paſſer qu’au nom de la pitié.

7 645 708 46 En effet leur donnant vne ſi douce gehenne,

4 683 692 49 Ie ſemble les offrir aux malheurs de la Reine.

302 722 191 43 ZABAS.

27 754 740 56 Voſtre compaſſion ne les peut mettre au iour,

8 799 716 55 Que comme des enfans qu’elle vole à l’amour.

2 840 751 48 C’eſt vn doux artifice à ſurprendre vne femme;

4 877 708 53 L’amour par la pitié ſe gliſe dans ſon ame,

2 920 620 51 Et ſon cœur attiré par de ſecrets appas

4 953 811 58 Prend gouſt à des douceurs qu’elle ne connoiſt pas.

311 997 230 48 ODENIE.

28 1033 725 55 La pitié, Timagene, en vain cache la choſe,

5 1079 733 48 On peut forcer l’effet, & non jamais la cauſe.

7 1116 811 46 I’en ſçay qui comme vous veulent cacher leurs feux,

5 1155 814 52 Mais qui vont par leurs yeux au delà de leurs vœux;

2 1192 738 54 ils en découurent plus qu’ils ne penſent en dire.

5 1233 740 46 C’eſt aſſez, comme vous ils ſouffrent le martyre,

5 1272 694 52 Et ſe donnans entiers à de vaines douleurs,

5 1311 729 49 Si vous ſentez vos maux ils reſſentent les leurs.

280 1351 305 48 TIMAGENE.

17 1383 808 58 Souffrõs dõc, vous Zabas, qui me donnez la gehenne,

5 1428 819 55 Nuirois-je à voſtre amour quãd j'aimerois la Reine;

7 1475 601 46 Le grand Aurelian eſtant noſtre riual

11 1509 717 73 Qui de nous deux à l’autre auroit eſté fatal:

572 1550 91 65 A ij

159 137 468 80 TRAGEDIE.

786 167 23 44 3
