1034 1737
231 208 794 53 Quel mal nous feriõs-nous, nous de qui l’impuiſſance

233 251 714 47 Ne voit que dans nos vœux vne entiere licence.

231 292 788 42 En vain donc voſtre amour veut deſcouurir le mien;

231 331 788 46 Nous oſons, nous parlons, & nous ne pouuons rien.

527 366 221 47 ODENIE.

262 403 760 48 Aimeroit-il la Reine, où luy-meſme en perſonne

231 445 719 47 La combat, la deffait, la pourſuit, l’enuironne,

228 486 659 42 Et la reduit au point de n’auoir en ces lieux

233 522 789 49 Ou que voſtre aſſiſtance, ou le ſecours des Dieux.

511 561 178 44 ZABAS.

256 597 767 47 Ne vous y trompez pas, le deſpit nous entraiſne,

230 638 767 42 Et l’amour prend par fois le chemin de la haine;

227 675 728 44 Du moins Aurelian ſe rendant ſon Vainqueur,

231 715 716 43 Comme dans ſes Eſtats entrera dans ſon cœur.

230 752 776 45 Il l’aime à la Romaine, & par droit de conqueſte,

227 793 695 43 Il veut auoir ſon cœur en menaçant ſa teſte,

231 832 688 40 Ou ſi ſon ame manque à ſes derniers efforts,

230 868 691 43 Se rendre malgré nous le tyran de ſon corps.

227 906 798 45 Ah! donnons la bataille; allons iuſqu’en ſa tente,

230 943 569 45 Finir auec ſa vie vne ſi lâche attente,

231 984 721 42 Et troublant les progrez d’vn ſi fier conquerant,

231 1020 713 46 Par ſon ſang ou le noſtre en borner le torrent.

499 1056 220 44 ODENIE.

260 1092 764 52 Vous donc, les protecteurs d’vne Reine aſſiegée,

231 1134 710 47 Vous les Amans ſecrets d’vne Reine affligée,

231 1172 713 46 Vous enfin, Timagene, & vous auſſi Zabas,

228 1213 727 43 Suſpendez voſtre amour au milieu des combats,

228 1250 790 44 Seriez-vous jaloux d’elle, & jaloux l’vn de l’autre,

227 1286 795 47 Dans vn temps où ſon trouble égale bien le voſtre?

230 1330 727 40 Non, non, ſeruez la Reine, & par voſtre retour

228 1367 762 45 Contentez voſtre gloire auant que voſtre amour.

534 1405 184 42 ZABAS.

254 1440 768 48 Ah! quand je l’aimerois, i’aurois lieu de vous dire

225 1482 730 59 Qu’en vain pour Zenobie on endure, on ſoûpire;

434 147 391 68 ZENOBIE

241 160 29 57 4
