1034 1737
7 204 818 46 Et comme elle a le cœur plus grand que l’Vniuers,

10 238 698 57 Qu’à peine vn Empereur eſt digne de ſes fers;

8 279 774 52 En vain donc mon amour redoubleroit mon zele,

10 317 738 56 L’Empereur qui l’aſſiege eſt le plus digne d’elle.

13 360 647 49 Vn Prince comme moy ſon naturel Vaſſal

13 399 621 54 Du grand Aurelian eſt l’indigne Riual.

314 437 229 47 ODENIE.

36 474 702 54 Ie dois vous aduertir de la part de la Reine,

13 510 821 63 Qu’elle a pour ce vainqueur moins d’amour que de

66 568 106 37 haine.

14 593 678 55 Et qu’avant autrefois mépriſé ſon ardeur,

11 636 702 53 Elle en dédaigne encor iuſques à la grandeur.

351 677 184 42 ZABAS.

37 713 672 55 Et c’eſt de Timagene animer l’eſperance.

276 757 301 43 TIMAGENE.

43 791 795 57 De tous mes ennemis, ie crains peu la puiſſance.

322 836 189 46 ZABAS.

37 868 801 61 Nous verrons ſi Ceſar ne peut pas plus que vous.

302 914 228 42 ODENIE.

40 952 656 51 En genereux Riuaux ceſſez d’eſtre jaloux.

333 992 186 48 ZABAS.

47 1027 740 57 Vous qui nous retenez de la part de la Reine,

21 1071 723 46 Dites-nous; elle ſort, quel air de Souueraine,

23 1105 738 63 Iamais Minerve & Mars n’eurent tant de fierté.

582 1537 104 72 A iij

183 131 461 74 TRAGEDIE.

799 156 25 53 5
