1034 1737
391 345 472 68 SCENE II.

218 435 798 58 ZENOBIE, ILIONE, DIOREE,

256 484 745 70 ODENE, ZABAS, ET TIMAGENE.

485 565 247 57 ZENOBIE.

285 629 631 46 Rinces, le ſort me traite auec indignité,

282 670 686 45 Ma fille de ma part aura pû vous apprendre,

215 710 716 41 Que ie perdray la vie auant que de me rendre;

212 745 690 45 Et quoy qu’Aurelian ſoit venu m’aſſieger,

212 784 804 45 Que mon cœur tel qu’il eſt ne peut iamais changer.

211 822 773 43 En vain je ſuis reduite aux ſeuls murs de Palmire;

211 861 801 43 Mais, quoy, mes Generaux, chacun de vous ſoûpire.

218 901 752 42 C’eſt trop, voſtre courage eſtant comme abbatu,

211 940 707 41 Vos mutuels ſoûpirs font honte à ma vertu.

511 974 179 43 ZABAS.

231 1010 648 49 Qui ne s’affligeroit d’vne telle infortune.

495 1052 258 43 ZENOBIE.

227 1088 789 45 Mon cœur n’eſt pas commun, ny mon ame cõmune,

220 1126 789 46 Vous donc, ſans different mes fameux deffenſeurs,

212 1171 720 40 Apprenez que la gloire a ſes propres douceurs.

208 1205 704 44 Cependant ſi le ſort m’a rauy ma couronne,

207 1240 729 51 Iuſqu’au dernier ſoûpir defendez ma perſonne,

205 1282 676 43 Et comme voſtre zele a ſeruy ma grandeur,

207 1321 653 42 Ayez pour mon ſalut vne pareille ardeur.

207 1357 802 47 Qui l’euſt crû? ma grãdeur n’a plus rien que de sõbre;

207 1395 802 48 D'vn ſi grãd corps d’Eſtats, ie n’ay preſque que l’õbre;

208 1435 802 45 Parlons mieux, d’vn Empire auſſi grand que nouueau.

207 1476 734 68 A peine il m’eſt reſté dequoy faire vn tombeau.

446 154 367 57 ZENOBIE

225 156 37 50 6

215 616 64 97 P
