1034 1737
289 206 217 45 ZABAS.

34 228 730 78 Vous auez vne armée à l’entour des murailles.

246 280 305 50 ZENOBIE.

24 314 724 69 Contre vn Aurelian i’ay perdu cinq batailles,

4 354 762 71 De l’vn des tiers du Monde ayant tous les Eſtats,

8 399 655 62 I'ay pû donner des loix à mille Potentats.

4 435 673 67 I'ay veu toute l’Aſie à mes ordres ſoûmiſe,

11 471 775 68 Rien n’y regnoit en paix que ma ſeule franchiſe.

4 522 614 59 Et par vn effroyable & peu iuſte reuers,

5 560 637 60 Ie ſuis preſque reduite à la honte des fers.

7 596 728 62 Ah! de mon cher Eſpoux eſclatante memoire,

7 639 683 61 I’ay pour venger ta mort aneanty ta gloire,

8 674 723 59 Ou dans l’empreſſement d’acheuer tes progrés,

5 715 706 63 I’ay changé tes lauriers en autant de Cyprés.

13 751 808 65 Vous les chers compagnõs de toutes mes conqueſtes,

10 794 758 62 Mes exploits n’ont eſté que de courtes tempeſtes,

13 829 789 67 Et toutes mes grandeurs qu’vn vain amas d’eſclairs

14 871 731 64 Que la foudre entr’ouurant diſſipe dans les airs.

18 906 720 65 Tel eſt l’Eſtat Romain dans ſa vaſte eſtenduë,

13 946 774 70 Ma puiſſance auiourd’huy s’y trouue confonduë,

15 985 827 70 De l’air dont mes grandeurs s’y viennent d’abyſmer,

18 1024 784 68 Ce n’eſtoit qu’vn torrent qui rouloit dans la Mer.

18 1069 745 64 Hé bien! eſcoulement de ma grandeur paſſée,

23 1105 719 68 Vous affligez mes yeux, & non pas ma penſée.

18 1153 655 55 Fortune, mes Eſtats te ſont enfin rendus;

20 1192 617 58 Ie les auois conquis, ſi ie les ay perdus.

20 1226 730 66 Du moins ſi ie les perds, Fortune c’eſt ta faute;

21 1269 716 61 Ma vertu les conquiſt, ton crime me les oſte,

21 1308 653 62 Et ton Aurelian ne prend que par bonheur

23 1349 711 65 Des biens que Zenobie acquiſt auec honneur.

295 1391 277 50 ODENIE.

52 1422 692 70 Peut-eſtre Aurelian les rauit pour les rendre.

285 1470 305 55 ZENOBIE.

63 1492 788 90 Quoy luy me redonner ce qu’il a pû me prendre;

777 156 33 43 7

163 143 459 75 TRAGEDIE.
