1034 1737
4 192 665 54 Depuis, ſes Legions l’ayant fait Empereur

1 228 733 57 Il croit me déthroſnant me montrer mon erreur.

4 270 595 54 Deſia ſon eſperance auide & deuorante

4 308 680 53 Croit me tenir captiue au milieu de ſa tente,

5 348 630 54 Et d'vn œil altier voyant le mien confus,

2 390 616 50 A force de dédains punir tous mes refus.

4 427 691 53 Mais quoy que ſa fierté ſurpaſſe la Romaine,

4 473 718 43 I’ay braué ſon amour; ie braue encor ſa haine,

8 508 703 52 Et ne regarde en luy malgré leur double effort

1 550 720 60 Que le honteux ouurage & du crime & du ſort.

273 587 264 47 RVTILE.

27 626 765 52 Ne l’ayant iamais veu vous ne voulez rien croire

15 667 674 52 De ce qui peut ſeruir ſon amour & ſa gloire.

2 709 703 49 Ne vons eſtonnez pas s’il recherche à ſon tour

15 746 669 53 Le plaiſir de vanger ſa gloire & ſon amour;

11 788 647 52 Toutefois ſa bonté vous offre voſtte grace.

247 825 310 47 ZENOBIE.

28 867 397 50 Mais encor, à quel prix?

278 909 263 43 RVTILE.

304 940 428 57 En quittant voſtre audace.

293 988 218 49 ZABAS.

34 1029 354 63 Inſolent, taiſez-vous,

253 1065 303 51 ZENOBIE.

372 1102 357 53 Non laiſſez-le parler.

36 1146 660 53 Par ma propre vertu ie puis m’en conſoler.

10 1189 619 45 Elle me met autant audeſſus des outrages

2 1226 694 62 Que l’eſt l’Aſtre du jour au deſſus des nuages.

276 1269 259 48 RVTILE.

36 1296 772 68 Vos Generaux, Madame, ont vn peu trop d’ardeur.

236 1347 354 46 TIMAGENE.

27 1376 727 70 Rutile, de ton maiſtre on connoiſt la grandeur.

273 1430 268 46 RVTILE.

31 1461 764 58 Si vous la connoiſſez, ozez-vous vous deffendre:

8 1503 814 71 C’eſt à luy d’ordonmer comme à vous de vous rendre.

619 1554 38 62 B

777 153 28 51 9

157 128 468 65 TRAGEDIE.
