1034 1737
543 182 212 52 ZABAS.

267 218 722 62 Eſt-ce, là ton employ de nous le commander.

519 264 255 45 RVTILE.

272 299 686 57 Princes c’eſt trop de faſte, il faut enfin ceder.

251 341 749 61 Vous, Madame, il eſt temps d’aſſeurer voſtre vie.

506 379 291 49 ZENOBIE.

273 416 645 60 Eſt-ce de ton Ceſar la promeſſe & l’enuie.

521 457 252 51 RVTILE.

276 493 717 61 Si vous vous rendez tous il vous laiſſe le iour.

505 534 294 52 ZENOBIE.

278 571 722 55 Sa faueur marque encor vn beau reſte d’amour.

538 612 248 49 RVTILE.

278 649 673 60 Si vous n’obeiſſez n’attendez point de grace.

532 689 251 47 ODENIE.

280 723 670 61 Ah! de ton Empereur inſupportable audace.

464 768 384 51 RVTILE, ſortant.

283 807 446 51 Vous vous allez tous perdre,

522 840 291 53 ZENOBIE.

718 880 314 43 Au moins avec eſclat.

254 919 655 55 Dis à ton Empereur que i'attens ſe combat.

254 961 648 49 En effet hazardons, preuenons ſon enuie;

256 994 708 55 Si i’ay perdu le ſceptre, il faut perdre la vie,

256 1027 766 61 Non que ie craigne icy de voir mon throſne à bas

259 1072 730 57 Tant que le ſouſtiendront Timagene & Zabas.

257 1113 700 52 C’eſt vouis qui ſecondans le cœur de Zenobie,

257 1152 655 55 M’aydaſtes à gagner l’Egypte & l’Arabie;

263 1189 768 52 C’eſt vous dont la valeur m’euſt conquis l’Vniuers

262 1228 764 51 Si le Demon Romain n’euſt deu le mettre au fers.

259 1266 685 54 C’eſtoit ſa deſtinée, & c’eſt encor la mienne,

256 1307 709 49 De voir mon infortune encherir ſur la ſienne.

260 1341 772 55 Ce laſche & nouueau ſort qui me ſuit en tous lieux

259 1385 698 49 A ligué contre moy les hommes & les Dieux.

256 1419 769 64 Eſprouuons ſi ce ſort qui cherche à me deſtruire,

267 1464 623 73 Si ie ceſſois d’agir ceſſeroit de me nuire;

437 125 400 76 ZENOBIE

251 153 48 52 10
