1034 1737
5 201 666 43 Ou ſi me teſmoignant vn eternel courroux,

4 237 770 51 L’horreur qu’il a pour moy paſſeroit iuſqu’à vous.

8 280 658 44 Vous genereux Zabas, allez à mon armée,

4 318 780 45 Par voſtre ordre au combat par aduance animée;

2 358 781 47 Et ſongez quelquefois en choquant les Romains,

7 398 808 46 Que toutes mes grandeurs ſont cõme entre vos mains.

8 438 720 49 Vous, zelé Timagene, au lieu d’vne couronne,

5 477 707 45 Deffendez auec moy la ville & ma perſonne,

5 515 580 48 Et ſignalans tous deux voſtre fidelité,

8 557 555 43 Faites-en vn exemple à la poſterité.

11 587 776 57 Voila, mes Generaux, comine ie vous partage;

10 638 748 45 L'vn remplira ſon zele, & l’autre ſon courage.

10 678 703 39 Allez donc vrais Heros à la honte des Cieux,

10 715 719 49 Souſtenir vn party qu’abandonnent les Dieux.

299 774 210 46 ZABAS

36 827 785 58 C’eſt à nous d’accomplir ce que l’on nous ordonne.

265 878 299 42 ZENOBIE.

39 914 782 50 Voila mon dernier ordre, hé quoy ie vous eſtonne,

14 959 782 44 Non, non, Princes regnez, donnez icy vos loix,

13 998 674 42 S’il me faut obeïr ie veux choiſir mes Rois;

14 1039 799 43 Allez donc l’vn & l’autre où l’homneur vous appelle;

13 1078 689 43 Mais voyez en partant le prix de voſtre zele;

13 1116 616 44 Et conſiderez bien ſans en eſtre ſurpris,

15 1158 636 41 Si du combat ma fille eſt vn indigne prix.

14 1199 649 42 Qui donc d’Aurelian m’apportera la teſte,

14 1237 721 44 Fera du throſne & d’elle vne double conqueſte.

238 1275 352 42 TIMAGENE.

34 1311 734 48 Ah! Madame, ces dons feroient rrop de ialoux.

307 1356 215 42 ZABAS.

37 1391 739 50 Nous n’agiſſons icy que pour l’amour de vous,

14 1433 736 49 Vous dont le bel employ ne me fait point enuie,

11 1473 687 48 Si i’ay ſoin de ſa gloire, ayez ſoin de ſa vie,

13 1515 721 54 Ie vous la recommande, adieu Madame, adieu.

593 1560 73 55 B ij

767 136 48 68 11

166 133 465 66 TRAGEDIE.
