1034 1737
467 198 346 43 TIMAGENE.

262 235 685 50 Madame, mon employ me retient en ce lieu,

234 277 691 44 Ie vay donc donner ordre au ſalut de la ville;

238 315 712 45 Vous Madame, reſtez dans vn eſtat tranquille;

240 358 711 44 Vous Princeſſe, ſongez que pour vous acquerir,

238 395 764 47 Tout autre que Zabas pourroit vaincre ou mourir.

262 573 748 72 SCENE DERNIERE.

231 645 794 65 ZENOBIE, ODENIE, ILIONE,

479 697 326 61 ET DIOREE.

508 764 243 61 ZENOBIE.

237 787 74 87 D

315 814 708 51 Epuis dix ans entiers ces Princes m’ont ſeruie;

228 862 796 42 Ie leur dois mon Royaume & ma gloire & ma vie.

230 898 721 47 Ainſi par leurs bien-faits eſtant pouſſée à bout.

230 939 766 43 Ne leur rendray-je rien lors que ie leur dois tout.

230 979 767 41 O vous qui pour le moins me deuez la naiſſance,

233 1014 767 49 Trauaillez pour vous-meſme à ma reconnoiſſance.

503 1058 223 52 ODENIE.

251 1121 772 47 Madame voſtre eſprit connoiſt ſi mal leurs ſeux,

228 1165 796 45 Que contre leur deſſein vous expliquez leurs vœux.

236 1205 745 45 Non leur ſecret deſir n’eſt point égal au voſtre;

231 1243 791 43 Comment m’aimeroient-ils s’ils en aiment vne autre?

233 1283 667 42 Conſiderez, de grace, où vous me reduiſez;

233 1321 789 46 Les cœurs qui ſont offerts ſont ſouuent mépriſez.

483 1359 261 45 ZENOBIE.

253 1396 769 50 Princeſſe aſſurement, c’eſt vous ſeule qu’on aime.

486 1435 219 45 ODENIE.

887 1437 133 46 ( meſme,

250 1476 772 65 Détrompez-vous, Madame, ils n’aiment que vous-

457 133 372 68 ZENOBIE

241 137 47 72 12
