1034 1737
4 214 805 58 Nous les cõnoiſſons moins à ce qu’ils font pour vous

4 259 667 49 Pour fideles Sujets que pour Amans jaloux.

4 298 680 49 Voyez leurs actions, eſpiez leur conduite,

1 337 691 50 Et vous découurirez leur ſecrette pourſuite.

2 379 782 45 Leurs frequens démeſſez ont dû vous faire voir,

1 418 634 46 Si c’eſt ambition ou pur zele, ou deuoir.

1 457 769 49 I'ay moy-meſme cent fois appaiſé leur querelle;

0 496 805 51 Mais rien que leur amour ne la rend immortelle;

0 538 638 45 Le dernier entretien que j’auois auec eux

1 574 808 52 Ne m’a que trop fait voir qu’ils vous aiment tous

55 622 91 38 deux.

309 613 249 45 ZENOBIE.

18 654 704 50 Qu’on les rappelle donc, ah cruelle fortune,

4 694 805 50 Que ta faueur m’eſt dure, & ta grace importune,

1 733 808 52 Quoy n’ont-ils pû ſous moy m’aquerir tant d’Eſtats,

4 774 804 51 Que pour changer leurs vœux en autant d’attentats.

11 816 795 45 Vous lâches dõt l’amour me fait honte & m’outrage,

4 854 807 52 Ne m’auez-vous pû voir que comme voſtre ouurage;

4 896 701 44 Et ne fus-je par vous eſleuée aux grandeurs,

0 933 724 51 Que pour eſtre immolée à vos propres ardeurs?

2 972 805 49 Non, c’eſt à mon Eſpoux que je dois ma puiſſance,

1 1013 808 48 Comme c’eſt à cent Rois que ne dois ma naiſſance;

1 1056 672 45 En vain voſtre valeur a ſeruy mes projets,

1 1094 715 45 Auant tous vos exploits vous eſtiez mes Sujets;

0 1131 806 54 I’eſtois Reine ſans vous, que m’auez-vous donc faite?

4 1175 636 46 Quoy de vos paſſions l’objet & la ſujette,

1 1215 644 42 Ainſi faiſant valoir voſtre manque de foy,

0 1256 669 43 Auez-vous pretendu de triompher de moy.

243 1292 229 45 ODENIE.

2 1328 661 52 Ils garderont peut-eſtre vn eternel ſilence.

257 1372 271 43 ZENOBIE.

27 1406 744 53 Qu’importe que leur feu ſe mette en euidence;

0 1453 809 45 Ah, vous m’en dites trop, & vous m’ouurez les yeux,

1 1492 808 49 Qu’ils montrent donc leur flame aux hommes com¬

34 1534 257 49 me aux Dieux;

570 1567 86 84 Biij

156 146 458 75 TRAGEDIE.

770 143 35 78 13
