1034 1737
240 220 792 47 En vain leurs cœurs cachez leur ſeruent de refuges,

241 257 769 48 Il leur faut des teſmoins auſſi bien que des Iuges;

240 298 773 45 Mais quand vn tel ſecret ne ſeroit ſceu que d’eux,

243 338 777 42 Ils ſeroient criminels iuſqu'au fond de leurs vœux.

243 377 641 44 Dés qu’vne paſſion doit eſtre illegitime,

243 415 756 42 La former c'eſt foiblefſe, & la dire c’eſt crime.

244 455 713 42 Ils deuoient s’oppoſer à leurs premiers deſirs,

247 492 784 47 Où iuſques dans leur ſource eſtouffer leurs ſoûpirs.

503 531 218 45 ODENIE.

265 570 768 45 Ces malheureux Amans n'auront pû s'en deffendre,

250 610 752 41 Voſtre œil en vn moment les força de ſe rendre.

253 647 779 47 Ainſi quand l’Ame eſt priſe, & priſe en vn moment,

249 689 677 40 Son deſordre prevaut ſur ſon raiſonnement.

483 722 242 45 ZENOBIE.

266 761 765 51 Que n'y ſongeoient-ils mieux, leur honte ſuit leur

325 806 112 42 gloire.

250 836 781 51 S’ils manquent de reſpect, ie manque de memoire.

249 877 715 46 Vous, Princeſſe ſongez qu’il me faut obeïr,

246 914 734 55 Et m’oſter les moyens de les long-temps haïr.

367 1030 565 88 Fin du premier Acte.

246 146 55 74 14

451 151 383 69 ZENOBIE
