1034 1737
130 150 465 65 TRAGEDIE.

70 428 662 111 ACTE II.

15 545 759 84 SCENE PREMIERE.

150 634 504 59 ODENIE. RVTILE.

276 720 239 51 ODENIE.

23 732 65 152 P

141 746 662 86 Vtile encore icy, quand e conbat ſe donne.

331 816 252 45 RVTILE.

178 835 632 75 Ayant eu mon cougé mon delay vous

31 906 131 42 eſtonne.

1 914 718 77 Mais me croyant fidele auſſi bien qu'imprudent

1 975 676 52 Dans vn ſimple enuoyé voyez vn confident.

1 1007 725 59 Ie le ſuis de Ceſar, & n’ay plus qu’à vous dire

4 1053 809 60 Qu’il vous offre ſon, cœur, ſa gloire, & ſon Empire,

1 1094 720 53 Et que tout ce qu’il a de puiſſance & d’ardeurs,

4 1131 722 61 N’eſt deſtiné par luy qu’à faire vos grandeurs.

265 1181 267 59 ODENIE.

24 1227 795 59 Vous m’eſtonnez Rutile, & i’ay peine à cõprendre,

4 1269 788 58 Comme voſtre Ceſar rauit tout pour tout rendre,

4 1314 680 52 Et qu’avant à la Reyne enleué tant d’Eſtats,

5 1356 617 48 Il me rende l’objet de tous ſes attentats;

7 1389 795 58 Quoy moy ſa recompenſe, & par ſa propre eſtime,

7 1435 680 48 La cauſe, le moyen & le prix de ſon crime;

8 1473 692 49 Allez Rutile; allez, je n’ay que de l’horreur

8 1508 794 68 Pour vn ſi traiſtre amant, & plus laſche Empereur.

556 1556 104 53 B iiij

754 138 41 80 15
