1034 1737
521 202 246 44 RVTILE.

270 233 729 57 Madame, il eut raiſon d’abandonner la Reyne.

530 279 254 42 ODENIE.

263 314 656 53 Vne infidele amour me donné de la haine.

519 356 252 46 RVTILE.

275 398 646 43 Qui ſeruit autrefois doit regner à ſon tour.

514 434 256 45 ODENIE.

269 470 549 51 Et ſon inimitié ſuit-elle ſon amour?

519 512 252 42 RVTILE.

269 547 682 53 Les meſpris de la Reyne ont rebuté ſon ame.

511 590 255 42 ODENIE.

240 625 789 52 Quoy? ſon cœur quad il veut cõſerue & perd ſa flame,

240 670 668 43 C’eſt de ſes paſſions ſe rendre le vainqueur.

512 707 255 47 RVTLLE.

269 735 747 65 Ah! plus que la fierté la douceur gagne vn cœur.

509 783 255 43 ODENIE.

263 817 756 54 Comment peut-il m’aimer, il ne m’a iamais veuë.

519 862 249 39 RVTILE.

265 896 722 50 Sur le renom vne ame eſt bien ſouuent émeuë,

236 932 790 53 S’il vous voyoit vous-meſme il verroit dans vos yeux

236 971 773 62 Dequoy vaincre le monde, & le ſort & les Dieux.

514 1017 256 42 ODENIE.

265 1037 761 64 Dites plutoſt, flateur, qu'en l'eſtat ou nous ſommes,

231 1089 798 55 Ie me vois en opprobre à ces Dieux comme aux hom¬

231 1127 797 54 Et que voſtre Ceſar, ſi i’auois des, appas, (mes,

236 1171 711 44 A trauers mille horreurs ne m’aborderoit pas.

241 1205 762 54 Tous ſes agens & luy reconnoiſſans mes charmes

236 1244 734 52 Parleroient peu d’amour au milieu det allarmes,

233 1282 663 52 Et malgré leurs motifs iugeroient à propos

234 1320 718 53 De ne point alterer ma gloire, & mon repos,

236 1359 718 52 S’il ſe peut toutefois que d’vne ame tranquille

234 1396 721 55 Je puiſſe voir en trouble, & l’armée & la ville,

231 1437 710 52 Et que ie puiſſe oüir qu’on me parle d’amour,

234 1476 665 64 Où le ſort de la Reyne émeut toute la Cours;

448 144 378 67 ZENOBIE

246 150 61 70 16
