1034 1737
172 120 450 79 TRAGEDIE

766 118 49 70 17

7 188 647 60 Non de voſtre Ceſar confident temeraire,

7 225 724 65 Dites luy qu’vn tyran ne peut iamais me plaire,

8 270 672 60 Et que mon naturel qui panche à la douceur

10 306 692 63 Ne veut dans vn Eſtat qu’vn iuſte poſſeſſeur.

13 344 783 59 Voſtre maiſtre eſt venu comme vont les tempeſtes,

11 383 813 67 Mais les cœurs ne ſont pas au rang de ſes conqueſtes:

10 422 802 68 Du ſort, & de l’amour, ces deux diuers vainqueurs

11 464 769 61 L’vn donne les Eſtars, l’autre donne les cœurs,

11 502 794 63 Le mien eſt pris, Rutile, & vous deuez connoiſtre

13 541 818 65 Que c’eſt par d’autres ſoins que ceux de vôtre maiſtre;

13 589 669 55 Il le deuoit gagner par cent ſoins differens,

14 629 655 55 Et tout autre moyen que celuy des tyrans;

14 661 825 67 Mais quel eſt ce grand bruits? quoy la Reyne contente,

185 851 475 81 SCENE II.

28 906 819 100 ODENIE, ILIONE, DIOREE,

108 981 652 66 RVTILE, ET ZENOBIE,

282 1066 308 55 ZENOBIE.

37 1120 41 100 I

73 1101 739 64 E retourne, Princeſſe, & reuiens triomphante;

73 1139 739 68 Mais Rutile en ces lieux, que faires-vous icy?

314 1188 268 49 RVTILE.

52 1221 695 65 Madame, mon abord vous donne du ſoucy;

30 1259 737 68 I’ay dû me retirer, mais vous deuez apprendre

33 1295 793 75 Ce qu’vn ſecond employ m’aura fait entreprendre.

282 1346 311 49 ZENOBIE.

30 1376 798 71 Quoy qu’il en ſoit, Princeſſe, apprenez vn combat

33 1421 737 61 Où le ſort m’a rendu ma gloire & mon Eſtat;

33 1463 727 58 Mon cœur coutte Zabas & contre Timagene,

34 1498 797 79 Ne reſpiroit qu’horreur, que colere & que haine,
