1034 1737
421 127 385 78 ZENOBIE

218 130 58 65 18

218 192 721 58 Quand pour ne rien deuoir à ces faux genereux,

217 235 795 57 I’ay voulu par mon bras remplir mes propres vœux,

217 276 679 48 Ie me ſuis donc armée, & ſortant de la ville

217 314 754 52 I’ay creu que mon dépit me rendroit tout facile;

215 351 675 51 Te me ſuis d’abord miſe à la teſte des miens,

212 390 752 51 Et le Tyran s’eſt mis comme au milieu des ſiens;

215 428 801 55 Le ſignal s’eſt donné, mais Dieux! nos deux armées

215 468 719 53 Ont eſté moins par luy que par nous animées:

214 506 733 54 Nos regards & nos voix ont cauſé plus de bruit,

212 547 800 50 Que deux mers par leurs choc n’en ont iamais produit;

211 584 718 48 La valeur de leur Chef leur a verſé dans l’ame,

212 622 771 51 Cette boüillante ardeur dont le Soldat s’enflame;

209 660 668 53 Et cette ſoif de gloire alterant tout leur ſang

208 700 721 52 On euſt penſé que Mars alloit de rang en rang;

211 738 698 52 Ainſi me preualant de cette ardeur guerriere

209 778 707 49 Contré mes ennemis i’ay marché la premiere,

207 814 777 54 Eux d’abord s’eſbranlans, & marchans ſans effroy

205 856 729 53 Sont venus pas à pas comme au deuant de moy;

205 891 736 54 Leur fierté m’a ſurpriſe & ne m’a point troublée,

208 930 697 51 Si ce n’eſt quand la terre en parut eſbranſée,

207 968 701 53 Ce prodige m’a miſe en quelque eſtonnement,

207 1008 724 51 Cepedant à bon heur i’ay pris ce tremblement;

207 1043 799 57 Les Romains de leur part l’imputans à nos charmes,

201 1084 701 52 En ont pris ſur le champ de fatales allarmes,

201 1123 754 52 Mais ils n’ont pas laiſſé de combattre à nos yeux

201 1160 777 54 Comme ſi leur Demon euſt dû vaincre les Dieux;

201 1198 775 55 Nous! de noſtre coſté comme des Dieux viſibles,

202 1236 772 58 Nous auons fait des coups à tout autre impoſſibles,

199 1276 714 52 Et l’on m’a veu combattre auec autant d’effort

202 1314 685 52 Que ſi mon ſeul genie euſt dû vaincre le ſort;

199 1349 803 60 En effet i’ay vaincu, i’ay traiſné la victoire, (re;

201 1389 799 59 Et de deux chãps d’horreur n’en ay fait qu’vn de gloi¬

207 1428 747 57 Tout m'a cedé, Princeſſe, & de ma propre main,

202 1466 717 72 I'ay fait vn priſonnier d’vn Empereur Romain.
