1034 1737
166 130 452 91 TRAGEDIE

761 136 54 68 19

299 209 216 44 RVTILE.

85 235 708 71 Aurelian, Madame, eſt en voſtre puiſſance?

267 283 302 51 ZENOBIE.

46 318 698 64 Oüy, i’ay pris ton Ceſar malgré ſa reſiſtance,

7 357 725 65 Ah! Reyne, m’a-t’il dit, ie te cede à mon tour

11 399 763 62 Comme ton priſonnier & de guerre & d’amour.

10 440 705 62 I'ay d’abord ordonné ſans luy faire réponce,

11 476 782 68 Qu’on le remiſt ſur l’heure au pouuoir de Leonce,

13 522 614 58 Et que par Timagene eſtant icy conduit

14 555 676 64 Il y fuſt amené ſans deſordre & ſans bruit;

15 597 680 64 I’ay dû l’y preceder pour luy faire conneſtre

17 636 712 61 De quel air Zenobie y doit voir vn tel maiſtre;

15 671 787 68 Mais pour ne pas laiſſer mes trauaux imparfaits,

18 713 781 64 Zabas pourſuit encor tous ceux que i’ay defaits;

24 751 775 68 Tu ſçais, tu ſçais, Rutile, où montoit ſon audace,

24 797 663 59 Tu venois de ſa part me preſenter ſa grace,

20 833 666 63 Et tu vas bien-toſt voir ce ſuperbe domté,

24 871 707 64 Les deux genoux en terre implorer ma bonté.

305 916 253 50 RVTILE.

23 943 779 74 Non, à moins que le voir ie ne le ſçaurois croire.

272 995 294 50 ZENOBIE.

52 1030 640 62 La fortune deuoit ce miracle à ma gloire;

28 1069 675 68 Apres ce coup fameux ie n’ay rien à vouloir.

311 1113 252 53 RVTILE.

33 1149 644 59 I’en ſerois conuaincu ſi ie pouuois le voir.

291 1192 299 51 ZENOBIE.

37 1224 678 72 Tu le peux voir, il entre auecque Timagene.

62 1275 501 53 bas. RVTILE.

36 1317 418 61 Dieux, qu’elle eſt abuſée!
