1034 1737
389 373 472 77 SCENE III.

231 442 791 73 ZENOBIE, ODENIE, ILIONE,

293 495 683 65 DIOREE, TIMAGENE RVTILE,

320 545 616 60 ET MARTIAN qui eſt vn

409 594 429 57 faux AVRELIAN.

453 668 336 52 TIMAGENE.

616 716 66 87 E

684 752 334 48 Nfin ie vous l’ameine;

217 775 691 63 Malgré tout ſon orgueil cét Empereur domté

215 819 582 55 Ne ſe repoſe plus que ſur voſtre bonté.

215 854 677 63 Sa priſon l’a deffait de ſon humeur hautaine.

215 894 357 51 Vous le voyez ſoûmis.

476 939 313 49 MARTIAN.

608 982 401 51 Auguſte & grande Reyne.

473 1016 280 49 ZENOBIE.

237 1046 644 62 Ah! malgré ma victoire & nos inimitiez,

205 1085 723 62 I’ay honte, Aurelian, de vous voir à mes pieds.

205 1127 723 58 De grace leuez-vous, & faites-moy connoiſtre

204 1162 786 65 Ce qu’eſt vn Empereur, ou ce qu’il deuroit eſtre,

202 1204 768 62 Quoy le maiſtre du monde encore à mes genoux?

202 1241 674 60 Ah! certes mon plaiſir modere mon couroux.

199 1279 724 65 Quelque fureur dont Rome, ait irrité mon ame

199 1315 733 65 I’ayme à la voir en vous aux genoux d’vne fame.

199 1353 803 72 Qu’il eſt beau, mon captif, quand par de fiers regards

198 1392 799 74 On voit ramper ſous ſoy tout l’orgueil des Ceſars!

198 1428 780 75 Leuez-vous cependant, Rome eſtant ma Riuale,

196 1466 727 87 Je ne veux plus ſouffrir qu’vn des ſiens la rauale

415 144 371 76 ZENOBIE

238 150 61 75 20
