1034 1737
167 111 464 81 TRAGEDIE

764 120 51 49 21

4 173 705 70 Ny que le nom Romain eſtant comme abbatu,

1 217 611 63 La fortune à imes pieds reduiſe la vertu.

2 246 793 75 Vous qui pour vn Ceſar conſeruez trop de l’homme,

4 290 814 70 Dans vn ſi grand reuers, ſouuenez-vous de Romme,

2 328 709 71 Et loin que d’vne Reyne elle prenne des loix,

7 367 785 74 Que ſes moindres arreſts font & deffont les Roys.

234 413 348 50 MARTIAN.

37 442 759 79 Vn Ceſar deuant vous ne ſe peut pas connoiſtre.

275 493 269 54 ZENOBIE.

27 525 789 72 Non non, vous n’auez rien qui ſente icy le maiſtre.

10 567 740 69 Ie plains donc ma victoire & telle eſt ſa rigueur,

11 606 736 72 Que plus que du vaincu i’ay pitié du vainqueur.

8 647 817 69 On m’auoit dit cent fois que vous eſtiez vn homme,

8 686 789 66 Dont l’orgueil naturel encheriſſoit ſur Romme,

8 728 766 65 Et loin de voir en vous le premier des Romains,

11 764 797 72 J’y trouue en l’y cherchant le dernier des humains.

11 810 701 62 Auſſi vous n’auez eu qu’vne baſſe naiſſance;

13 851 653 62 Rarement la vertu vient auec la puiſſance,

13 888 660 65 Et la grandeur ſuprême auec tous ſes appas

14 932 660 59 Contraint le naturel & ne le deſtruit pas.

10 962 744 74 Parlez, parlez Rutile, eſt-ce là voſtre maiſtre?

143 1021 376 60 bas. RVTILE.

37 1075 669 71 Je ſuis auſſi troublé que ie le pouuois eſtre.

17 1110 801 79 Dieux! qu’elle s’eſt trompée, acheuons ſon erreur.

28 1178 370 56 haut. Quoy Seigneur!

286 1198 278 59 MARTIAN.

259 1224 583 83 Dans ces lieux tu vois ron Empereur.

320 1283 221 53 RVTILE.

18 1299 823 94 Mais dites moy Seigneur, cõme on a pû vous prendre.

298 1363 279 55 MARTIAN.

46 1391 796 78 Ah! le moindre des ſiens le pouuoit entreprendre;

17 1431 799 72 Mes armes, mon bouclier, mes ordres & ma voix

20 1476 698 85 Les aſſeuroient aſſez de tout ce que i’eſtois.
