1034 1737
247 182 646 52 Toutefois mon deſtin a moderé ſa haine,

241 225 710 55 En me faiſant captir par les mains de la Reyne.

534 282 246 55 LENOBIE.

267 337 649 49 Et par ce meſime ſort mon cœur eſt abuſe

241 377 651 50 Si ie crois triompher d’'vn Ceſar ſupoſé.

247 415 785 55 Eſt-ce vous dont le nom plus craint que le tonnerre?

244 454 730 51 A mis dans l’Vniuers tous ſes throſnes par terrez

244 493 682 49 Vous qui vous eſleuans ſur tous les Potentats.

243 532 718 51 Auez choqué ma gloire & deſtruit mes Eſtats:

246 570 705 53 Si ce peut eſtre vous que i’en ſois conuaincut,

243 609 717 52 Ie fus digne cinq fois d’eſtre par vous vaincuë,

249 647 781 57 Vous perdant voſtre honte, ou quittant voſtre effroy

247 689 691 50 Soyez digne vne fois d’eſtre vaincu par moy.

495 728 292 43 MARTIAN.

253 762 779 64 Vous traittez voſre maiſtre auecque trop d’outrage.

538 804 241 45 ZENOBIE.

269 838 675 58 Quoy donc Aurelian reprend enfin courage,

240 878 734 54 Et d’vn ron oroueilleux condamnant mon erreur,

240 917 666 55 Qui commente en captif finit en Empereur.

238 955 793 57 Mait ne ſçauez vous pas, vous qui faites mon maiſtre,

241 994 714 58 Qu’il faut pour eſtre tel, eſtre digne de l’eſtre,

238 1032 710 56 Et qu’en vain la valeur vous eſleue à ce rang,

238 1069 778 58 S’il n a pas tout l’eſclat que luy donne vn beau ſang.

238 1107 723 58 Le ſang de Cleopatre eſt encor dans mes veines;

233 1149 795 59 Ie veux ſceptre pour ſceptre, & des Roys pour des

263 1186 133 42 Reynes.

228 1217 801 69 Mais des Roys qui ſoient nez ce qu’ils ſont en effet,

228 1262 646 59 Et tels qu’apres le ſang le merite les fait.

230 1296 779 68 Vous donc qui n’auez rien ny de l’vn ny de l’autre,

228 1340 772 62 Dites-moy quel orgueil eſt comparable au voſtre;

230 1375 795 68 Vous mon maiſtre! ah les Dieux ſeroient trop en

253 1414 140 45 couroux.

223 1451 780 77 S’ils m’oſoient preſenter vn tel maiſtre que vous.

467 123 400 68 ZENOBIE

246 128 62 63 22
