1034 1737
275 173 265 47 MARTIAN.

36 215 373 64 Ie le ſuis de l’Empire;

298 254 250 49 ZENOBIE.

453 286 366 55 Ah! rebut de la terre,

39 332 696 60 T’oſes-ru preualoir des fureurs de la guerre,

11 376 678 56 Va laſche tes pareils, & de rels conquerans

10 412 728 59 Ne ſont au fond du cœur que d’infames tyrans,

11 447 820 66 Maintenant que l’Empire eſt donné comme en proye

11 492 700 59 Le moindre ſuruenant le deſchire auec ioye,

11 528 769 65 Quand d’vn de ſes lambeaux s’eſtant tout reueſtu

14 576 614 55 Le crime par ſa main dépoüille la vertu.

18 609 814 62 Vous donc des vrais Ceſars trop indignes images,

20 649 812 61 Vous faites de l’Empire vn vray champ de carnages,

17 689 731 57 Et des titres d’Auguſte, & d’Empereur Romain

18 729 766 65 Des noms de detructeurs de tout le genre humain.

288 772 276 48 MARTIAN.

56 810 662 55 Madame voſtre audace eſt icy ſans eſgale.

289 854 249 44 ZENOBIE.

52 888 657 57 Laſche perſecuteur de la grandeur Royale

31 929 656 55 Tu crois qu’à Zenobie il ne ſoit pas permis

26 969 666 52 D’encherir de bien haut ſur les Semiramis.

27 1010 662 52 Ie vais bien au delà de ces illuftres fames.

31 1046 743 58 Dont la gloire animoit & les corps & les ames;

27 1085 824 64 Et qu’on vit par l’ardeur des cœurs qu’elles ont eus,

31 1127 819 58 De femmes par leur ſexe, hommes par leurs vertus.

31 1172 649 51 Enfin, Semiramis auoit conquis l’Aſie,

33 1207 737 58 Moy i’aurois tout conquis ſans voſtre ialouſie,

33 1246 722 56 Et de tout l’Vniuers; mais! vous voicy Zabas;

34 1286 716 54 Et bien noſtre victoire a mis l’Empire à bas:

37 1320 830 75 Du moins ſous mõ pouuoir vous en voyez le maiſtre.

770 120 42 62 23

178 114 460 68 TRAGEDIE.
