1034 1737
240 616 82 100 N

398 311 492 82 SCENE IV.

237 385 778 63 ZENOBIE, ODENIE, ILIONE,

257 440 755 60 DIOREE, ZABAS, TIMAGENE,

315 492 656 55 RVTILE, MARTIAN & Gardes,

547 576 182 52 ZABAS.

333 613 689 57 Ous ſommes tous trompez, vous ne tenez

414 662 242 47 qu’vn traiſtre;

237 696 663 53 Celuy que vous prenez pour eſtre Aurelian

238 739 625 45 En eſt le Lieutenant & nommé Martian.

517 778 250 42 ZENOBIE.

285 813 394 51 Me dit-il vray perſide?

561 854 176 44 ZABAS.

708 881 314 62 En vain il ſe deguiſe.

511 929 250 43 ZENOBIE.

267 966 742 50 Et vous Rutile auſſi, vous mauez donc ſurpriſe.

547 1011 184 41 ZABAS.

266 1046 756 48 Nous crûmes comme vous que c’étoit l’Empereur;

228 1084 797 55 Mais peu de temps apres nous viſmes noſtre erreur.

237 1126 669 46 Vous eſtiez de retour auecque voſtre proye,

230 1166 722 45 Quand le Ciel en triſteſſe a changé noſtre ioye,

233 1202 737 50 Et qu’vn gros d'ennemis caché dans des vallons

233 1241 648 47 A fait de rous coſtez couler des bataillons.

234 1281 698 47 Ces amples défilez s’épandans dans la plaine,

234 1320 666 49 I'ay dés l’abord iugé noſtre perte certaine;

233 1362 701 46 Mais ie n’ay pas laiſſé que de fondre ſur eux,

234 1402 701 44 Comme ſi la fortune euſt dû ſuiure mes vœux.

234 1440 646 46 I’ay fait ce que i’ay pû, mais effort inutile

233 1476 673 64 I’ay perdu la bataille, & hazardé la ville,

476 127 337 72 ZENOBIE

237 146 65 65 24

886 1514 146 65 A peine
