1034 1737
0 179 673 56 A peine accompagné de deux mille cheuaux,

0 230 337 46 Ie me viens rendre icy.

254 259 260 47 ZENOBIE.

335 298 455 50 Dieux, eſt-ce aſſez de maux,

0 343 789 50 Ah! que vous m’éprouuez, mais grace à mon courage,

0 387 702 48 Mon ſort lur ma vertu n’a pas tout l’auantage;

0 422 716 55 A quelques ſoûpirs prés qu’arrache ma douleur

0 463 645 53 La force de mon ame eſgale mon malheur.

286 502 183 43 ZABAS.

11 534 242 62 Aurelian a crû.

253 576 262 47 ZENOBIE.

433 618 363 56 Ie voy ſon ſtratagéme,

8 665 708 42 l a crû que j’irois & combattrois moy-meſme,

1 704 679 42 Et qu’offrant Martian au cours de ma valeur

1 744 705 44 Vne prompte victoire en vaincroit la chaleur;

1 785 715 41 Comme il penſoit encor qu’eſtant trop animée,

4 819 657 48 Tirois me l’immoler au cœur de ſon armée,

5 864 622 42 Il voulut à ſa teſte immoler l’vn des ſiens,

2 897 733 48 Et par vn vain triomphe oſter le cœur aux miens.

2 942 716 45 Vous qu’il a pû choiſir pour eſtre ſon ſemblable

0 979 709 48 Ce dangereux employ vous rend conſiderable,

13 1021 605 41 Et ſes armes enfin qu’il vous a fait porter

0 1058 687 44 Vous font digne à mes veux de le repreſenter;

0 1097 793 47 Non, non, ce vain objet n’a plus pour moy de char¬

0 1139 796 46 M’admire voſtre zele & ne voy plus ſes armes, [mes,

0 1178 602 49 Et l’admiration l’emportant ſur l’erreur

0 1220 699 46 Ne me permet pour-vous ny mépris ny fureur.

237 1260 282 45 MARTIAN.

20 1298 782 45 Puis donc que de mon maiſtre on découure la ruſe

4 1334 407 52 Ie n’ay plus qu’à vous dire,

253 1378 259 43 ZENOBIE.

480 1406 316 53 Ah! ie me deſabuſe,

0 1454 745 49 Vos armes m’ont trompée, outre que mon erreur

1 1492 794 61 Vient de n'auoir point veû voſtre laſche Empereur.

637 1541 30 52 C

742 117 58 78 25

162 119 424 63 TRAGEDIE.
