1034 1737
234 189 700 58 Malgré tous ſes efforts il pourra l’entraiſner.

490 233 300 46 ZENOBIE.

265 261 735 64 Ie voy bien ce que c’eſt on veut m’abandonner;

237 306 785 61 Mais pourquoy m’allarmer, ô la foibleſſe extréme,

237 348 781 58 Ie n’ay pas tout perdu, ſi pour moy i’ay moy-meſme.

240 392 644 49 Confeſſe moy deſtin, ſi ma vie eſt à toy,

237 425 747 59 Que l’inſtant de ma mort ne peut eſtre qu’à moy.

240 467 780 52 En vain de ta grandeur le monde a tant de marques,

240 505 766 55 La mort comme le ſort ſçait faire des Monarques,

238 541 709 55 Et quand vne grande ame eſt laſſe de ſouffrir,

243 581 724 58 C’eſt eſtre tout-puiſſant que de pouuoir mourir.

545 626 203 42 ZABAS.

244 660 775 57 Fuyez, nous vous ſuiurons, ayant dõné cent marques.

499 700 297 44 ZENOBIE.

272 729 722 62 Mes viſibles ſuiets ſont mes ſecrets Monarques,

249 775 776 55 Dites tout, mes tyrans, m’aimans donc tour à tour,

254 814 716 50 Vous faites de mon cœur vn trophée à l’amour.

253 855 634 51 Vous à qui je fiois les reſſes de ma gloire,

250 890 744 58 Perdez-vous la raiſon, perdez-vous la memoire;

254 935 714 47 Vous eſtes mes ſujets, vous m’auez tout promis,

249 969 743 60 Et vous m’opprimez plus que tous mes ennemis.

515 1011 291 39 ODENIE. bas.

275 1042 679 59 Il faut qu’il ſe declare, en vain il ſe déguiſe.

561 1089 180 40 ZABAS.

269 1121 709 55 Soit auis, ou ſoupçon mon ame en eſt ſurpriſe;

250 1166 775 49 Mais, Madame, en vn mot quel que ſoit mon amour,

253 1205 673 51 Il eſt plus pur cent fois que la ſource du iour.

527 1243 288 75 TIMAGENE.

256 1312 763 55 Ah! Madame, il faut fuïr, la bataille eſt perduë;

256 1360 683 48 La Ville malgré nous ſera bien-toſt renduë,

253 1399 631 48 Et ſi vous ne fuyez de ces barbares lieux,

257 1438 739 50 Le dernier des malheurs va paroiſtre à vos yeux;

254 1482 420 50 L’on vous attend à Rome.

456 127 333 74 ZENOBIE

231 151 60 61 28
