1034 1737
247 180 310 51 ZENOBIE.

440 218 320 46 Effroyable menace,

27 254 789 63 Mon honneur me retient, & ma crainte me chaſſe.

5 298 713 60 Allons puiſqu’il le faut, tel eſt enfin mon ſort

10 340 805 59 Qu’il faut fuïr mon vainqueur, ſans éuiter la mort;

5 380 719 58 Mais auec qui de vous doit aller voſtre Reyne.

278 421 294 49 TIMAGENE.

34 464 352 58 C’eſt auecque Zabas;

315 506 190 46 ZABAS.

460 529 356 57 C’eſt auec Timagene.

266 583 294 46 TIMAGENE.

34 620 685 55 Conſultons en Amy noſtre premier employ,

18 660 665 55 Vous auez eu l’armée, & la Ville eſt à moy;

10 704 418 54 Laiſſez-moy la deffendre.

324 741 179 44 ZABAS.

334 778 485 48 Au poinct qu’on me ſurmonte,

13 817 738 57 Donnez-moy les moyens de reparer ma honte.

263 861 313 42 TIMAGENE.

36 896 759 60 Nous l’imputons au Sort plus qu’à voſtre Valeur.

330 943 172 41 ZABAS.

39 972 785 61 Si ce n’eſt pas mon crime, au moins c’eſt mon mal¬

115 1027 90 44 heur.

282 1056 239 49 ZENOBIE.

34 1094 746 56 Quel eſtrange combat, quel deſſein eſt le voſtre?

17 1136 808 55 Quoy me ſeruans tous deux, me ceder l’vn à l’autre,

15 1176 740 57 Ah! qu’vn pareil Spectacle a dequoy m’eſtonner

18 1220 636 50 Si c’eſt vne Vertu que de m’abandonner.

330 1262 175 39 ZABAS.

40 1292 794 57 Ie vous deffendrois mal, mais l’heureux Timagene,

280 1340 281 43 TIMAGENE.

43 1378 640 53 Ie puis garder icy des reſtes de la Reyne.

305 1421 239 46 ZENOBIE.

40 1459 627 47 Et bien ſans intereſt, & ſans authorité,

21 1502 630 58 Ie pretens vous iuger par la ſeule equité.

561 1544 113 59 C iij

195 117 401 74 TRAGEDIE.

753 121 65 64 29
