1034 1737
236 133 44 60 30

483 131 332 61 ZENOBIE

224 186 717 48 Zabas m’accompagna dans ma premiere fuite,

228 228 743 44 Timagene à ſon tour doit prendre ma conduite,

225 266 751 48 Et penſer toutefois quand tels ſeroient ſes vœux,

225 305 767 51 Que qui ſuiura mon ſort n’eſt pas le plus heureux.

535 345 189 42 ZABAS.

251 382 365 49 Ayez ſoin de la Reyne;

480 419 284 48 TIMAGENE.

658 457 354 53 Et vous de la Princeſſe.

512 499 222 46 ODENIE.

251 539 768 45 Adieu Prince; Ah! Madame, eſt-ce ainſi qu’on me

501 580 375 42 ZENOBIE.

915 580 101 48 [ laiſſe?

251 618 707 43 Reſte icy, ta preſence eſt vtile en ces lieux.

224 655 582 44 Adamas ou Ceſar reſpectera tes veux;

224 694 798 45 Le traiſtre, ou le vainqueur ne peut qu’en ta preſence

224 733 669 45 Rompre ſa trahiſon, ou forcer ſa puiſſance.

540 774 178 42 ZABAS,

254 804 727 52 Ie vay voir Adamas, & changreant ſes deſſeins,

224 849 643 44 Le faire renoncer aux offres des Romains.

515 888 235 42 ZENOBIE.

240 924 778 47 Allons donc voir la Perſe, & chercher vne armée,

224 965 675 45 Que le bruit de mon nom doit auoir animée,

223 1003 453 43 Nous reuiendrons bien-toſt.

524 1040 214 45 ODENIE.

598 1078 405 49 Ie vous ſuiuray du moins.

505 1117 240 46 ZENOBIE.

247 1153 758 49 Demeure, nous craignons la ſuite & les teſmoins,

221 1197 679 43 Ie m’en vay déguiſer, & m’eſtant traueſtie

223 1237 745 39 Cacher aux yeux de tous ma honte & ma ſortie,

224 1273 752 45 Toy, commande à la Ville, & d’vn cœur reſolu

221 1311 697 43 Voy tout ce que de nous le ſort aura conclu,

218 1349 727 49 Adieu, ma Fille adieu, quelle foibleſſe inſigne,

220 1388 767 47 Va, cache moy tes pleurs, ma gloire s’en indigne,

215 1430 675 45 Et ne peut ſuporter que les larmes aux yeux,

223 1466 799 62 Tu donnes par ton deüil quelque auãtage aux Dieux,
