1034 1737
11 172 794 53 S’ils nous traitent ſans grace, endurõs ſans murmure,

13 214 766 53 Soyons auſſi forts qu’eux en ſouffrant leur iniure;

7 253 696 55 Ou par noſtre conſtance encheriſfants ſur eux.

14 296 669 57 Par eux infortunez ſoyons par nous heureux.

160 486 488 71 SCENE II.

139 552 518 73 ODENIE, DIOREE.

282 651 236 48 ODENIE.

10 694 65 91 A

66 702 752 43 H, depuis que le Sort fait des coups de ſa haine

79 730 600 51 Il n’a jamais produit vne ſi triſte ſcene.

14 772 695 51 Non, iamais la Fortune aux yeux de l’Vniuers

17 814 624 47 N’eſtala par fureur vn ſi fameux reuers;

10 852 685 49 Apres tant de grandeurs Zenobie eſt en fuite,

13 891 731 49 Mais quoy, ſa vertu propre en a pris la conduite,

17 930 751 49 Elle n’eſt pas à plaindre, & c’eſt moy qui la ſuis,

14 971 752 49 le ſens tous mes malheurs, Ie ne veux ny ne puis.

11 1010 731 49 Cette ame que les Dieux ne firent pas commune

13 1050 690 44 Domte tout à la fois amour, ſang & fortune,

14 1091 689 46 Et moy ſur qui le ſens peut regner à ſon tour,

14 1127 678 51 Ie ſouffre du deſtin, du ſang & de l’amour,

15 1162 813 56 Faut-il en ce moment que tous les trois m’opreſſent?.

14 1205 815 52 Mes Dignitez, ma Mere & mon Amant me laiſſent,

14 1246 708 53 Et pour peu que les Dieux aident à leur effort

15 1283 809 58 Ie ne voy plus pour moy que moy ſeule, ou la mort;

15 1324 693 52 N’importe, le trépas eſt moins épouuantable

18 1364 706 54 Que d’vn Palais deſert le deſordre effroyable,

18 1408 684 48 Dieux, quelle ſolitude, horribles ornemens,

18 1450 668 46 Lamentable ſilence, affreux preſſentimens,

20 1489 357 72 Hola, Gardes, à moy,

758 126 51 57 31

177 115 401 58 TRAGEDIE.
