1034 1737
527 186 223 47 DIOREE.

585 227 405 49 Vous n’auez plus perſonne.

522 263 231 46 ODENIE.

266 302 715 51 Infortunez, voila comme on vous abandonne,

237 347 728 40 Le bonheur fait la foule, on le ſuit en tous lieux,

238 386 785 45 Et les Romains l’ont mis au nombre de leurs Dieux.

243 422 728 44 Vous laſches Courtiſans, ſuiuez ce doux mobile,

240 464 743 44 Nous auons mis bon ordre à nous faire vn Aſile;

238 500 719 54 Mais Zabas, qu’eſt-ce cy, faut-il enfin mourir?

411 690 470 74 SCENE III.

362 767 586 52 ODENIE, ZABAS, DIOREE.

577 845 164 46 ZABAS.

328 884 633 43 Ien contre Aurelian ne vous peut ſecourir,

247 877 75 97 R

328 922 697 44 Le perfide Adamas commandant nos cohortes,

240 962 710 44 A de la Ville aux ſiens ouuert l’vne des portes.

244 1003 756 43 Les Romains ſont entrez, tout le peuple en fureur

244 1040 716 45 Se fait tailler en piece aux yeux de l’Empereur.

547 1078 227 40 ODENIE.

269 1113 689 50 Nos triſtes fugitifs ſont-ils hors de la Ville?

561 1155 173 44 ZABAS.

269 1191 667 50 Ie ne ſçay, s’ils y ſont, ils y ſont ſans aſyle.

544 1233 223 45 ODENIE.

269 1275 373 43 Où courir maintenant?

577 1309 177 45 ZABAS.

580 1347 390 48 Vos ſoins ſont ſuperflus,

246 1386 688 48 Qui les rechercheroit me les trouueroit plus;

250 1430 671 43 C’eſt à vous à romplir la place de la Reyne,

247 1470 726 64 Souſtenez comme il faut l’arrogance Romaine,

996 1503 38 66 Et

240 134 48 71 32

489 123 324 68 ZENOBIE
