1034 1737
0 191 650 58 Et faites qu’en brauant l’audace des Ceſars,

0 228 763 61 Ce qu’a manqué mon bras ſoit fait par vos regards.

273 270 229 48 ODENIE.

17 305 773 62 Quoy l’eſpée à la main, venez vous de combattre?

285 353 191 43 ZABAS.

13 386 755 58 Aux portes du Palais le nombre a pû m’abbatre,

5 427 788 56 Du moins en combattant contre vn gros de Romains,

8 466 700 55 Ce fer, ce fer ingrat s’eſt briſé dans mes mains.

5 506 691 57 Cependant c’eſt icy que ie me viens deffendre,

7 544 786 59 Du qu’il faut que ma mort m’empeſche de me rendre.

260 587 232 48 ODENIE.

18 631 410 53 Que pouuez-vous tenter?

286 667 184 48 ZABAS.

456 691 341 66 Ie ne veux que perir;

8 745 675 52 Mais ne puis-je, deſtin, ny viure ny mourir.

20 785 679 50 l'ay perdu malgré moy la bataille & la ville,

13 823 715 54 Quoy! viure malgré moy m’eſt-il plus difficile,

10 862 766 54 O Dieux! dont l’iniuſtice aime à me voir ſouffrir,

13 904 766 51 Faut-il viure pour vaincre, & vaincre pour mourir.

11 943 692 52 Ie combats pour ma mort auec la meſme enuie

13 984 770 50 Qu’vn temeraire heureux combattroit pour ſa vie,

8 1024 707 51 Et par trop d’infortune il ne m’eſt pas permis,

13 1063 689 50 De mourir ny par moy, ny par mes ennemis.

295 1108 224 39 ODENIE.

44 1139 390 53 Voſtre eſpée eſt rompuë;

275 1185 186 41 ZABAS.

295 1207 523 65 Ah! qu’on apprenne à Romme

14 1254 802 57 Que toute ſa grandeur n’a pû vaincre vn ſeul homme.

11 1301 675 49 Et que tant que Zabas eut l’eſpée à la main,

14 1340 672 49 Il eut dequoy brauer tout l’Empire Romain.

14 1379 675 51 Celle dont la valeur ne fut iamais commune

15 1418 668 52 Eut beſoin contre moy de toute ſa fortune,

15 1459 777 49 Et i’euſſe ſans les Dieux qu’elle arme à ſon ſecours,

18 1502 704 58 Toſt ou tard de ſa gloire interrompu le cours.

609 1541 47 62 D

729 138 57 64 33

134 123 468 76 TRAGEDIE.
