1034 1737
257 209 721 46 Mais helas! eſt-il dit qu’eſtant hors de deffenſe,

251 247 667 49 Il faille pour mourir implorer ſa clemence,

251 288 675 47 Et qu’à mon impuiſſance eſtant abandonné,

253 324 707 48 On me refuſe vn bien que i’ay cent fois donné.

254 366 700 45 O! de mon ſort ingrate, & cruelle complice,

251 399 697 52 Faut-il que ma valeur me ſerue de ſupplice?

253 440 657 50 Et qu’vne meſme eſpée en ſignalant ma foy

253 479 715 47 Faſſe tout pour autruy, ne faſſe rien pour moy.

254 518 678 46 O d’vn tronçon d’eſpée lmage trop funeſte,

253 555 720 48 I'en auois trop du tout, i’en ay trop peu du reſte;

259 594 760 48 Trop du tout, pour mourir par les bras des Romains,

253 632 752 54 Et du reſte, trop peu pour mourir par mes mains.

560 668 220 48 ODENIE.

280 706 380 59 Ie puis vous empeſcher

553 739 211 55 ZABAS.

777 780 246 45 Inutile tendreſſe;

253 820 770 52 Mais vous laſches Romains, ie voy voſtre foibleſſe,

257 864 659 49 Si i’en auois trop peu pour vous faire perir,

256 901 662 50 Il m’en reſtoit aſſez pour vous faire fremir.

259 940 761 50 Vous n’oſeriez monter; quoy! par ma ſeule audace

257 978 767 51 Ayant ſenty mes coups, vous craignez ma menace;

254 1014 753 61 Mais la force me manque & ma voix s’affoiblit.

553 1068 214 63 ODENIE.

276 1123 743 65 Quoy, voſtre ſang ſe perd, & voſtre front paſſit.

574 1171 177 39 ZABAS.

279 1205 743 51 Ah! mon bras eſt percé, je le ſens bien, Madame,

256 1249 654 45 Ma force me venoit du coſté de ma flame,

257 1285 648 51 Et l’amour à mon zele vniſſant ſon effort

259 1325 675 47 Conteſtoit à l’enuy ce triomphe à ma mort;

257 1362 763 47 Mais l’ardeur du combat, mon amour & mon zele,

257 1402 775 70 Quelques feux qu'ils ayent eus feront touſiours moins

283 1448 132 41 qqu’elle. qu'elle.

259 1482 443 69 Quoy mon cœur tu te rends?

505 140 333 71 ZENOBIE

260 165 55 56 34
