1034 1737
257 221 225 38 ODENIE.

385 248 383 45 Ah! courons au ſecours;

272 292 181 45 ZABAS.

647 293 119 42 ( iours;

8 330 768 56 Cherchez vous des Romains pour prolonger mes

8 369 663 59 iſſez moy mourir libre & ſelon mon enuie

4 412 660 49 onſommer par ma mort la gloire de ma vie.

10 448 764 58 iſſez moy donc de grace vn bien-heureux moment,

13 496 601 48 ù le ſujet mourant peut mourir en amant.

253 528 220 45 ODENIE.

13 570 418 55 Quoy donc mon aſſiſtance!

263 609 191 46 ZABAS.

389 638 387 55 Elle eſt iniuſte & vaine

10 689 562 47 la refuſerois de la main de la Reyne,

8 726 700 51 ous qui vouliez tantoſt connoiſtre mes deſirs,

11 764 734 50 ſcouurez mon ardeur dans mes derniers ſoûpirs.

15 804 730 51 ime, , i’aime la Reyne & l’ay touſiours aimée,

13 845 676 48 eſt ce ſeu dont mon ame eſt encore animée,

13 882 699 53 nt ie ſens dans mon cœur par vn diuin retour

13 922 731 50 e l’amour y ſert d’ame & l’ame y ſert d’amour.

15 964 735 47 nſi dans cette ardeur qu’ils auoient de me ſuiure,

15 1000 709 55 viuois pour l’aimer, & ie l’aymois pour viure;

14 1042 669 52 cependant la mort que rien ne peut charmer

14 1082 647 54 e fait ceſſer de viure auſſi bien que d’aymer.

251 1124 219 45 ODENIE.

13 1160 378 53 Ah! voicy les Romains;

280 1201 181 43 ZABAS,

393 1230 383 59 Ne craignez, Madame,

17 1278 691 66 beau reſte de gloire anime encor mon ame.

512 1556 97 81 D ij

123 134 451 88 TRAGEDIE.

724 146 50 78 35
