1034 1737
152 124 453 77 TRAGEDIE.

139 344 470 81 SCENE V.

66 418 650 68 AVRELIAN, ODENIE, & ſuitte.

259 505 285 52 AVRELIAN.

8 554 28 94 I

41 537 764 68 E ſuis Vainqueur, Madame, & telle eſt ma victoire

40 586 762 63 Qu’il faut que tout le cede au courãt de ma gloire.

14 626 637 60 Oüy, l’Vniuers entier releue de mes loix,

8 667 681 58 Et i’ordonne à mon gré de la teſte des Roys.

275 713 235 41 ODENIE.

23 736 612 68 Eſt-ce là d’vn Ceſar le naturel langage?

259 785 288 44 AVRELIAN.

18 809 791 72 Princeſſe, ſi c’eſt vous, ie vous rends mon hommage,

15 865 632 55 Ie ſçay ce que ie dois à ces diuins attraits,

11 903 668 55 De qui la renommée a fait tant de poitraits;

10 943 777 55 Mais de quelques appas qu’elle vous ait pourueuë,

11 979 717 58 Ce qu’elle en fait penſer le cede à voſtre veuë.

13 1019 809 62 Cent bouches que pour vous elle employe en tous

33 1074 94 39 lieux

10 1088 809 70 N’en ont iamais tant dit quen découurent mes yeux.

311 1140 233 49 ODENIE.

33 1176 696 63 Quittez ces faux reſpects, agiſſez en barbare,

266 1223 287 46 AVRELIAN.

13 1254 694 64 Peut-on l’eſtre en voyant vne douceur ſi rare.

312 1299 226 51 ODENIE.

41 1331 651 65 Tyran, ſi ma douceur auoit quelques appas

20 1385 552 48 Voſtre fier naturel ne l’irriteroit pas.

262 1422 314 47 AVRELIAN.

40 1451 786 61 Et ne voyez vous pas qu’à l’objet de vos charmes,

13 1495 815 66 Mes Soldats par mõ ordre ont tous mis bas les armes.

586 1543 88 59 Diij

731 130 59 90 37
