1034 1737
279 137 54 67 38

519 131 326 70 ZENOBIE

280 198 641 43 Et que toute ma garde attend en ſoûpirant

276 237 729 43 Ce que vous ordonnez du cœur d’vn conquerant.

541 275 262 40 ODENIE.

302 314 721 43 Ah! qu’vn tyran feint mal, pourquoy cet artifice

276 353 695 43 Penſez-vous m’eſbloüir au bord du precipice.

534 395 285 36 AVRELIAN.

301 427 644 50 Rutile vous a dit quelle eſtoit mon ardeur.

538 467 226 42 ODENIE.

304 503 723 49 Vous n’en euſtes jamais que pour voſtre grandeur

275 547 747 49 Veillez icy pour elle, on peut vous y ſurprendre.

528 586 275 46 AVRELIAN.

301 623 722 48 Voſtre cour de ſa part ne peut rien entreprendre.

545 661 261 48 ODENIE.

296 694 664 50 Faut-il s’en eſtonner, c’eſt par la trahiſon,

269 739 754 49 Qu’Adamas vous conduit iuſques dans ma maiſon.

530 778 270 44 AVRELIAN.

291 809 732 56 Ie vous y trouue ſeule, Ah! c’eſt trop de diſgrace.

592 851 221 50 ODENIE.

286 893 734 49 Sçachant voſtre venuë, on vous quitte la place.

519 932 286 45 AVRELIAN.

286 968 697 52 Le prudent ſuit touſiours le party du plus fort.

548 1008 215 45 ODENIE.

291 1043 630 46 La vertu quelquefois encherit ſur le ſort.

521 1081 288 52 AVRELIAN.

293 1105 444 66 Cependant tout vous quitte,

566 1160 220 51 ODENIE.

724 1201 305 46 Et c’eſt par tyrannie;

262 1234 690 55 Il ſuffit que mon cœur me tienne compagnie.

517 1279 273 46 AVRELIAN.

282 1318 746 48 C’eſt vn mauuais ſuiuant qu’vn cœur trop genereux

553 1356 215 46 ODENIE.

283 1391 403 53 Ie tiens pour les conſtans,

554 1431 225 52 AVRELIAN.

661 1473 368 62 Et moy pour les heureux.
