1034 1737
308 877 717 85 SCENE DERNIERE.

275 956 750 55 ODENIE, AVRELIAN, & ſa ſuite,

318 1003 702 59 DIOREE, ILIONE, qui eſt vne fauſſe

532 1050 267 68 ZENOBIE.

511 1116 275 55 AVRELIAN.

939 1134 92 42 ( nebres

283 1160 80 93 O

359 1156 674 62 vurez les veux, Madame, & quittez les te¬

583 1208 204 41 ILIONE.

302 1244 700 50 Ie fe reuoy par tout que des couleurs funcbres;

273 1282 705 49 Ma cour & mon palais n’offrent à mes regards

273 1321 713 55 Que l’indigne appareil du plus vain des Ceſars.

517 1363 288 45 AVRELIAN.

301 1392 688 58 Iuſqu’icy voſtre audace a trop pris de licence.

576 1440 208 45 ILIONE.

295 1467 691 77 La colere des Dieux m’a miſe en ta puiſſance?

304 191 689 53 Ah! deſtin conſidcre où ma gloire eſt reduite;

270 237 698 46 Cette Reyne fuyant, ma fortune eſt en fuite.

267 275 761 49 Quoy n’ay-je tant ſouffert ny ſurmonté de maux?

270 314 752 47 Que pour perdre en vn iour le prix de mes trauaux.

272 354 756 48 Fortune, encore vn coup, que tu m’es inhumaine,

276 393 711 44 Tu perds eſgalement mon amour & ma haine?

270 431 716 43 Et m’avdant à me mettre au nombre des heros:

275 467 755 57 Tu fais tout pour ma gloire, & rien pour mon repos

270 506 484 46 Mais d’où vient ce grand bruit,

543 544 285 43 VN GAEDE.

632 586 399 53 Seigneur, voicy la Reyne

269 619 686 51 Qu’auecque Diorée vn ſoldat vous ameine;

272 664 646 42 Elle ſe retiroit dans le fond d’vne tour,

273 702 643 46 Qu’à peine penetroit la lumiere du jour.

270 140 71 72 40

479 134 401 64 ZENOBIE
