1034 1737
4 202 656 49 Garde d’en abuſer trop ſuperbe Empereur,

4 244 599 46 Et ceſfe, ſi tu peux, d’irriter leur fureur.

5 286 805 46 Vous, ma fille, apprenez que l’amour d’vn tel homme

5 324 778 48 Sent l’orgueil d’'vn tyran & l’audace de Romme,

4 363 780 48 Et qu’il le faut traitter auecque moins d’honneur,

7 403 748 47 Que ie n’ay dû ſouffrir l’amour d’vn Gouuerneur.

107 441 369 41 Bas ODENIE.

26 471 622 54 Il s'abuſe à ſon tour, aydons à l’artifice.

0 519 817 56 haut. Quoy, Madame, les Dieux ſouffrẽt cette iniuſtice,

288 561 218 44 ILIONE.

31 592 784 56 Vous me voyez, ma fille, au pouuoir des Romains.

256 641 301 40 AVRELIAN.

20 671 796 74 En effet, elle & vous, vous tombez dans mes mains.

296 719 212 43 ILIONE.

28 754 654 58 Ceſſe de m’allarmer par ta toute puiſſance.

269 809 232 59 ODENIE.

31 864 633 55 C’eſt d'vn vſurpateur la derniere licence.

249 929 298 56 AVRELIAN.

30 978 702 59 Elle me montre en vain ces ſuperbes regards,

5 1027 737 49 Dont elle a vû ramper tout l’orgueil des Ceſars.

5 1066 766 50 Eſt-ce vous; dont l’audace à nulle autre ſeconde,

7 1110 743 45 A crû voir à ſes pieds le ſeul maiſtre du monde;

7 1146 686 49 Et qui dans Martian, croyant parler à moy,

7 1188 725 45 M’auez cent fois blaſmé de baſſeſſe & d’effroy;

8 1227 756 48 C’eſt maintenant à moy d’abbatre voſtre audace,

305 1285 207 59 ILIONE.

34 1340 698 55 D'vn laſche Matrian ie ne tiens pas la place;

10 1391 706 42 Ie veux remplir la mienne, & te faire auoüer

11 1427 733 52 Que loin de m'en blaſmer, il faudra m’en loüer.

259 1469 279 46 AVRELIAN.

36 1502 334 68 Rutile! qu’eſt cecy?

176 138 457 67 TRAGEDIE

742 140 64 88 41
