1034 1737
10 198 714 46 Et luy donnant le temps de ſe pouuoir ſauuer,

11 237 594 43 La remettre en eſtat de te venir brauer.

11 277 718 44 Iuge donc qui de nous montre plus de courage,

10 317 721 50 Et qui vous imitant fait mieux ſon perſonnage.

275 351 270 49 AVRELIAN.

31 392 422 55 Qu’on l’oſte de mes yeux;

318 422 203 51 ILIONE.

359 467 457 61 Qu’on me meine à la mort;

269 512 271 42 AVRELIAN.

28 545 677 60 Qu’on attende à loiſir ie regleray ſon ſort.

278 589 263 42 ODENIE.

30 626 602 52 C’eſt là de Zenobie vne digne peinture.

276 670 272 43 AVRELIAN.

4 706 805 55 Que trouuez-vous de grand dans ſa laſche impoſture?

289 746 212 44 ODENIE.

26 784 712 49 Et que remarquez-vous d’illuſtre & de parfait

5 829 693 52 En celuy dont la peur vous a mal contrefait.

267 865 265 45 AVRELIAN.

23 904 412 51 Qui méconnoiſt la Reyne;

286 945 212 45 ODENIE.

401 979 383 50 On la deuoit connoiſtre;

262 1020 272 52 AVRELIAN.

23 1062 682 49 On eſt plus obligé de connoiſtre ſon maiſtre.

288 1105 220 45 ODENIE.

0 1140 802 49 Dés long-temps il court d’elle, & cent & cẽt tableaux;

6 1185 797 41 Mais, à n’en point mentir, les voſtres ſont nouueaux.

1 1221 695 47 Depuis ſi peu de temps vous regiſſez l’Empire

0 1262 771 46 Qu’on en voit point encor dans la cour de Palmire;

1 1305 789 42 Outre qu’à mieux parler nous voulons des portraits

0 1341 663 44 Dont la ſeule vertu compoſe tous les traits;

0 1380 709 44 Non pas de ces tableaux qui ſentent le carnage.

1 1421 634 43 Où le crime paroiſt iuſques ſur le viſage,

0 1460 680 45 Et qui tous détrempez & de ſang & de pleurs

0 1501 716 52 Forment par leur objet les communes douleurs.

773 160 56 60 43

181 131 464 70 TRAGEDIE.
