1034 1737
256 214 766 49 Auez vous donc penſé? qu’au terme où nous en sõmes

253 257 763 42 Nous euſſions le portrait du plus cruel des hommes.

250 293 744 47 N’eſtoit-ce pas aſſez que l’on ſçeut vos rigueurs,

253 331 697 52 Sans effrayer les yeux auſſi bien que les cœurs.

540 372 207 41 RVTILE.

278 402 666 55 Seigneur, voſtre bonté s’attire cet outrage.

509 450 281 42 AVRELIAN.

273 489 677 45 Oue veux-tu, mon amour aneantit ma rage.

249 528 712 42 Orgueilleuſe rentrez dans voſtre appartement;

247 563 692 52 Et là vous apprendez quel eſt mon ſentiment.

521 606 211 52 ODENIE.

272 638 376 49 Ie ſuis touſiours le mien.

508 673 282 50 AVRELIAN.

631 710 396 54 Allons chercher la Reyne,

246 754 721 49 Auant que mon amour, ſatisfaiſons ma haine,

243 794 783 51 Et comme aux yeux du monde, aux yeux de cette cour,

244 833 721 63 Couronnons à l’enuy ma haine & mon amour.

325 977 630 85 Fin du troiſieſme Acte.

257 176 71 46 44

498 137 369 78 ZENOBIE
