1034 1737
24 748 113 176 C

146 124 463 68 TRAGEDIE.

76 421 682 108 ACTE IV.

33 541 734 81 SCENE PREMIERE.

15 615 788 74 AVRELIAN, GARDES ET RVTILE.

246 687 291 68 AVRELIAN.

172 732 638 68 Onqueſte imaginaire, & victoire inutile.

333 790 201 40 RVTILE.

170 817 639 55 Nous auons parcouru le Palais & la Ville,

167 861 639 53 Mille hommes en campagne ont ſuiuy

249 906 155 42 Martian.

246 943 294 49 AVRELIAN.

26 974 664 62 Qu’eſt-ce que tu pretens ſuperbe Aurelian?

4 1021 640 54 Zenobie eſt ſauuée, & tu vois la Princeſſe

4 1061 665 50 Triompher à tes veux de toute ta foibleſſe;

2 1101 664 55 Zabas meſme, dit-on, preſt à perdre le iour

4 1136 772 65 Condamne inſolemment ma gloire & mon amour.

270 1185 252 48 RVTILE.

26 1214 687 61 Zabas ſe porte mieux, & dans cette auanture

1 1265 602 47 Il ſemble que l’amour ranime la nature;

2 1301 713 52 Son bras percé de coups en prend de la vigueur,

1 1343 639 46 Et ſemble ſe ſentir des forces de ſon cœur.

4 1379 654 52 Ie vous diray bien plus, la colere l’enflame,

5 1414 717 58 Et reſpand dans ſes yeux le trouble de ſon ame;

0 1461 616 50 Rutile, m’a-t’il dit, dis à ton Empereur

1 1486 805 81 Qu’en maltraitant ma Reyne, il craigne ma fureur;

747 147 55 55 45
