<alto xmlns:xsi="http://www.w3.org/2001/XMLSchema-instance" xmlns="http://www.loc.gov/standards/alto/ns-v4#" xsi:schemaLocation="http://www.loc.gov/standards/alto/ns-v4# http://www.loc.gov/standards/alto/v4/alto-4-2.xsd">
  <Description>
    <MeasurementUnit>pixel</MeasurementUnit>
    <sourceImageInformation>
      <fileName>67_ceb95_default.jpg</fileName>
      <fileIdentifier>https://gallica.bnf.fr/iiif/ark:/12148/bpt6k1090186h/f68/full/full/0/default.jpg</fileIdentifier>
    </sourceImageInformation>
  </Description>
  <Tags>
    <OtherTag ID="BT1" LABEL="Title" DESCRIPTION="block type Title"/>
    <OtherTag ID="BT2" LABEL="Main" DESCRIPTION="block type Main"/>
    <OtherTag ID="BT1009" LABEL="Damage" DESCRIPTION="block type Damage"/>
    <OtherTag ID="BT1010" LABEL="Decoration" DESCRIPTION="block type Decoration"/>
    <OtherTag ID="BT1011" LABEL="DropCapital" DESCRIPTION="block type DropCapital"/>
    <OtherTag ID="BT1012" LABEL="Figure" DESCRIPTION="block type Figure"/>
    <OtherTag ID="BT1013" LABEL="Margin" DESCRIPTION="block type Margin"/>
    <OtherTag ID="BT1014" LABEL="MusicNotation" DESCRIPTION="block type MusicNotation"/>
    <OtherTag ID="BT1015" LABEL="Numbering" DESCRIPTION="block type Numbering"/>
    <OtherTag ID="BT1016" LABEL="RunningTitle" DESCRIPTION="block type RunningTitle"/>
    <OtherTag ID="BT1017" LABEL="Seal" DESCRIPTION="block type Seal"/>
    <OtherTag ID="BT1018" LABEL="Signatures" DESCRIPTION="block type Signatures"/>
    <OtherTag ID="BT1019" LABEL="Stamp" DESCRIPTION="block type Stamp"/>
    <OtherTag ID="BT1020" LABEL="Table" DESCRIPTION="block type Table"/>
    <OtherTag ID="LT365" LABEL="Default" DESCRIPTION="line type Default"/>
    <OtherTag ID="LT366" LABEL="DropCapitalLine" DESCRIPTION="line type DropCapitalLine"/>
    <OtherTag ID="LT367" LABEL="Interlinear" DESCRIPTION="line type Interlinear"/>
    <OtherTag ID="LT368" LABEL="MusicLine" DESCRIPTION="line type MusicLine"/>
    <OtherTag ID="LT369" LABEL="Rubric" DESCRIPTION="line type Rubric"/>
  </Tags>
  <Layout>
    <Page WIDTH="1034" HEIGHT="1737" PHYSICAL_IMG_NR="67" ID="eSc_dummypage_">
      <PrintSpace HPOS="0" VPOS="0" WIDTH="1034" HEIGHT="1737">
        <TextBlock HPOS="214" VPOS="215" WIDTH="808" HEIGHT="1335" ID="eSc_textblock_ce92417c" TAGREFS="BT2">
          <Shape>
            <Polygon POINTS="1022 215 1022 1527 999 1544 243 1550 214 1532 226 225 259 223 470 222"/>
          </Shape>
          <TextLine ID="eSc_line_7a65a4b0" TAGREFS="LT365" BASELINE="230 251 928 247" HPOS="227" VPOS="205" WIDTH="699" HEIGHT="58">
            <Shape>
              <Polygon POINTS="228 240 227 222 240 214 249 222 283 222 295 211 309 222 340 215 353 222 375 215 409 222 427 209 444 209 459 222 501 221 522 209 532 218 553 221 587 221 606 212 629 217 638 208 660 217 673 211 683 220 700 208 712 220 734 220 742 211 761 209 767 215 773 209 792 215 837 206 851 218 868 215 877 206 925 205 926 235 925 260 809 260 795 253 770 253 763 260 750 253 742 260 640 254 627 261 590 261 585 256 572 261 563 254 551 261 538 254 508 254 448 263 425 256 364 261 349 256 309 261 295 256 285 261 273 256 228 257"/>
            </Shape>
            <String CONTENT="Là deſſus ſe leuant, &amp; marchant plein de rage" HPOS="227" VPOS="205" WIDTH="699" HEIGHT="58"/>
          </TextLine>
          <TextLine ID="eSc_line_9cb5d146" TAGREFS="LT365" BASELINE="230 292 929 288" HPOS="228" VPOS="254" WIDTH="700" HEIGHT="44">
            <Shape>
              <Polygon POINTS="228 280 234 257 273 263 324 257 349 264 421 257 454 264 461 259 506 256 653 263 660 256 690 260 695 254 705 261 724 256 741 261 748 254 760 261 768 254 784 261 916 259 926 261 928 276 926 295 870 295 864 289 841 293 832 288 810 295 796 295 789 288 740 288 719 295 708 288 686 295 677 289 645 289 634 296 615 290 579 295 573 289 561 295 553 289 521 289 502 296 473 292 460 298 372 296 351 290 341 298 312 292 292 298 228 293"/>
            </Shape>
            <String CONTENT="Il nous a fait trembler auec ſon ſeul courage," HPOS="228" VPOS="254" WIDTH="700" HEIGHT="44"/>
          </TextLine>
          <TextLine ID="eSc_line_1f08f236" TAGREFS="LT365" BASELINE="228 332 928 322" HPOS="225" VPOS="289" WIDTH="701" HEIGHT="51">
            <Shape>
              <Polygon POINTS="227 321 225 298 259 298 270 306 304 306 312 301 322 306 360 305 369 296 395 296 404 303 412 296 441 301 454 295 470 302 480 295 524 299 538 293 548 302 556 296 561 302 614 302 635 293 644 301 674 301 693 293 715 301 722 293 742 296 753 290 768 290 777 299 787 293 813 299 866 289 877 298 925 296 926 311 921 331 837 327 799 332 793 327 748 325 725 334 706 327 695 334 656 334 631 327 606 335 558 335 535 328 522 337 495 330 480 335 467 330 454 337 427 330 404 338 356 331 337 338 304 334 295 340 266 340 251 332 227 337"/>
            </Shape>
            <String CONTENT="Et nous a fait paroiſtre en vn pareil tranſport" HPOS="225" VPOS="289" WIDTH="701" HEIGHT="51"/>
          </TextLine>
          <TextLine ID="eSc_line_daa23c30" TAGREFS="LT365" BASELINE="234 370 987 364" HPOS="233" VPOS="330" WIDTH="753" HEIGHT="56">
            <Shape>
              <Polygon POINTS="233 358 233 337 241 334 254 334 265 343 291 343 296 337 309 343 322 335 354 343 364 335 375 343 419 343 433 332 447 341 459 332 482 341 495 332 506 332 515 341 605 341 614 331 651 331 660 340 684 340 695 331 709 340 721 332 734 340 747 331 758 331 767 340 789 340 795 334 863 338 871 330 923 330 936 338 984 331 986 353 984 382 970 380 960 370 948 380 934 370 899 370 892 377 867 373 852 382 796 383 763 383 734 372 709 383 687 372 671 383 657 372 615 372 599 385 566 373 556 373 543 385 525 385 505 373 490 373 477 385 459 385 446 373 425 373 408 386 385 385 373 374 362 374 346 386 307 386 301 380 278 386 251 374 233 374"/>
            </Shape>
            <String CONTENT="Que quelquefois l’amour eſt plus fort que la mort." HPOS="233" VPOS="330" WIDTH="753" HEIGHT="56"/>
          </TextLine>
          <TextLine ID="eSc_line_3bd2b180" TAGREFS="LT365" BASELINE="492 425 767 422" HPOS="490" VPOS="386" WIDTH="276" HEIGHT="48">
            <Shape>
              <Polygon POINTS="490 413 490 395 498 393 522 395 541 387 550 395 589 395 619 387 627 395 647 386 700 386 708 393 741 386 764 393 766 411 766 422 754 432 741 424 711 432 676 424 666 431 657 424 640 429 595 427 583 434 541 434 524 425 502 434 490 425"/>
            </Shape>
            <String CONTENT="AVRELIAN." HPOS="490" VPOS="386" WIDTH="276" HEIGHT="48"/>
          </TextLine>
          <TextLine ID="eSc_line_a6bd7d4c" TAGREFS="LT365" BASELINE="230 489 755 482 1018 486" HPOS="228" VPOS="445" WIDTH="790" HEIGHT="51">
            <Shape>
              <Polygon POINTS="228 477 228 457 237 450 266 460 311 460 327 451 350 460 362 450 417 448 431 458 447 448 493 448 508 458 589 458 595 453 615 457 622 450 632 457 645 447 658 447 670 457 682 450 698 457 715 451 780 457 790 445 810 445 821 454 845 445 861 454 868 448 876 455 919 455 929 445 970 445 981 454 1016 454 1018 474 1018 490 977 492 947 484 926 490 884 484 873 492 844 484 755 486 747 493 728 486 676 486 658 493 589 487 563 495 453 487 443 495 415 496 372 489 344 496 318 496 312 490 275 495 260 489 237 496 228 490"/>
            </Shape>
            <String CONTENT="Faut-il dõc que l’amour? qui me veut ſeul pourſuiure," HPOS="228" VPOS="445" WIDTH="790" HEIGHT="51"/>
          </TextLine>
          <TextLine ID="eSc_line_87d2f07d" TAGREFS="LT365" BASELINE="231 528 751 521 1020 525" HPOS="228" VPOS="487" WIDTH="791" HEIGHT="48">
            <Shape>
              <Polygon POINTS="228 515 228 502 249 492 257 497 272 493 283 502 337 502 356 492 385 492 405 502 417 496 453 500 464 490 486 500 501 490 515 500 530 493 558 500 567 493 596 490 609 500 638 499 663 489 676 489 684 497 703 492 713 499 737 493 747 499 760 489 802 487 812 493 819 487 848 487 868 497 887 487 919 487 925 493 952 487 973 497 1018 496 1019 512 1018 529 983 531 945 531 931 523 919 529 884 523 877 531 854 523 809 523 773 532 764 525 741 532 716 532 709 525 640 526 628 532 556 528 547 534 525 528 489 532 479 526 419 529 412 535 396 528 385 534 363 529 334 535 311 535 299 528 228 531"/>
            </Shape>
            <String CONTENT="L’empeſchant de mourir, m’empeſche icy de viure;" HPOS="228" VPOS="487" WIDTH="791" HEIGHT="48"/>
          </TextLine>
          <TextLine ID="eSc_line_238f295a" TAGREFS="LT365" BASELINE="233 567 950 560" HPOS="231" VPOS="525" WIDTH="717" HEIGHT="49">
            <Shape>
              <Polygon POINTS="231 555 231 542 249 531 273 539 289 531 311 542 330 542 401 541 430 529 480 529 498 538 506 531 515 538 543 538 556 528 572 528 595 539 644 531 676 537 702 526 745 538 789 526 803 537 815 525 855 537 874 535 884 525 894 534 929 525 947 531 948 548 947 564 915 568 900 563 808 561 802 568 790 563 783 568 768 563 724 563 715 570 673 564 660 571 635 571 628 564 615 571 537 564 480 573 456 573 446 565 433 573 414 565 396 571 363 567 354 574 257 574 241 567 231 573"/>
            </Shape>
            <String CONTENT="Qu’ay-ie fait à l’amour pour eſtre ainſi traitté!" HPOS="231" VPOS="525" WIDTH="717" HEIGHT="49"/>
          </TextLine>
          <TextLine ID="eSc_line_8eb981d0" TAGREFS="LT365" BASELINE="233 606 839 597" HPOS="231" VPOS="564" WIDTH="607" HEIGHT="48">
            <Shape>
              <Polygon POINTS="231 594 231 580 251 571 260 579 272 574 279 580 331 580 347 573 356 579 383 579 391 571 399 576 411 570 424 579 435 568 470 577 492 568 502 577 512 568 521 574 534 567 545 576 579 573 585 567 599 576 632 576 666 568 698 574 741 564 760 564 768 573 792 564 806 573 816 565 824 573 837 573 838 586 832 606 738 599 734 605 706 600 695 607 648 600 640 606 621 602 590 609 570 602 563 609 532 610 502 610 496 605 477 610 457 603 435 603 425 612 231 607"/>
            </Shape>
            <String CONTENT="Ah! i’en vois la raiſon dans ma felicité;" HPOS="231" VPOS="564" WIDTH="607" HEIGHT="48"/>
          </TextLine>
          <TextLine ID="eSc_line_d7e6979f" TAGREFS="LT365" BASELINE="233 642 880 634" HPOS="231" VPOS="606" WIDTH="648" HEIGHT="45">
            <Shape>
              <Polygon POINTS="231 631 231 620 243 612 262 612 270 620 304 620 322 612 343 619 362 612 377 619 405 610 414 619 427 610 447 609 482 609 488 615 492 610 506 618 519 610 527 616 535 609 545 616 556 610 582 616 632 616 641 610 656 615 667 606 722 615 734 606 763 613 877 613 879 622 879 635 871 641 852 638 842 644 715 638 708 645 645 639 635 647 579 641 553 648 528 642 518 648 475 648 469 642 433 649 398 649 391 644 377 649 357 642 317 651 295 644 231 645"/>
            </Shape>
            <String CONTENT="On eſt malaiſément par vne loy commun" HPOS="231" VPOS="606" WIDTH="648" HEIGHT="45"/>
          </TextLine>
          <TextLine ID="eSc_line_983993db" TAGREFS="LT365" BASELINE="234 681 977 675" HPOS="233" VPOS="644" WIDTH="743" HEIGHT="43">
            <Shape>
              <Polygon POINTS="233 670 236 648 265 648 275 655 289 648 320 655 335 648 417 655 467 654 476 647 496 654 576 654 583 647 603 645 622 645 629 652 648 652 657 645 690 652 790 644 799 651 847 649 855 644 889 651 967 647 974 649 976 664 971 683 903 683 894 677 855 677 848 683 842 677 826 683 809 678 789 684 782 678 579 680 531 686 418 680 404 687 233 683"/>
            </Shape>
            <String CONTENT="Fortuné par amour, comme heureux par fortune;" HPOS="233" VPOS="644" WIDTH="743" HEIGHT="43"/>
          </TextLine>
          <TextLine ID="eSc_line_06a85980" TAGREFS="LT365" BASELINE="233 720 810 713" HPOS="231" VPOS="681" WIDTH="578" HEIGHT="47">
            <Shape>
              <Polygon POINTS="231 709 231 687 254 687 263 694 322 687 346 694 354 686 370 693 388 686 415 686 430 693 441 686 480 691 492 684 511 684 540 691 554 684 574 690 587 683 600 690 642 690 660 683 692 690 737 689 753 681 780 689 802 686 809 702 808 720 784 716 779 722 698 715 687 723 621 722 615 716 577 725 502 717 488 723 466 717 454 726 435 719 359 725 349 719 343 725 325 720 291 726 278 720 249 728 231 720"/>
            </Shape>
            <String CONTENT="Et tel eſt des faueurs le partage inégal" HPOS="231" VPOS="681" WIDTH="578" HEIGHT="47"/>
          </TextLine>
          <TextLine ID="eSc_line_aac72fc9" TAGREFS="LT365" BASELINE="236 761 1018 752" HPOS="234" VPOS="716" WIDTH="782" HEIGHT="61">
            <Shape>
              <Polygon POINTS="234 749 234 732 241 725 280 730 293 723 325 723 346 733 370 722 409 722 421 732 461 732 473 726 488 730 498 720 544 720 556 728 593 730 603 720 706 729 713 722 735 719 754 729 792 717 808 717 818 728 845 728 866 717 879 728 892 716 908 716 922 726 1002 722 1015 726 1016 741 1015 761 996 765 978 758 968 768 916 761 894 768 867 758 854 765 841 757 758 757 725 758 706 770 695 758 673 767 660 758 625 758 596 767 570 759 560 768 540 759 506 759 479 775 234 777"/>
            </Shape>
            <String CONTENT="Qu’il n’eſt ny mal ſans bien, ny bien auſſi ſans mal." HPOS="234" VPOS="716" WIDTH="782" HEIGHT="61"/>
          </TextLine>
          <TextLine ID="eSc_line_bbde8c67" TAGREFS="LT365" BASELINE="521 807 732 810" HPOS="519" VPOS="765" WIDTH="212" HEIGHT="58">
            <Shape>
              <Polygon POINTS="521 796 521 777 538 765 553 778 596 765 614 778 650 772 679 780 692 780 708 767 731 767 726 822 660 817 653 823 628 823 592 816 574 822 547 816 519 820"/>
            </Shape>
            <String CONTENT="RVTILE." HPOS="519" VPOS="765" WIDTH="212" HEIGHT="58"/>
          </TextLine>
          <TextLine ID="eSc_line_6323f5c3" TAGREFS="LT365" BASELINE="259 874 1016 868" HPOS="257" VPOS="827" WIDTH="758" HEIGHT="61">
            <Shape>
              <Polygon POINTS="257 862 257 830 353 830 379 843 401 835 414 845 440 845 490 843 501 835 514 843 550 843 564 832 576 836 615 829 634 836 645 827 682 836 722 827 731 835 742 830 751 836 760 829 773 838 819 839 828 833 837 840 863 840 876 827 887 836 897 827 921 840 1013 840 1015 856 1010 877 964 874 945 884 929 874 883 881 863 871 845 880 834 871 777 874 754 884 734 871 699 875 656 869 624 878 615 871 498 871 482 887 456 887 437 872 408 872 391 888 257 888"/>
            </Shape>
            <String CONTENT="N’eſtes-vous pas content, vous le Dieu de la terre." HPOS="257" VPOS="827" WIDTH="758" HEIGHT="61"/>
          </TextLine>
          <TextLine ID="eSc_line_6aee16e3" TAGREFS="LT365" BASELINE="486 926 757 929" HPOS="485" VPOS="891" WIDTH="272" HEIGHT="48">
            <Shape>
              <Polygon POINTS="486 914 486 897 556 898 570 893 586 898 621 891 644 900 684 900 692 894 708 900 716 893 744 893 755 900 757 917 755 937 741 939 703 933 670 939 637 932 622 937 616 930 569 930 554 936 545 932 537 937 485 933"/>
            </Shape>
            <String CONTENT="AVRELIAN." HPOS="485" VPOS="891" WIDTH="272" HEIGHT="48"/>
          </TextLine>
          <TextLine ID="eSc_line_eedfb05e" TAGREFS="LT365" BASELINE="259 984 986 987" HPOS="257" VPOS="940" WIDTH="729" HEIGHT="55">
            <Shape>
              <Polygon POINTS="259 972 259 951 285 956 437 956 453 951 483 956 501 943 518 940 619 940 682 946 776 942 796 951 808 945 825 958 844 946 851 953 861 945 871 955 883 952 889 958 908 952 923 958 971 953 984 958 986 975 984 995 958 995 950 987 935 995 912 987 894 995 826 987 796 992 689 987 680 995 664 995 647 987 609 994 574 985 534 987 525 994 502 994 495 987 482 994 446 994 437 988 430 994 388 994 379 987 367 994 347 988 324 994 302 987 286 991 280 985 266 994 257 984"/>
            </Shape>
            <String CONTENT="Pour tout autre que moy i'ay terminé la guerre," HPOS="257" VPOS="940" WIDTH="729" HEIGHT="55"/>
          </TextLine>
          <TextLine ID="eSc_line_37b5200a" TAGREFS="LT365" BASELINE="225 1024 1016 1024" HPOS="225" VPOS="988" WIDTH="791" HEIGHT="46">
            <Shape>
              <Polygon POINTS="225 1013 225 997 250 988 265 997 307 991 327 998 353 991 367 998 408 991 418 998 525 998 538 988 600 990 614 998 629 988 645 988 657 998 706 995 713 988 750 990 757 997 768 990 803 994 828 988 838 994 860 990 871 998 894 998 902 991 915 998 992 998 1002 988 1016 988 1016 1030 1007 1034 994 1027 931 1034 918 1026 883 1034 857 1026 845 1033 835 1027 815 1032 809 1026 789 1032 767 1026 758 1033 732 1027 725 1033 715 1026 689 1027 682 1034 654 1034 645 1026 560 1026 543 1034 519 1026 463 1026 450 1033 428 1026 417 1033 386 1027 364 1033 341 1026 324 1034 257 1034 225 1026"/>
            </Shape>
            <String CONTENT="Quelle douleur meſlée aux plaiſirs d’vn vainqueur," HPOS="225" VPOS="988" WIDTH="791" HEIGHT="46"/>
          </TextLine>
          <TextLine ID="eSc_line_4e59ef28" TAGREFS="LT365" BASELINE="230 1063 944 1063" HPOS="230" VPOS="1033" WIDTH="714" HEIGHT="41">
            <Shape>
              <Polygon POINTS="230 1052 230 1033 270 1040 320 1039 327 1033 340 1040 405 1033 489 1033 501 1040 615 1040 624 1033 661 1040 724 1040 735 1034 750 1040 886 1040 893 1033 916 1040 944 1039 939 1069 774 1063 763 1069 735 1066 728 1074 664 1074 651 1065 618 1065 609 1074 593 1074 586 1066 557 1065 527 1071 499 1071 490 1065 473 1071 447 1063 386 1063 356 1074 262 1074 230 1066"/>
            </Shape>
            <String CONTENT="Qui gagne l’Vniuers ne peut gagner vn cœur;" HPOS="230" VPOS="1033" WIDTH="714" HEIGHT="41"/>
          </TextLine>
          <TextLine ID="eSc_line_ecb0c65d" TAGREFS="LT365" BASELINE="227 1098 1015 1102" HPOS="225" VPOS="1066" WIDTH="790" HEIGHT="45">
            <Shape>
              <Polygon POINTS="227 1087 227 1066 265 1078 314 1078 324 1072 363 1078 380 1069 404 1075 415 1068 430 1075 446 1068 461 1075 502 1071 514 1079 527 1069 544 1069 556 1079 711 1079 724 1074 753 1081 797 1081 815 1071 837 1071 857 1081 922 1078 929 1071 1003 1071 1013 1076 1015 1091 1006 1111 973 1111 964 1104 931 1104 922 1111 900 1104 866 1111 847 1111 839 1104 712 1110 705 1102 653 1102 645 1110 622 1102 602 1110 592 1104 509 1110 489 1101 444 1102 434 1108 380 1108 359 1101 350 1107 338 1101 302 1108 282 1101 275 1108 260 1108 250 1101 238 1108 225 1100"/>
            </Shape>
            <String CONTENT="Ne me vante donc plus tout ce qui n’eſt que pompe," HPOS="225" VPOS="1066" WIDTH="790" HEIGHT="45"/>
          </TextLine>
          <TextLine ID="eSc_line_6998d192" TAGREFS="LT365" BASELINE="225 1139 1013 1139" HPOS="225" VPOS="1107" WIDTH="788" HEIGHT="40">
            <Shape>
              <Polygon POINTS="225 1127 225 1111 237 1107 251 1107 266 1117 280 1117 289 1108 311 1116 322 1107 366 1117 389 1111 414 1117 435 1110 448 1114 457 1107 506 1107 517 1117 556 1117 566 1107 614 1107 629 1117 651 1117 664 1107 709 1107 719 1117 805 1117 813 1108 831 1117 868 1117 877 1110 886 1117 908 1111 918 1117 926 1110 947 1117 957 1107 968 1107 981 1117 990 1111 1013 1116 1013 1147 955 1147 944 1142 906 1147 899 1140 866 1147 822 1147 812 1142 700 1147 690 1142 660 1146 654 1140 554 1147 530 1142 464 1147 457 1140 435 1146 422 1140 357 1140 346 1146 289 1147 282 1140 249 1146 225 1140"/>
            </Shape>
            <String CONTENT="Sous des noms d’Empereurs la fortune nous trompe," HPOS="225" VPOS="1107" WIDTH="788" HEIGHT="40"/>
          </TextLine>
          <TextLine ID="eSc_line_5479906f" TAGREFS="LT365" BASELINE="223 1175 941 1178" HPOS="221" VPOS="1140" WIDTH="720" HEIGHT="48">
            <Shape>
              <Polygon POINTS="223 1163 223 1149 233 1142 254 1149 267 1142 286 1149 353 1143 391 1149 401 1140 433 1146 457 1140 466 1147 485 1143 493 1149 517 1149 525 1140 537 1149 576 1149 599 1142 624 1149 644 1142 660 1147 777 1142 790 1150 810 1142 867 1149 892 1142 909 1149 929 1142 939 1144 941 1166 939 1181 926 1186 913 1181 789 1182 783 1188 758 1188 747 1181 728 1188 706 1182 641 1188 621 1181 611 1188 569 1182 527 1186 511 1181 477 1186 466 1179 448 1186 422 1179 389 1179 380 1185 333 1181 325 1186 301 1179 292 1186 275 1186 265 1179 249 1184 221 1178"/>
            </Shape>
            <String CONTENT="Et par ſon vain ſpectacle &amp; ſes coups éclatans" HPOS="221" VPOS="1140" WIDTH="720" HEIGHT="48"/>
          </TextLine>
          <TextLine ID="eSc_line_980919cd" TAGREFS="LT365" BASELINE="221 1215 874 1218" HPOS="220" VPOS="1184" WIDTH="654" HEIGHT="42">
            <Shape>
              <Polygon POINTS="221 1204 221 1186 227 1184 272 1184 282 1194 302 1184 364 1184 401 1194 414 1184 467 1184 482 1194 501 1189 509 1197 627 1198 703 1198 748 1189 776 1197 787 1188 809 1194 834 1186 841 1194 873 1194 874 1207 873 1218 860 1226 844 1218 764 1218 753 1224 716 1218 673 1226 618 1226 592 1218 566 1224 547 1217 519 1217 512 1224 476 1217 459 1224 220 1218"/>
            </Shape>
            <String CONTENT="Elle fait les Ceſars, &amp; non pas les contens;" HPOS="220" VPOS="1184" WIDTH="654" HEIGHT="42"/>
          </TextLine>
          <TextLine ID="eSc_line_dec87bc9" TAGREFS="LT365" BASELINE="221 1252 1016 1256" HPOS="220" VPOS="1218" WIDTH="796" HEIGHT="47">
            <Shape>
              <Polygon POINTS="221 1240 221 1224 227 1221 249 1220 259 1230 293 1230 309 1218 317 1226 333 1218 353 1230 376 1223 404 1230 415 1223 447 1230 470 1218 499 1220 518 1231 531 1226 537 1231 603 1231 612 1223 629 1231 663 1230 677 1223 699 1231 745 1231 774 1221 790 1227 796 1221 881 1224 906 1231 932 1221 1009 1221 1016 1227 1015 1265 950 1256 922 1263 894 1256 870 1263 852 1259 845 1265 828 1256 790 1265 777 1256 753 1265 728 1257 706 1262 698 1254 671 1262 664 1254 603 1263 508 1254 402 1262 376 1253 330 1262 293 1254 273 1262 249 1253 228 1259 220 1252"/>
            </Shape>
            <String CONTENT="I’en ſuis vn grand exemple, &amp; tu peux reconnoiſtre" HPOS="220" VPOS="1218" WIDTH="796" HEIGHT="47"/>
          </TextLine>
          <TextLine ID="eSc_line_fcd22f8c" TAGREFS="LT365" BASELINE="220 1291 999 1294" HPOS="218" VPOS="1259" WIDTH="781" HEIGHT="46">
            <Shape>
              <Polygon POINTS="220 1279 220 1268 241 1259 262 1269 285 1269 299 1259 320 1269 333 1259 354 1269 417 1269 444 1259 475 1269 512 1266 519 1259 554 1259 573 1269 596 1269 608 1259 628 1260 647 1270 670 1270 680 1260 693 1260 708 1270 760 1270 783 1260 792 1266 805 1262 812 1269 822 1260 837 1260 851 1270 860 1262 874 1260 978 1260 997 1270 999 1282 997 1301 986 1305 926 1295 871 1295 847 1305 802 1295 724 1305 716 1298 696 1301 689 1295 663 1301 596 1294 572 1294 558 1301 540 1296 530 1304 515 1294 469 1299 428 1295 417 1304 337 1304 331 1298 320 1304 247 1304 218 1292"/>
            </Shape>
            <String CONTENT="Que le ſoit qui m’a fait a l’amour pour ſon maiſtre," HPOS="218" VPOS="1259" WIDTH="781" HEIGHT="46"/>
          </TextLine>
          <TextLine ID="eSc_line_d68000b6" TAGREFS="LT365" BASELINE="218 1330 939 1333" HPOS="217" VPOS="1298" WIDTH="722" HEIGHT="42">
            <Shape>
              <Polygon POINTS="218 1318 218 1302 224 1298 256 1308 412 1308 422 1298 444 1298 454 1308 525 1308 538 1301 579 1298 618 1299 628 1309 750 1309 766 1299 812 1299 845 1309 855 1299 938 1299 939 1321 934 1340 886 1334 871 1340 847 1334 839 1340 825 1334 802 1340 773 1334 751 1340 722 1334 713 1340 645 1334 580 1340 532 1333 509 1333 503 1338 479 1338 473 1333 441 1338 428 1333 404 1338 367 1333 350 1338 333 1333 263 1338 217 1331"/>
            </Shape>
            <String CONTENT="Et que ce meſme amour ſur moy ſeul ſe reſſent" HPOS="217" VPOS="1298" WIDTH="722" HEIGHT="42"/>
          </TextLine>
          <TextLine ID="eSc_line_70431df6" TAGREFS="LT365" BASELINE="218 1369 854 1373" HPOS="217" VPOS="1334" WIDTH="637" HEIGHT="46">
            <Shape>
              <Polygon POINTS="218 1357 218 1338 243 1334 256 1344 375 1344 389 1334 418 1344 437 1344 451 1336 467 1344 476 1338 485 1346 530 1346 537 1340 547 1346 564 1336 585 1344 606 1336 641 1336 693 1337 705 1347 726 1337 828 1337 839 1347 852 1347 854 1362 852 1373 841 1380 815 1375 805 1380 783 1380 777 1375 708 1380 680 1373 650 1379 611 1373 590 1379 561 1372 527 1379 498 1372 464 1379 430 1370 356 1372 340 1378 291 1378 282 1370 247 1378 234 1372 217 1375"/>
            </Shape>
            <String CONTENT="De ce que ſon ſujet m’a rendu ſi puiſſant;" HPOS="217" VPOS="1334" WIDTH="637" HEIGHT="46"/>
          </TextLine>
          <TextLine ID="eSc_line_950116b5" TAGREFS="LT365" BASELINE="217 1405 932 1412" HPOS="215" VPOS="1373" WIDTH="717" HEIGHT="46">
            <Shape>
              <Polygon POINTS="217 1393 217 1375 231 1373 256 1382 289 1382 298 1376 304 1382 347 1378 382 1383 388 1378 408 1382 415 1375 425 1383 503 1385 530 1376 540 1383 556 1373 567 1385 599 1385 611 1373 634 1373 648 1379 671 1376 684 1385 698 1376 713 1386 728 1376 737 1383 748 1375 761 1382 789 1378 800 1385 832 1378 839 1383 848 1376 931 1376 932 1401 931 1419 902 1414 887 1419 847 1419 834 1414 810 1419 787 1412 782 1418 750 1412 673 1412 650 1418 644 1411 503 1417 486 1409 464 1415 360 1415 337 1408 233 1414 215 1408"/>
            </Shape>
            <String CONTENT="Es-tu content amour? tu m’as fait vn eſclaue," HPOS="215" VPOS="1373" WIDTH="717" HEIGHT="46"/>
          </TextLine>
          <TextLine ID="eSc_line_7f67a4f9" TAGREFS="LT365" BASELINE="217 1444 887 1451" HPOS="215" VPOS="1409" WIDTH="672" HEIGHT="50">
            <Shape>
              <Polygon POINTS="217 1433 217 1412 241 1418 260 1409 288 1418 369 1418 388 1412 396 1419 446 1419 454 1411 464 1418 480 1411 498 1419 527 1412 538 1421 554 1412 614 1412 634 1419 644 1414 654 1422 680 1414 712 1414 754 1424 780 1424 793 1415 834 1421 841 1415 850 1422 861 1418 886 1424 887 1440 886 1451 834 1459 776 1459 770 1453 757 1457 731 1450 713 1457 699 1451 653 1457 625 1450 515 1456 472 1447 457 1454 428 1454 419 1448 409 1454 385 1453 379 1447 369 1453 321 1453 314 1447 289 1453 278 1447 221 1450 215 1444"/>
            </Shape>
            <String CONTENT="Ie brauois tout l’Empire, vne fille me braue." HPOS="215" VPOS="1409" WIDTH="672" HEIGHT="50"/>
          </TextLine>
          <TextLine ID="eSc_line_d48a0380" TAGREFS="LT365" BASELINE="214 1482 918 1488" HPOS="212" VPOS="1448" WIDTH="706" HEIGHT="48">
            <Shape>
              <Polygon POINTS="214 1470 214 1454 230 1448 256 1454 280 1448 291 1457 369 1451 385 1459 412 1451 419 1459 469 1459 485 1450 511 1450 519 1459 551 1454 561 1460 592 1460 600 1451 642 1451 650 1459 670 1453 682 1460 699 1451 729 1460 741 1454 777 1461 912 1453 918 1476 916 1489 900 1496 890 1490 854 1496 829 1489 803 1496 715 1489 687 1495 680 1488 664 1495 611 1489 582 1495 482 1486 391 1493 335 1492 321 1485 246 1492 212 1483"/>
            </Shape>
            <String CONTENT="Enfin malgré cét air dont i’ay touſiours veſcu" HPOS="212" VPOS="1448" WIDTH="706" HEIGHT="48"/>
          </TextLine>
          <TextLine ID="eSc_line_1309d473" TAGREFS="LT365" BASELINE="214 1522 986 1530" HPOS="212" VPOS="1485" WIDTH="774" HEIGHT="65">
            <Shape>
              <Polygon POINTS="214 1511 214 1485 257 1496 280 1490 289 1495 298 1486 312 1486 322 1493 349 1489 370 1498 466 1498 476 1492 483 1498 524 1499 541 1499 548 1492 579 1499 593 1490 637 1490 647 1499 674 1499 682 1493 689 1498 696 1492 740 1493 750 1499 760 1490 779 1490 796 1498 831 1492 837 1499 867 1501 887 1492 896 1498 921 1492 934 1502 944 1493 984 1492 986 1518 984 1538 957 1550 934 1538 871 1538 854 1550 835 1538 810 1547 803 1541 784 1545 774 1537 755 1537 744 1547 732 1541 721 1548 698 1548 686 1543 592 1547 577 1537 570 1543 522 1534 505 1534 493 1543 480 1534 460 1534 437 1545 405 1534 379 1534 373 1540 327 1534 312 1544 240 1544 227 1532 212 1535"/>
            </Shape>
            <String CONTENT="I’ay vaincu tout le monde, &amp; l’amour m’a vaincu," HPOS="212" VPOS="1485" WIDTH="774" HEIGHT="65"/>
          </TextLine>
        </TextBlock>
        <TextBlock HPOS="436" VPOS="155" WIDTH="412" HEIGHT="64" ID="eSc_textblock_13b1765d" TAGREFS="BT1016">
          <Shape>
            <Polygon POINTS="836 158 848 219 436 214 459 155"/>
          </Shape>
          <TextLine ID="eSc_line_d9f0b8bf" TAGREFS="LT365" BASELINE="456 211 842 204" HPOS="453" VPOS="148" WIDTH="386" HEIGHT="69">
            <Shape>
              <Polygon POINTS="453 198 459 160 484 160 498 153 516 151 533 151 547 148 567 174 578 158 600 156 635 154 667 161 684 153 703 160 749 163 764 156 774 160 792 157 800 157 833 161 839 191 838 206 829 211 800 211 790 201 771 211 744 204 732 212 715 212 702 202 684 202 663 214 637 204 619 204 603 215 593 206 569 215 556 208 541 215 534 209 508 217 493 208 482 217 453 211"/>
            </Shape>
            <String CONTENT="ZENOBIE" HPOS="453" VPOS="148" WIDTH="386" HEIGHT="69"/>
          </TextLine>
        </TextBlock>
        <TextBlock HPOS="231" VPOS="165" WIDTH="83" HEIGHT="57" ID="eSc_textblock_f5276f7d" TAGREFS="BT1015">
          <Shape>
            <Polygon POINTS="313 165 314 221 231 222 236 178"/>
          </Shape>
          <TextLine ID="eSc_line_9c6a0902" TAGREFS="LT365" BASELINE="233 214 312 213" HPOS="231" VPOS="151" WIDTH="80" HEIGHT="67">
            <Shape>
              <Polygon POINTS="231 201 231 163 311 151 311 211 272 211 265 218 231 215"/>
            </Shape>
            <String CONTENT="46" HPOS="231" VPOS="151" WIDTH="80" HEIGHT="67"/>
          </TextLine>
        </TextBlock>
      </PrintSpace>
    </Page>
  </Layout>
</alto>