1034 1737
159 1056 472 77 SCENE II.

2 1129 797 62 AVRELIAN, RVTILE ET ODENIE

247 1211 272 51 AVRELIAN.

0 1221 54 77 V

43 1250 737 52 Oſtre audace, Madame, eſt dõc toûjours viſible.

0 1296 795 42 L'Empereur des Romains deuant vous n’eſt-il rien?

276 1338 220 42 ODENIE.

3 1375 787 47 e vous rends, par voſtre ordre, vn ſecond entretien;

0 1414 750 47 e viens ſçauoir de vous ce que i’en dois attendre.

243 1454 288 45 AVRELIAN.

8 1488 762 76 Princeſſe, mon aueu ne vous doit plus ſurprendre.

289 201 201 42 RVTILE.

13 231 779 55 Quoy Seigneur, Zenobie eſtant hors de voſtre ame,

253 275 269 43 AVRELIAN.

23 312 770 52 Changeant de qualitez, i'ay dû changer de flame;

2 357 619 43 En effet par vn prompt & ſecret different

8 390 789 51 L'amour naiſſant en moy détruit l’amour mourant;

7 437 698 46 Ie ne ſçay quelle ardeur qui vient de ma colere,

4 477 625 42 Me fait aimer la fille avant aimé la mere;

8 518 679 42 Et par vn changement dont ie ſuis ſi ſurpris,

5 552 759 50 Donner haine pour haine, & mépris pour mépris;

4 597 649 41 Zenobie autrefois dédaigna ma pourſuitte,

4 632 741 46 Ma fortune auiourd’huy condamne ſa conduitte,

4 673 583 43 Et ma toure puiſſance irritée à ſon tour

5 715 714 40 Me vange de l’affront qu’en receut mon amour;

5 749 787 47 Mais ce qui me ſurprend dans mon ardeur nouuelle,

5 787 642 46 Eſt de voir la Princeſſe auſſi fiere que belle,

7 833 549 41 Et meſlant le dédain auecque les a pas.

5 868 643 46 Me donner vn amour qu’elle ne recoit pas;

0 909 624 47 L’ingrate doit venir, la voicy l’inſenſible.

161 137 403 61 TRAGEDIE.

731 138 66 82 47
