1034 1737
253 186 699 48 Vous auez veu ma flame, & tel eſt mon amour

247 228 776 49 Que ſans peine & ſans honte il s’eſt pû mettre au iour.

251 270 741 44 Rien ne s’oppoſe au feu que ie vous fais pareſtre;

253 308 714 40 La force & la beauté l’ont voulu faire naiſtre,

254 347 585 43 Si pour iuſtifier vn amour ſi preſſant,

257 385 720 57 Vous eſtes toute aimable, & ne ſuis tout puiſſant.

545 422 222 48 ODENIE.

279 457 746 53 Quel amour? qui ſe montre au milieu des allarmes

531 502 288 43 AVRELIAN.

280 532 745 62 L’amour ſe declarant a touſiours quelques charmes

545 577 216 45 ODENIE.

285 609 712 55 Ah! par vne douceur que pratiquent les Dieux,

254 655 749 52 Qui, veut gagner les cœurs ſe doit gagner les yeux.

509 693 283 46 AVRELIAN.

283 729 735 52 Ne vous y trompez pas, ie hay qui me dédaigne,

256 770 770 50 Ne pouuant eſtre aimé, ie veux que l’on me craigne;

259 813 718 45 Qui vous parle en Amant vous peut faire perir.

535 849 255 44 ODENIE.

288 885 728 55 Si vous ſçauez regner, nous ſçauons bien mourir.

517 923 266 43 AVRELIAN.

282 959 747 54 Quoy la mort plus que moy vous eſt-elle agreable?

540 1000 226 43 ODENIE.

288 1036 638 49 Vn tyran amoureux eſt rarement aimable.

528 1078 281 42 AVRELIAN.

285 1113 740 55 Mon crime n’eſt vrayment qu’vn innocent forfait,

257 1155 700 49 Et je ne ſuis tyran qu’autant qu’on me le fait;

257 1192 645 51 L’audace de la mere irrita mon courage,

259 1231 714 52 Le mépris de la fille en ce moment m’outrage,

259 1272 677 51 Et par le prompt excés de mon reſſentiment.

263 1311 711 46 Vous fait vn ennemy dans le cœur d’vn amant.

547 1364 226 48 ODENIE.

293 1422 658 54 Tel eſt le digne effort de la fierté Romaine,

260 1461 759 79 L’amour chez vos pareils et ſemblables à la haine.

262 131 49 70 48

483 130 322 68 ZENOBIE

1009 1509 20 61 E
