1034 1737
11 185 626 53 t ie ne ſçautois faire vn jugement certain

2 221 675 61 D’vn ennemy mortel & d’vn amant Romain.

233 266 297 45 AVRELIAN.

13 302 789 56 Orgueilleuſe, eſt-il dit? que voſtre ame inhumaine

14 345 691 54 N’ait iamais eſprouué ny l’amour ny la haine,

8 386 639 52 Et qu’eſtant ſans tendreſſe & ſans inimitié,

10 427 595 50 e n’obtienne de vous ny peine, ny pitié.

260 463 267 45 ODENIE.

13 500 789 55 Pour de l’amour pour vous ie m’en trouue incapable;

10 544 628 50 Et n’ay de la pitié que pour vn miſerable;

254 583 280 45 AVRELIAN.

18 620 543 51 Cruelle, je le ſuis, ſi ie ne ſuis aimé;

13 657 693 56 Qu’importe à mon repos de me voir renommé.

11 702 640 49 Les heros apres tout ne ſont que des idoles;

18 738 651 52 L’amour a des effets, la gloire a des paroles;

11 780 600 47 Si par vn ſentiment découuert ou caché

11 817 655 55 On eſt flatté par l’vn, ou par l’autre touché.

11 858 733 51 Ce n’eſt pas que l’eſprit n’ait de la peine à croire

14 897 743 52 La gloire ſans l’amour, ou l’amour ſans la gloire!

13 937 690 50 Tous les deux à l’enuy ſe ſeruent d’ornement,

13 975 715 52 Et confondent en eux le vainqueur & l’amant;

11 1014 771 52 Ie ſuis & l’vn & l’autre, & ie yeux eſtre aimable:

11 1056 663 49 Cependant mes deſirs me rendent hayſſable,

11 1095 646 52 Et plus ie puis aimer & pretens eſtre aimé,

13 1133 769 53 Moins pour moy voſtre cœur ſe rencontre enflamé.

13 1173 758 50 De grace en ma faueur animez mieux voſtre ame;

14 1214 736 51 Vous allumez mes feux, prenez part à ma flame,

11 1253 643 54 Et ne permettez pas qu’en vne meſme loy

10 1289 812 57 La froideur foit en vous quand l’ardeur eſt en moy.

259 1334 295 49 VN GARDE.

28 1370 749 54 Seigneur vous triomphez, enfin voicy la Reyne

23 1412 634 57 Que Martian conduit auecque Timagene.

265 1453 314 49 AVRELIAN.

695 1444 129 51 [moins.

30 1485 798 73 Hé quoy, Dieux! dans vn temps que i’y ſongeois le

644 1534 36 59 E

159 124 402 68 TRAGEDIE.

729 140 71 62 49
