1034 1737
295 196 649 52 Ie ſerois libre icy ſi l’on ne m’y craignoit,

548 234 289 48 AVRELIAN.

315 272 658 52 Autrefois dans l’orgueil Zenobie y regnoit.

557 312 259 45 ZENOBIE.

312 347 695 56 Elle y commande encor par vn droit legitime,

285 389 675 51 Et tel que la vertu peut l’auoir ſur le crime.

553 429 282 45 AVRELIAN.

315 464 707 55 Vous me regardez donc comme vn vſurpateur.

563 508 252 43 ZENOBIE.

314 544 685 52 Qu’eſtes vous en effet que mon perſecuteur?

550 584 287 45 AVRELIAN.

307 620 725 57 Je ſuis voſtre Empereur par le droit de la guerre,

556 675 250 51 ZENOBIE.

304 732 637 56 Et par le meſme droit le tyran de la terre,

276 775 692 52 Mais ce n’eſt pas aſſez d’enuahir tant d’Eſtats

276 816 594 46 Si l’infidelité n’eſt jointe aux attentats.

276 852 736 54 Ouy, le laſche Adamas ſçachant mon entrepriſe

275 890 699 56 Dedans vne ambuſcade a trahy ma franchiſe,

270 929 661 53 Et par luy Martian apprenant nos deſſeins,

272 968 706 53 Et ſurpris & viuans nous met entre vos mains:

275 1008 627 53 Voila de mon tyran le ſuperbe auantage,

537 1049 281 45 AVRELIAN.

307 1084 725 58 Condamnant vos projets ie plains voſtre courage

547 1126 253 42 ZENOBIE.

266 1156 753 64 I’eus touſiours des deſſeins auſſi iuſtes que grands,

522 1201 286 46 AVRELIAN.

265 1233 667 62 Iugeons par le ſuccés de tous nos differends,

544 1279 233 44 ZENOBIE.

266 1309 737 64 Quoy par l’euenement, c’eſt vn mauuais arbitre,

528 1354 287 47 AVRELIAN.

262 1388 743 63 Quoy que vous en penſiez le bonheur eſt vn titre.

517 1431 292 57 ZENOBIE.

282 1461 407 74 Il l’eſt chez les Romains,

296 153 50 43 52

496 134 386 67 ZENOBIE
