1034 1737
251 193 290 40 AVRELIAN.

350 227 368 48 Je m’en ſuis bien ſeruy,

244 267 312 48 ZENOBIE.

20 305 640 53 Tout ſelon cette loy ſe voit par eux rauy,

8 350 687 52 Ceux dont leur tyrannie opprime la puiſſance

13 392 711 48 En perdant leurs Eſtats perdent leur innocence.

254 429 291 39 AVRELIAN.

24 463 769 58 Ce n’eſt pas aux vaincus à blaſmer les vainqueurs,

251 508 307 44 ZENOBIE.

28 547 706 55 Ny ce n’eſt pas au ſort à triompher des cœurs,

257 587 291 42 AVRELIAN.

36 626 612 49 Vous ſeriez en eſtat de loüer la fortune,

11 670 394 52 Si, quand ie vous aimay,

251 704 312 47 ZENOBIE.

366 738 418 55 Ce ſeul mot m’importune,

13 783 725 55 Aprenez qu’vn amant ne peut plaire à mes yeux

14 822 754 58 Qu’autant que ſes vertus le font pareil aux Dieux.

256 881 289 58 AVRELIAN.

40 935 752 59 Toutefois voſtre eſpoux ne fut qu'vn temeraire,

292 982 235 45 ZENOBIE.

40 1016 782 56 Comme à vous la fortune eut deſſein de luy plaire,

14 1062 736 52 Et ſi ſon prompt treſpas n’euſt trahy ſes projets,

20 1095 802 60 Vous, Romains, mes vainqueurs, vous ſeriez mes ſu¬

259 1142 285 44 AVRELIAN.

731 1134 90 51 [jets.

36 1173 685 60 Il entreprenoit trop, il ſe deuoit connoiſtre,

276 1218 285 50 ZENOBIE.

43 1250 666 61 Odenat enoit né pour eſtre voſtre maiſtre.

21 1295 787 55 Tout homme qui naiſt prince a ce droit de ſon ſang

18 1336 745 56 Qu’il peut iuſqu’à la mort encherir ſur ſon rang;

17 1378 672 50 Il trouue auec eſclat dans ſon indépendance

21 1417 652 52 Vn titre ſuffiſant pour la toute puiſſance;

17 1457 691 51 Il ſe ſent de ſa ſource & les droits du berceau

18 1492 740 66 Ne ſont iamais bornez que par ceux du tombeau.

556 1544 115 55 E iij

760 149 51 50 53

158 135 472 61 TRAGEDIE.
