1034 1737
282 195 748 52 Vous donc qui d'Odenat condamnez les conqueſte

275 235 711 51 En voyant ce qu’il fut, voyez ce que vous eſtes.

509 275 328 44 AVRELIAN.

307 311 719 53 Sçachez que vous & luy conquiſtes trop d'eſtats,

545 363 248 53 ZENOBIE.

301 432 662 44 Ne nous accuſez-vous que de ces attentats,

273 471 672 47 Si conquerir l’Aſie eſtoit vn ſi grand crime,

273 512 710 42 Conquerir tout le monde eſt-il plus legitime?

270 548 659 46 Et pourquoy nos exploits eſtant deſauoüez.

270 589 759 43 Condamnez-vous en nous ce qu’en vous vous loüez

273 623 678 48 Vn ſoldat le Cenſeur du Prince de Palmire;

273 664 716 46 Vous blâmez Odenat, & moy ie vous admire,

269 702 723 44 Et i’aime à voir en vous qu’vn fils de laboureur

270 744 733 46 Soit venu par degrez iuſqu’au rang d’Empereur.

532 790 280 53 AVRELIAN.

289 856 624 47 Ma valeur repara ce deffaut de naiſſance.

563 897 242 40 ZENOBIE.

292 932 633 49 La vertu d’Odenat fit valoir ſa puiſſance.

515 975 281 42 AVRELIAN.

292 1010 665 49 Le courage qu’il eut le rendit trop hautain;

558 1052 232 43 ZENOBIE.

299 1087 735 51 Il fut moins orgueilleux que le moindre Romain.

515 1129 306 44 AVRELIAN.

288 1162 735 56 Il prit inſolemment le grand ſurnom d’Auguſte,

547 1207 235 42 ZENOBIE.

288 1241 701 50 Quelqu’autre le prenant me parut plus injuſte,

262 1282 601 45 Da vertu d’Odenat l’auoit fait adorer,

259 1320 695 50 Et vingt de vos Ceſars l’ont fait deshonnorer.

512 1362 313 43 AVRELIAN.

286 1393 666 53 Tel eſt le iugement d’vne illuſtre perſonne;

540 1437 246 45 ZENOBIE.

269 1473 712 59 Eſt-ce qu’à voſtre ſens ma gloire s’abandonne?

288 133 62 68 54

490 133 383 65 ZENOBIE
