1034 1737
227 183 327 41 AVRELIAN.

23 221 572 54 Zenobie en s’armant a trahy ſa vertu.

280 261 254 42 ZENOBIE.

27 299 691 58 Vingt fois auec honneur ie vous ay combatu.

240 343 326 43 AVRELIAN.

23 377 734 50 Le fer ſied mal au ſexe, & le meſtier des armes

10 421 756 50 eſt comme incompatible aueque tant de charmes;

13 460 780 50 Vos yeux qui ſont touſiours nos naturels vainqueurs

17 499 770 53 Ne devroient s’employer qu’à conquerir des cœurs.

272 541 260 43 ZENOBIE.

28 574 752 55 Ne raillons point, le Ciel qui les en fit capables

8 618 749 47 Arma comme les yeux les bras de nos ſemblables,

7 660 635 49 Et nous communiqua cette meſme valeur

10 697 737 49 De qui l’vſage en nous vous fait tant de douleur;

10 736 756 49 La gloire eſt de tout ſexe, & i’oſe encor vous dire

13 775 763 52 Que malgré vous, le mien eſtoit né pour l’Empire,

5 816 726 51 Et que tous ces reſpects que vous luy faites voir

11 855 743 49 Sont moins de voſtre amour que de voſtre deuoir.

231 896 326 44 AVRELIAN.

33 930 743 57 Vous vous deuiez tenir dans les bornes du voſtre.

257 974 294 45 ZENOBIE.

28 1007 784 58 Cent hommes en eſchange ont paſſé dans le noſtre.

233 1055 330 40 AVRELIAN.

34 1087 756 56 Vous traueſtir ſans ceſſe, ah! cette laſche ardeur

11 1134 669 47 Vous fait de voſtre ſexe outrager la pudeur,

13 1172 679 49 Rome en eſt offencée & ma propre victoire:

270 1210 280 49 ZENOBIE.

28 1249 701 52 Ah! tyran de mon ſexe, ennemy de ma gloire

8 1286 802 55 Eſt-ce vn grand crime aux yeux de mes perſecuteurs?

10 1331 643 48 De les auoir deffaits de trente vſurpateurs.

8 1367 714 52 Claude, vn de vos Ceſars me laiſſa dans l’Aſie

10 1406 769 54 Comme vn vn objet de gloire & non de ialouſie;

18 1448 590 51 Et les Orientaux m’eſtants ainſi ſoûmis

10 1490 706 60 I'y fus comme vn rampart contre vos ennemis.

764 136 41 76 55

174 123 401 66 TRAGEDIE.
