1034 1737
160 148 403 63 TRAGEDIE.

247 209 223 42 ODENIE.

4 234 695 68 Ah! Seigneur, arreſtez, ie demande ſa grace,

218 288 299 44 AVRELIAN.

7 325 683 51 Meſme dans la priere auez-vous de l'audace?

8 367 688 48 ous voulez des faueurs & vous n’en faites pas,

11 406 717 49 'importe, en voſftre nom i’empeſche ſon treſpas.

259 445 227 44 ODENIE.

11 480 726 52 Deliurez donc Zabas, Timagene & la Reyne,

209 523 279 50 AVRELIAN.

14 565 365 50 Quoy Zabas à mes yeux!

173 752 420 75 SCENE V.

20 825 764 55 DENIE AVRELIAN, RVTILE,

13 872 745 76 MARTIAN, ZABAS, ET TIMAGENE.

272 956 181 48 ZABAS.

338 1001 41 94 I

383 1029 399 52 'Y viens braue ta haine,

4 1074 733 68 a Reyne eſt dans les fers, tyran, puis-je parler?

224 1143 295 52 AVRELIAN.

15 1191 597 59 Voſtre inſigne valeur a pû ſe ſignaler,

15 1230 780 59 es Dieux qui l'admiroient n’ont pas voulu permettre

17 1283 744 44 Que Rome ny la mort, ayent pû ſe la fouſmettre;

1 1321 762 49 ls s’en font vn ſpectacle & d’vn plus digne effort

5 1360 707 46 ls vous font triompher de Rome & de la mort;

1 1395 757 62 Triomphez de vous-meſme & dans cette auanture

7 1440 609 48 ſtonnez la fortune aurtant que la nature,

8 1482 626 46 t ſans iniurier, ny brauer vn vairqueur,

2 1521 648 56 u deffaut d'vn Eſtat poſſedez voſtre cœur.

580 1567 40 56 F

716 163 58 64 57
