1034 1737
583 202 178 45 ZABAS.

292 234 734 56 Dans le trouble oû ie ſuis me le puis-je promettre

265 280 756 51 Si le ſort & l’amour me font tous deux vn maiſtre,

267 319 722 48 Tous deux m’ayant oſte du rang des Potentats

263 358 721 47 L’vn m’enleua mon cœur & l’autre mes Eſtats.

262 398 611 49 Il ne me reſtoit plus qu’vne funeſte vie,

260 437 732 47 Que les Dieux m’ont renduë auſſi-toſt que rauie,

262 474 703 48 Ou plutoſt que l’amour dont ie ſuis le martyr

260 515 704 46 Ne me veut redonner que pour me voir patir.

259 550 763 53 Vous voyez donc, Seigneur, qu’animé par luy-meſme

257 589 765 50 Mon cœur plein de ſoûpirs ne vit qu’autãt qu’il aime

257 628 750 50 Et que par moy les Dieux ont fait voir en ce iour

256 667 730 52 Que le corps cede à l’ame & la mort à l’amour;

256 706 652 45 Mais que me ſeruiroit mon retour à la vie

254 742 678 49 Si dans la Reyne meſme elle m’eſtoit rauie,

253 781 767 51 Sauuez-la donc de grace, où faites moy mourir,

254 819 567 50 Ou me faciliter les moyens de perir,

251 858 693 51 Mes mains m’ont refusé ce pitoyable office,

251 897 677 49 Ma douleur me deſnie vn ſemblable ſeruice,

251 939 709 45 Et peut-eſtre en l’eſtat où mon amour m’a mis

251 977 671 46 Ie ne l’obtiendray pas de tous mes ennemis.

250 1013 768 50 Cependant c’eſt à vous que mon malheur s’adreſſe,

249 1055 779 49 Accordez-moy la mort, par haine, ou par tendreſſe;

249 1092 696 47 Oue vous ſert cét objet de deux bras abbatus?

249 1129 703 50 Il peint voſtre fortune & non pas vos verrus.

515 1169 271 51 AVRELIAN.

963 1175 66 43 (nes,

263 1202 763 61 Ie fais grace à tous deux, Prince ie romps vos chaiſ¬

249 1246 719 55 Vous, illuſtre Zabas, ie veux finir vos peines,

246 1285 637 51 Zenobie eſt à vous, ie la cede à vos vœux

244 1323 743 56 Et mets toute ma gloire à faire vn bien-heureux,

244 1364 785 58 Princeſſe, vous voyez comme on taſche à vous plaire,

250 1399 362 58 Voſtre amour à ce prix.

524 1427 218 81 ODENIE.

677 1469 349 82 L’amour eſt volontaire,

488 131 320 78 ZENOBIE

273 137 44 72 58
