1034 1737
330 1208 88 86 A

243 222 298 39 AVRELIAN.

13 250 644 52 Il eſt en inoy forcé, ceſſez de m’irriter,

15 298 698 45 Non, non, ma paſſion ne vous peut plus flater,

11 338 684 47 Que l’on meine à la mort Zabas & Timagene

14 379 760 46 t qu’à ſes propres yeux l’on poignarde la Reyne.

267 415 235 45 ODENIE.

17 454 303 51 Arreſtez, ſi ie puis;

234 496 297 43 AVRELIAN.

450 534 347 45 C’eſt aſſez m’abuſer,

13 571 670 48 i vous aimez la Reyne il me faut eſpouſer,

13 613 288 44 Eſtes-vous reſoluë?

266 645 264 54 ODENIE.

396 687 417 52 Ah! Seigneur qui differe

11 733 692 42 De ſauuer à ce prix deux Princes & ſa mere.

262 771 285 45 AVRELIAN.

21 814 387 45 Ie vous attens au temple.

21 1004 772 71 SCENE DERNIERE.

37 1081 733 56 ODENIE, ZABAS, ET TIMAGENE.

251 1155 307 55 TIMAGENE.

421 1239 389 46 H! quel conſentement,

23 1281 766 52 Dieux? rien n’eſt comparable à mon eſtonnement.

280 1333 228 49 ODENIE.

33 1398 759 43 Vn tel ordre me gehenne & dans cette contrainte

11 1434 700 49 Ie ſouffre par amour & je ſouffre par crainte,

18 1475 774 49 Et par leurs mouuemens tout mon cœur combattu

21 1515 668 54 Plus que de tous les deux ſouffre de ſa vertu.

579 1561 68 55 E ij

751 180 48 57 59

166 146 455 72 TRAGEDIE
