1034 1737
508 215 292 48 TIMAGENE.

265 256 366 47 Si l’on m’euſt conſulté,

540 289 223 51 ODENIE.

612 334 406 52 Quelle eſtoit voſtre enuie

518 373 274 46 TIMAGENE.

273 411 692 47 De vous auoir, Princeſte, ou de perdre la vie.

467 455 342 42 ODENIE, ſortant.

273 493 742 42 Prince je vous entends, de grace entendez-moy,

246 532 714 44 I’ay fait-ce que i’ay pû, ie fais ce que ie doy,

247 568 711 45 Diſons tout, mon deuoir a conſerué la Reyne,

246 610 690 41 Mon amitié Zabas, mon amour Timagene,

244 647 729 43 Et le dernier peut-eſtre eſtant plus hazardeux

247 687 765 45 A fait plus dans mon cœur que tous les autres deux.

550 726 181 41 ZABAS.

273 759 747 48 Prince, ſi vous l’aimez, quel bonheur eſt le noſtre

247 806 701 40 De voir que ſon aueu peut preuenir le voſtre.

518 842 298 40 TIMAGENE.

273 880 700 44 Ah! qu’il eſt bien aiſé de produire vn amour

247 920 716 45 Qand on le fait mourir en le mettant au jour.

544 956 184 41 ZABAS.

275 988 750 59 Vous aymez la Princeſſe, & moy i’aime la Reyne,

461 1034 358 41 TIMAGENE.

273 1069 697 49 Ainſi par voſtre amour ma ialouſie eſt vaine,

243 1111 763 47 Mais helas! cher amy, qu’il m’euſt eſté plus doux

244 1152 727 46 De n’auoir en aimant qu’à combattre que vous.

246 1189 706 45 Adieu, i’ay trop à dire, & plus encore à faire,

554 1228 174 44 ZABAS.

263 1260 762 54 Moy, ie n’ay dãs mes maux qu'à ſouffrir & me taire,

243 1304 718 49 Et malgré leurs combats par vn illuſtre effort

247 1346 704 55 Accommoder la gloire & l’amour & la mort.

404 1427 492 72 Fin du quatrieſme Acte.

255 172 67 46 60

457 137 400 83 ZENOBIE
