1034 1737
73 438 669 112 ACTE V.

21 548 763 91 SCENE PREMIERE.

41 644 736 63 ZENOBIE, ILIONE, DIOREE,

243 706 314 56 ZENOBIE.

28 797 99 140 A

131 762 656 67 H! ma chere Ilione & ma parfaite Image

123 817 660 50 On a vû ta conſtance eſgaler ton courage,

128 856 480 50 Et le tyran rauy de ta fidelité

128 888 682 61 Malgré tous ſes tranſports te rend ta liberté

293 936 215 48 ILIONE.

28 975 338 51 Ma vie eſtoit à vous,

282 1010 262 53 ZENOBIE.

464 1045 354 47 Va, je t’en remercie;

10 1082 782 64 Mais quoy! mon auanture eſt bien mal eſclaircie;

13 1127 806 59 Que pretend-on de moy? l’on m’ameine en ces lieux,

13 1168 719 55 Et rien que mes ſuiuans ne s’offrent à mes yeux.

307 1211 212 46 ILIONE.

31 1239 774 70 Ie ne ſçais, tout le monde accourt à noſtre temple

283 1291 274 49 ZENOBIE.

26 1321 796 65 Quel que ſoit mon deſtin, c’eſt moy que ie cõtemple,

11 1370 720 54 Ie m’admire moy-meſme en ce fameux reuers,

13 1405 784 61 Ce n’eſt pas que mes yeux ne ſouffrent de mes fers;

10 1444 818 62 Mon cœur meſme gemit quãd rien en moy ne marque

17 1486 723 71 Que ie ſuis ſœur & fille & veuue de Monarque?

148 123 474 78 TRAGEDIE.

751 131 54 55 61

558 1534 103 51 E iij
