1034 1737
251 191 761 60 Que le mal eſt cuiſant quand on l’oppoſe au bien;

249 234 721 55 Et qu’avant tout eſté l’on ne ſe voit plus rien,

249 272 754 59 Mais voicy la Princeſſe, hé bien! voſtre puiſſance

428 466 468 75 SCENE II.

250 535 766 67 ZENOBIE, ILIONE, DIOREE,

496 590 338 54 ET ODENIE.

554 639 222 61 ODENIE.

247 690 42 87 I

293 690 626 58 E viens de trauailler à voſtre deliurance

293 733 461 45 L’Empereur vous rend libre,

519 772 258 45 ZENOBIE.

647 813 375 54 Hé! par quel mouuement,

244 848 610 48 Eſtoit-il aſſeuré de mon conſentement,

244 884 778 59 Quelque amour exceſſif qu’on ait pour ſa franchiſe,

246 926 764 55 Il faut ſelon mon ſens que l’honneur l’authoriſe,

246 962 633 52 Et que noſtre vertu par vn inſigne effort

244 1003 713 50 Nous arrache à des fers où nous a mis le ſort.

538 1042 217 46 ODENIE.

272 1076 741 55 Ah! Madame, vne Reyne a touſiours de la honte

243 1114 381 51 De ſe voir dans les fers,

498 1168 297 65 ZENOBIE.

653 1240 370 48 La faueur nous ſurmonte

241 1272 784 56 Mes fers peſoient beaucoup, mais ſçachez qu’en effet

240 1314 780 55 Ils peſoient beaucoup moins que ne peſe vn bienfait,

240 1350 702 56 Et ſur tout quand il part d’vne main ennemie,

240 1389 665 55 Plus il a de grandeur, plus il a d’infamie;

240 1427 717 59 Le cœur gemit ſous luy, noſtre gloire en pâtit

238 1464 651 73 Et l’ame auec horeur ſous luy s’aſſujettit.

456 125 395 79 ZENOBIE

253 135 65 54 62
