1034 1737
276 193 210 45 ILIONE.

10 224 751 65 Si le don d’vn tyran n’eſt qu’vn parfait outrage,

14 270 579 58 De voſtre liberté faites vn noble vſage,

4 311 678 58 Confondez ce barbare, & ne luy deuant rien,

4 343 759 69 Montrez luy qu’vn meſchant ne peut faire du bien.

269 393 237 73 ZENOBIE.

13 454 783 72 Ce n’eſt pas là mon ſens, vous, oſtez moy de doute,

5 496 765 69 Qu’eſt-ce qu’en ce moment ma liberté me couſte?

7 537 754 68 Parlez, ſans me ſoûmettre à quelque indigne loy

7 579 688 66 Me rend on mes Eſtats en me laiſſant à moy;

283 622 235 48 ODENIE.

21 655 733 67 Ceſar pretend de vous que Zabas vous eſpouſe,

241 702 349 47 ZENOBIE.

20 735 699 62 Ah! que d’vn tel amant l’ame fut peu ialouſe,

14 774 765 64 Quoy! l’Empereur me donne, & dépens-je de luy?

17 813 785 67 Lous Zabas, quel amour vous aueugle auiourd’huy?

17 856 699 61 Ah! cruel genereux, voſtre bienfait m’offence,

17 894 683 59 L’amour doit-il venir par la reconnoiſſance;

15 935 672 62 Ou faut-il qu'vne ſimple & commune bonté.

11 978 637 56 Incline à vous aimer toute ma volonté:

14 1007 799 69 Non, non quoy qu’indulgente, ou quoy que genereuſe,

15 1050 723 66 Ie ſuis Reyne vaincuë, & veuue malheureuſe,

14 1095 636 55 Vn lien eternel m’attache à mon eſpoux,

11 1130 723 62 Et n’eſtant plus à moy, ie ne puis eſtre à vous,

15 1166 771 67 Qu’on me rende mes fers, ma liberté me gehenne,

11 1208 723 64 Eſt-ce en la captiuant qu’on deliure ſa Reyne?

18 1244 798 70 Qui pretend m’affranchir eſt pis que mon vainqueur;

15 1289 730 64 Rome en veut à mes bras, & Zabas à mon cœur.

301 1334 223 51 ODENIE.

28 1364 794 71 Ce n’eſt pas tout, Ceſar me veut auoir pour femme,

17 1421 381 51 C’eſt le prix de vos fers,

286 1444 257 70 ZENOBIE.

467 1480 359 63 Quelle nouuelle flame,

556 1535 94 50 E iiij

747 131 50 64 63

123 128 463 74 TRAGEDIE.
