<alto xmlns:xsi="http://www.w3.org/2001/XMLSchema-instance" xmlns="http://www.loc.gov/standards/alto/ns-v4#" xsi:schemaLocation="http://www.loc.gov/standards/alto/ns-v4# http://www.loc.gov/standards/alto/v4/alto-4-2.xsd">
  <Description>
    <MeasurementUnit>pixel</MeasurementUnit>
    <sourceImageInformation>
      <fileName>85_fb616_default.jpg</fileName>
      <fileIdentifier>https://gallica.bnf.fr/iiif/ark:/12148/bpt6k1090186h/f86/full/full/0/default.jpg</fileIdentifier>
    </sourceImageInformation>
  </Description>
  <Tags>
    <OtherTag ID="BT1" LABEL="Title" DESCRIPTION="block type Title"/>
    <OtherTag ID="BT2" LABEL="Main" DESCRIPTION="block type Main"/>
    <OtherTag ID="BT1009" LABEL="Damage" DESCRIPTION="block type Damage"/>
    <OtherTag ID="BT1010" LABEL="Decoration" DESCRIPTION="block type Decoration"/>
    <OtherTag ID="BT1011" LABEL="DropCapital" DESCRIPTION="block type DropCapital"/>
    <OtherTag ID="BT1012" LABEL="Figure" DESCRIPTION="block type Figure"/>
    <OtherTag ID="BT1013" LABEL="Margin" DESCRIPTION="block type Margin"/>
    <OtherTag ID="BT1014" LABEL="MusicNotation" DESCRIPTION="block type MusicNotation"/>
    <OtherTag ID="BT1015" LABEL="Numbering" DESCRIPTION="block type Numbering"/>
    <OtherTag ID="BT1016" LABEL="RunningTitle" DESCRIPTION="block type RunningTitle"/>
    <OtherTag ID="BT1017" LABEL="Seal" DESCRIPTION="block type Seal"/>
    <OtherTag ID="BT1018" LABEL="Signatures" DESCRIPTION="block type Signatures"/>
    <OtherTag ID="BT1019" LABEL="Stamp" DESCRIPTION="block type Stamp"/>
    <OtherTag ID="BT1020" LABEL="Table" DESCRIPTION="block type Table"/>
    <OtherTag ID="LT365" LABEL="Default" DESCRIPTION="line type Default"/>
    <OtherTag ID="LT366" LABEL="DropCapitalLine" DESCRIPTION="line type DropCapitalLine"/>
    <OtherTag ID="LT367" LABEL="Interlinear" DESCRIPTION="line type Interlinear"/>
    <OtherTag ID="LT368" LABEL="MusicLine" DESCRIPTION="line type MusicLine"/>
    <OtherTag ID="LT369" LABEL="Rubric" DESCRIPTION="line type Rubric"/>
  </Tags>
  <Layout>
    <Page WIDTH="1034" HEIGHT="1737" PHYSICAL_IMG_NR="85" ID="eSc_dummypage_">
      <PrintSpace HPOS="0" VPOS="0" WIDTH="1034" HEIGHT="1737">
        <TextBlock HPOS="260" VPOS="192" WIDTH="767" HEIGHT="999" ID="eSc_textblock_ce6d6683" TAGREFS="BT2">
          <Shape>
            <Polygon POINTS="429 195 851 193 1025 198 1027 1174 645 1191 301 1185 260 1168 265 193 352 192"/>
          </Shape>
          <TextLine ID="eSc_line_159100c0" TAGREFS="LT365" BASELINE="275 222 855 228 1012 238" HPOS="273" VPOS="189" WIDTH="739" HEIGHT="51">
            <Shape>
              <Polygon POINTS="275 211 275 189 312 189 324 198 364 189 377 199 476 195 489 201 545 201 572 193 592 202 614 202 619 196 650 202 667 196 695 204 719 195 754 195 787 204 800 204 808 196 825 204 879 196 887 205 905 198 935 198 944 206 974 198 983 205 1010 206 1012 227 1010 240 923 233 912 240 890 231 810 235 799 230 731 237 712 230 695 235 690 230 635 235 625 228 618 235 599 230 589 235 557 227 485 234 473 225 383 225 369 231 317 225 311 231 273 231"/>
            </Shape>
            <String CONTENT="A h! que ie me trompay quand ie crûs n’auoir rien," HPOS="273" VPOS="189" WIDTH="739" HEIGHT="51"/>
          </TextLine>
          <TextLine ID="eSc_line_0656f143" TAGREFS="LT365" BASELINE="272 261 950 270" HPOS="270" VPOS="230" WIDTH="680" HEIGHT="49">
            <Shape>
              <Polygon POINTS="272 250 272 234 279 230 327 230 341 238 370 238 379 233 389 240 417 240 428 231 446 231 459 240 492 233 511 241 521 233 537 233 545 241 618 241 634 234 642 243 708 234 737 244 748 235 766 235 777 244 797 235 822 235 847 243 871 237 881 246 921 238 929 246 948 246 950 259 948 279 908 273 893 279 873 273 866 279 828 277 816 269 806 275 783 269 758 277 711 276 698 267 683 267 674 276 661 276 653 267 632 272 600 266 577 272 521 266 506 272 498 264 467 273 425 273 409 266 399 272 382 264 367 272 330 264 293 272 270 263"/>
            </Shape>
            <String CONTENT="Si le prix de mes fers eſt encor de mon bien," HPOS="270" VPOS="230" WIDTH="680" HEIGHT="49"/>
          </TextLine>
          <TextLine ID="eSc_line_ed429652" TAGREFS="LT365" BASELINE="270 301 1016 312" HPOS="269" VPOS="267" WIDTH="747" HEIGHT="52">
            <Shape>
              <Polygon POINTS="270 289 270 270 282 267 296 273 330 267 338 276 375 277 398 276 406 269 425 277 477 272 519 277 551 270 570 280 585 272 602 272 611 280 616 275 651 282 705 282 711 276 740 282 761 276 779 283 813 279 832 285 845 276 863 283 870 276 923 276 950 286 1016 277 1015 319 973 315 963 319 955 314 923 319 915 312 893 318 881 312 790 317 780 311 745 317 735 309 724 315 712 309 644 315 621 308 606 314 572 308 557 314 547 306 530 312 519 306 457 312 421 305 385 311 379 305 353 303 289 303 278 309 269 302"/>
            </Shape>
            <String CONTENT="S’il en eſt, pretend-il? que mon cœur le luy cede," HPOS="269" VPOS="267" WIDTH="747" HEIGHT="52"/>
          </TextLine>
          <TextLine ID="eSc_line_b8005334" TAGREFS="LT365" BASELINE="270 338 1013 351" HPOS="269" VPOS="305" WIDTH="744" HEIGHT="55">
            <Shape>
              <Polygon POINTS="270 327 275 306 291 314 299 308 331 314 351 305 373 306 383 315 414 315 433 306 446 317 499 308 519 318 556 318 567 309 602 319 763 312 784 314 797 322 841 314 883 315 912 324 947 317 971 322 981 317 990 325 1012 325 1013 340 1012 360 942 360 921 354 896 358 889 351 867 356 848 350 832 357 810 351 767 356 763 350 742 356 725 348 690 354 671 347 663 354 602 353 590 345 454 351 434 343 418 350 354 350 340 344 324 348 318 343 311 348 302 343 279 347 269 340"/>
            </Shape>
            <String CONTENT="Ma fille eſt-elle vn bien qu’il faille qu’il poſſede?" HPOS="269" VPOS="305" WIDTH="744" HEIGHT="55"/>
          </TextLine>
          <TextLine ID="eSc_line_50d6ca0a" TAGREFS="LT365" BASELINE="270 379 877 387" HPOS="269" VPOS="345" WIDTH="608" HEIGHT="50">
            <Shape>
              <Polygon POINTS="270 367 270 345 298 354 370 350 388 356 451 348 483 357 521 357 527 351 560 357 573 350 596 358 602 353 658 358 674 351 693 358 711 354 716 360 753 360 760 353 776 353 825 361 841 354 851 361 876 361 877 376 876 389 861 393 851 387 844 395 790 395 767 386 750 392 718 386 687 393 674 385 657 385 647 392 517 390 498 385 443 389 415 383 406 389 391 383 377 389 347 382 298 387 269 379"/>
            </Shape>
            <String CONTENT="Et ce cruel amant pire qu’vn ennemy," HPOS="269" VPOS="345" WIDTH="608" HEIGHT="50"/>
          </TextLine>
          <TextLine ID="eSc_line_750792d4" TAGREFS="LT365" BASELINE="269 416 997 425" HPOS="267" VPOS="383" WIDTH="730" HEIGHT="49">
            <Shape>
              <Polygon POINTS="269 405 269 383 299 393 331 393 340 387 356 393 369 385 422 395 483 386 492 395 514 396 585 396 593 390 637 398 657 389 670 398 709 389 735 398 754 389 782 390 796 399 822 393 857 399 876 390 955 400 968 393 996 400 997 413 996 427 986 432 939 427 867 431 861 425 766 431 742 424 719 429 709 424 699 429 641 429 632 422 624 428 590 428 585 422 564 422 558 428 467 427 456 421 405 421 396 427 383 419 363 419 357 425 309 425 295 419 267 424"/>
            </Shape>
            <String CONTENT="Pretendra-t’il par vous de me vaincre à demy?" HPOS="267" VPOS="383" WIDTH="730" HEIGHT="49"/>
          </TextLine>
          <TextLine ID="eSc_line_dd286580" TAGREFS="LT365" BASELINE="267 455 1018 468" HPOS="266" VPOS="422" WIDTH="752" HEIGHT="54">
            <Shape>
              <Polygon POINTS="267 444 269 428 292 428 298 422 311 431 340 425 353 432 382 432 430 424 441 434 459 425 477 432 498 425 521 435 593 429 603 437 638 437 648 428 671 435 684 428 709 438 767 429 789 440 816 435 854 441 883 435 896 440 912 432 941 442 971 434 1018 434 1018 457 1016 476 989 468 976 476 967 470 935 476 916 467 880 471 844 466 812 473 802 466 771 470 763 464 698 471 676 463 619 470 590 461 579 468 557 463 518 468 492 467 480 460 435 467 418 458 395 458 385 466 351 466 335 457 324 463 289 457 276 464 266 458"/>
            </Shape>
            <String CONTENT="Non, qu’il n’eſpere pas, ſoit qu’il regne ou qu’il aime" HPOS="266" VPOS="422" WIDTH="752" HEIGHT="54"/>
          </TextLine>
          <TextLine ID="eSc_line_aec0abd8" TAGREFS="LT365" BASELINE="265 495 1020 506" HPOS="263" VPOS="461" WIDTH="757" HEIGHT="52">
            <Shape>
              <Polygon POINTS="265 483 265 466 273 461 337 470 360 464 373 471 399 471 409 464 418 471 444 471 454 466 464 473 479 473 489 464 498 473 550 474 603 474 614 466 634 473 645 467 656 476 670 467 683 467 690 476 728 476 751 468 771 468 780 476 790 468 809 468 819 477 835 470 854 470 863 479 876 470 903 470 908 476 926 473 932 480 954 471 970 480 996 471 1019 480 1020 495 1019 513 974 508 961 513 950 506 926 513 897 505 851 512 821 503 795 503 780 510 773 505 728 508 706 502 680 508 629 500 614 506 570 502 548 508 514 500 482 506 475 499 467 506 402 500 375 505 356 497 322 503 308 496 293 503 263 500"/>
            </Shape>
            <String CONTENT="De mettre en ſon pouuoir la moitié de moy-meſme" HPOS="263" VPOS="461" WIDTH="757" HEIGHT="52"/>
          </TextLine>
          <TextLine ID="eSc_line_095309d6" TAGREFS="LT365" BASELINE="267 532 1022 545" HPOS="266" VPOS="502" WIDTH="756" HEIGHT="53">
            <Shape>
              <Polygon POINTS="267 521 267 502 320 509 347 502 354 510 372 510 379 503 395 510 428 510 437 505 446 512 488 512 495 506 511 512 528 506 538 513 583 513 600 506 609 515 616 508 642 508 653 515 674 509 690 516 712 509 726 516 744 509 773 509 800 518 822 518 828 512 838 518 857 510 867 519 1002 513 1009 521 1022 521 1022 534 1020 555 932 545 871 554 854 544 842 550 813 544 803 551 779 545 771 550 761 542 747 548 735 542 686 542 679 550 654 550 641 542 599 547 586 539 572 548 558 541 519 548 415 537 373 542 340 535 304 544 266 534"/>
            </Shape>
            <String CONTENT="Ny mon cœur ny mon ſang ne ſuiuront point ſa loy" HPOS="266" VPOS="502" WIDTH="756" HEIGHT="53"/>
          </TextLine>
          <TextLine ID="eSc_line_0bfb797b" TAGREFS="LT365" BASELINE="266 573 990 584" HPOS="265" VPOS="541" WIDTH="725" HEIGHT="51">
            <Shape>
              <Polygon POINTS="266 561 266 544 272 541 304 550 318 541 356 541 388 550 395 542 428 542 437 551 453 552 488 551 493 545 518 552 538 554 545 548 560 554 579 548 628 555 640 550 650 555 680 550 696 554 703 547 721 557 758 548 770 557 786 548 824 550 832 558 913 551 928 560 989 558 990 573 989 590 974 592 939 592 928 584 909 592 899 584 886 590 864 583 838 589 787 580 724 589 718 581 711 586 702 580 689 587 679 580 635 586 618 577 586 577 569 584 535 577 517 583 506 577 483 583 424 583 418 577 398 583 389 576 382 583 357 583 346 576 298 581 289 574 265 574"/>
            </Shape>
            <String CONTENT="Ie ſeray libre en vous, autant que libre en moy," HPOS="265" VPOS="541" WIDTH="725" HEIGHT="51"/>
          </TextLine>
          <TextLine ID="eSc_line_c949b7cd" TAGREFS="LT365" BASELINE="266 610 1018 622" HPOS="265" VPOS="579" WIDTH="753" HEIGHT="52">
            <Shape>
              <Polygon POINTS="266 599 266 579 299 587 328 580 335 587 364 589 383 583 438 589 448 581 456 590 492 590 503 583 547 583 560 592 629 587 666 593 683 586 692 593 721 589 748 594 773 587 780 594 831 596 923 589 964 597 981 590 1018 596 1018 610 1016 631 926 631 902 622 889 629 839 623 802 628 790 620 773 626 767 620 708 626 699 619 644 626 634 619 621 625 605 618 580 625 569 618 537 623 530 616 498 616 480 623 422 618 369 622 350 613 312 620 304 613 265 612"/>
            </Shape>
            <String CONTENT="Ie ſuis &amp; mere &amp; Reyne, &amp; quoy que priſonniere," HPOS="265" VPOS="579" WIDTH="753" HEIGHT="52"/>
          </TextLine>
          <TextLine ID="eSc_line_219220f8" TAGREFS="LT365" BASELINE="265 649 983 661" HPOS="263" VPOS="618" WIDTH="720" HEIGHT="50">
            <Shape>
              <Polygon POINTS="265 638 265 618 291 618 304 626 334 626 353 618 383 628 414 620 444 629 454 623 463 629 488 625 534 631 541 625 548 631 579 622 589 631 624 632 669 623 686 632 709 626 719 634 742 634 751 625 786 625 803 635 874 635 880 629 900 635 923 628 932 635 947 629 958 636 981 636 983 649 981 660 905 668 892 661 861 664 855 658 839 667 796 660 784 665 766 660 715 665 647 657 609 662 603 657 583 657 577 662 551 657 535 662 499 652 483 661 457 661 440 652 298 658 263 648"/>
            </Shape>
            <String CONTENT="I’ay ſur mon propre bien vne puiſſance entiere," HPOS="263" VPOS="618" WIDTH="720" HEIGHT="50"/>
          </TextLine>
          <TextLine ID="eSc_line_9ae70b57" TAGREFS="LT365" BASELINE="265 687 997 702" HPOS="263" VPOS="655" WIDTH="734" HEIGHT="54">
            <Shape>
              <Polygon POINTS="265 675 265 660 270 655 289 662 344 664 351 658 357 664 456 665 466 660 486 667 501 667 508 660 518 665 548 660 587 668 602 661 629 661 640 670 686 670 703 662 711 671 777 664 805 673 837 673 845 667 863 674 880 667 945 668 954 675 974 668 983 675 996 671 997 690 996 709 983 709 976 703 923 702 851 707 828 700 786 706 758 699 671 703 656 697 635 703 624 696 615 702 603 696 412 699 382 691 372 697 340 697 334 690 296 696 263 689"/>
            </Shape>
            <String CONTENT="La nature &amp; les Dieux ſont plus forts que le ſort." HPOS="263" VPOS="655" WIDTH="734" HEIGHT="54"/>
          </TextLine>
          <TextLine ID="eSc_line_da991cd3" TAGREFS="LT365" BASELINE="263 726 1023 738" HPOS="262" VPOS="694" WIDTH="761" HEIGHT="55">
            <Shape>
              <Polygon POINTS="263 715 266 694 295 702 315 696 327 704 346 700 366 706 380 702 457 707 521 706 543 699 550 706 558 700 632 700 689 710 698 702 719 702 726 709 771 712 782 703 824 703 838 713 922 713 931 704 952 715 981 707 1006 715 1023 709 1023 726 1022 749 1003 749 992 742 976 749 950 749 923 739 903 748 841 748 822 741 800 746 787 738 741 745 722 736 670 736 660 742 599 735 583 742 557 736 550 742 498 742 490 735 477 741 456 733 444 741 419 732 376 738 367 732 335 736 317 730 262 738"/>
            </Shape>
            <String CONTENT="En tout cas, tous les trois le ſont moins que la mort" HPOS="262" VPOS="694" WIDTH="761" HEIGHT="55"/>
          </TextLine>
          <TextLine ID="eSc_line_69eed635" TAGREFS="LT365" BASELINE="557 771 774 775" HPOS="556" VPOS="736" WIDTH="218" HEIGHT="47">
            <Shape>
              <Polygon POINTS="557 759 557 736 583 742 611 736 667 744 683 738 703 745 751 741 773 745 774 764 773 777 761 783 725 777 556 777"/>
            </Shape>
            <String CONTENT="ODENIE." HPOS="556" VPOS="736" WIDTH="218" HEIGHT="47"/>
          </TextLine>
          <TextLine ID="eSc_line_ec81dcb4" TAGREFS="LT365" BASELINE="295 804 705 813" HPOS="293" VPOS="770" WIDTH="412" HEIGHT="52">
            <Shape>
              <Polygon POINTS="295 793 295 770 331 771 338 778 360 771 375 781 421 781 431 775 440 783 503 783 511 775 550 775 599 785 648 785 663 780 670 787 705 787 705 801 703 814 693 822 664 816 658 822 637 822 615 813 598 819 592 813 564 812 551 819 544 812 531 812 506 819 483 810 433 817 415 809 364 816 349 809 335 814 293 809"/>
            </Shape>
            <String CONTENT="Ceſar m’attend au temple," HPOS="293" VPOS="770" WIDTH="412" HEIGHT="52"/>
          </TextLine>
          <TextLine ID="eSc_line_76ad4202" TAGREFS="LT365" BASELINE="515 849 810 852" HPOS="514" VPOS="813" WIDTH="296" HEIGHT="48">
            <Shape>
              <Polygon POINTS="515 838 515 820 535 813 553 820 566 814 587 822 625 814 634 822 663 817 674 823 786 814 810 823 809 855 799 859 760 854 753 861 693 861 686 855 664 861 647 851 612 851 590 859 561 851 514 856"/>
            </Shape>
            <String CONTENT="ZENORIE." HPOS="514" VPOS="813" WIDTH="296" HEIGHT="48"/>
          </TextLine>
          <TextLine ID="eSc_line_a18f1f2d" TAGREFS="LT365" BASELINE="721 893 1022 893" HPOS="721" VPOS="858" WIDTH="301" HEIGHT="45">
            <Shape>
              <Polygon POINTS="721 881 721 862 738 859 844 864 850 858 884 858 905 864 915 858 929 864 961 858 976 864 981 858 1010 858 1022 864 1019 903 971 897 881 903 871 896 855 896 848 903 832 896 802 903 789 896 774 903 747 903 738 896 721 896"/>
            </Shape>
            <String CONTENT="Aprenez à connoiſtre" HPOS="721" VPOS="858" WIDTH="301" HEIGHT="45"/>
          </TextLine>
          <TextLine ID="eSc_line_50ee8e94" TAGREFS="LT365" BASELINE="262 919 1013 933" HPOS="260" VPOS="882" WIDTH="753" HEIGHT="60">
            <Shape>
              <Polygon POINTS="262 907 266 882 298 894 328 890 335 896 347 887 373 891 382 884 409 884 428 893 443 885 485 891 522 887 537 898 550 891 561 900 573 888 589 888 603 900 664 890 679 900 712 903 734 894 745 903 773 903 783 894 797 904 829 894 863 906 925 906 935 898 963 897 978 907 1006 904 1013 922 1012 942 994 935 939 942 926 933 900 939 851 939 844 932 826 939 812 932 725 937 705 929 651 936 619 927 564 932 550 926 531 932 518 926 496 932 469 924 461 932 428 932 421 926 377 923 369 930 351 924 337 930 260 920"/>
            </Shape>
            <String CONTENT="Ce qu’eſt la paſſion d’vn Romain &amp; d’vn maiſtre," HPOS="260" VPOS="882" WIDTH="753" HEIGHT="60"/>
          </TextLine>
          <TextLine ID="eSc_line_da30ab3a" TAGREFS="LT365" BASELINE="263 956 981 974" HPOS="262" VPOS="924" WIDTH="719" HEIGHT="57">
            <Shape>
              <Polygon POINTS="263 945 263 929 273 932 282 924 327 933 419 927 427 935 503 937 561 930 569 937 579 932 621 932 629 940 648 940 656 933 673 939 709 935 742 943 813 939 826 945 848 937 863 946 892 939 936 946 945 940 960 948 981 946 981 962 980 981 942 981 921 974 863 979 824 974 803 978 784 971 711 975 680 968 624 974 561 965 512 971 437 962 280 965 262 958"/>
            </Shape>
            <String CONTENT="Comme il n’a que l’objet de ſon contentement," HPOS="262" VPOS="924" WIDTH="719" HEIGHT="57"/>
          </TextLine>
          <TextLine ID="eSc_line_82590518" TAGREFS="LT365" BASELINE="265 994 980 1011" HPOS="263" VPOS="965" WIDTH="717" HEIGHT="55">
            <Shape>
              <Polygon POINTS="265 982 269 965 325 972 331 966 349 972 383 966 393 974 450 969 503 977 511 971 537 971 566 978 573 972 589 978 641 974 648 979 664 974 683 981 735 977 742 982 784 982 797 977 803 984 858 978 864 985 889 979 922 987 941 981 980 987 980 1000 978 1017 971 1020 957 1013 929 1019 894 1011 867 1019 848 1010 838 1017 809 1017 783 1008 757 1016 722 1007 696 1007 689 1014 654 1013 648 1007 627 1013 600 1004 593 1011 577 1011 570 1004 531 1008 499 1001 446 1007 437 1000 388 1006 383 1000 343 1000 325 1006 308 998 278 1001 263 995"/>
            </Shape>
            <String CONTENT="Vn Ceſar amourenx n’eſt qu’vn volage amant;" HPOS="263" VPOS="965" WIDTH="717" HEIGHT="55"/>
          </TextLine>
          <TextLine ID="eSc_line_e64a72db" TAGREFS="LT365" BASELINE="260 1033 1007 1049" HPOS="259" VPOS="1001" WIDTH="748" HEIGHT="58">
            <Shape>
              <Polygon POINTS="260 1021 260 1001 308 1003 314 1010 338 1011 396 1004 405 1013 464 1008 480 1014 511 1007 540 1014 548 1008 577 1008 603 1017 625 1011 631 1017 653 1013 669 1019 693 1011 709 1017 737 1011 751 1020 792 1013 805 1021 834 1021 842 1014 884 1023 905 1023 916 1016 947 1023 1002 1021 1007 1037 1006 1059 993 1052 983 1058 939 1050 873 1058 805 1056 792 1049 777 1055 735 1046 719 1052 686 1047 676 1053 660 1045 614 1052 603 1046 587 1050 577 1043 543 1043 532 1050 446 1047 427 1040 259 1039"/>
            </Shape>
            <String CONTENT="L’inconſtance dans Rome eſt meſme ſi commune" HPOS="259" VPOS="1001" WIDTH="748" HEIGHT="58"/>
          </TextLine>
          <TextLine ID="eSc_line_d4f2d4b6" TAGREFS="LT365" BASELINE="262 1072 899 1088" HPOS="260" VPOS="1040" WIDTH="639" HEIGHT="57">
            <Shape>
              <Polygon POINTS="262 1061 262 1046 279 1040 318 1040 340 1050 380 1052 427 1052 437 1045 450 1052 472 1047 477 1053 490 1046 508 1055 540 1046 585 1047 611 1058 647 1049 669 1059 706 1059 725 1050 740 1061 774 1052 784 1062 899 1063 899 1076 897 1089 886 1095 848 1097 831 1088 810 1094 753 1087 745 1094 728 1094 711 1085 705 1091 674 1091 667 1085 609 1082 567 1082 560 1088 535 1081 528 1088 495 1088 435 1078 366 1084 359 1076 321 1084 278 1082 260 1074"/>
            </Shape>
            <String CONTENT="Qu’on y voit en public adorer la fortune;" HPOS="260" VPOS="1040" WIDTH="639" HEIGHT="57"/>
          </TextLine>
          <TextLine ID="eSc_line_7f18cae6" TAGREFS="LT365" BASELINE="260 1110 981 1129" HPOS="259" VPOS="1081" WIDTH="722" HEIGHT="56">
            <Shape>
              <Polygon POINTS="260 1098 260 1085 276 1081 318 1088 349 1081 373 1089 409 1085 453 1091 473 1085 485 1092 493 1088 548 1094 589 1087 596 1095 616 1088 650 1088 669 1097 705 1091 721 1098 754 1094 763 1100 780 1092 812 1092 818 1098 842 1094 852 1101 871 1094 886 1102 897 1095 916 1102 973 1098 981 1102 981 1117 978 1137 963 1131 929 1137 897 1136 890 1130 873 1134 866 1127 819 1134 813 1127 796 1133 783 1126 776 1133 760 1133 686 1130 677 1124 657 1129 625 1121 619 1127 609 1121 579 1127 563 1120 550 1127 532 1118 493 1126 482 1120 459 1124 447 1117 440 1124 427 1124 405 1116 383 1121 367 1114 344 1116 333 1121 292 1113 276 1118 259 1111"/>
            </Shape>
            <String CONTENT="Comment y maintenir ſon amour &amp; ſon choin?" HPOS="259" VPOS="1081" WIDTH="722" HEIGHT="56"/>
          </TextLine>
          <TextLine ID="eSc_line_1c87e225" TAGREFS="LT365" BASELINE="260 1150 926 1166" HPOS="259" VPOS="1117" WIDTH="667" HEIGHT="61">
            <Shape>
              <Polygon POINTS="260 1139 260 1124 282 1117 320 1117 328 1124 366 1118 392 1129 443 1130 466 1130 480 1121 508 1130 544 1123 564 1133 590 1124 612 1124 625 1134 703 1136 718 1129 726 1136 750 1137 795 1137 805 1129 826 1139 847 1130 860 1130 867 1139 892 1131 926 1140 926 1155 925 1173 902 1171 889 1178 842 1176 824 1169 802 1176 783 1169 745 1176 699 1175 684 1166 673 1173 625 1173 563 1162 544 1171 532 1163 521 1169 495 1160 443 1169 427 1160 399 1166 380 1158 363 1165 353 1158 309 1163 286 1156 269 1162 259 1158"/>
            </Shape>
            <String CONTENT="Si le diuorce meſme eſt permis par les loix." HPOS="259" VPOS="1117" WIDTH="667" HEIGHT="61"/>
          </TextLine>
        </TextBlock>
        <TextBlock HPOS="560" VPOS="1279" WIDTH="201" HEIGHT="132" ID="eSc_textblock_f85cbcf7" TAGREFS="BT1010">
          <Shape>
            <Polygon POINTS="744 1279 761 1382 698 1411 577 1405 560 1353 577 1279"/>
          </Shape>
        </TextBlock>
        <TextBlock HPOS="270" VPOS="134" WIDTH="78" HEIGHT="60" ID="eSc_textblock_10e58779" TAGREFS="BT1015">
          <Shape>
            <Polygon POINTS="270 134 270 194 348 194 348 134"/>
          </Shape>
          <TextLine ID="eSc_line_151a77e1" TAGREFS="LT365" BASELINE="276 179 347 185" HPOS="275" VPOS="135" WIDTH="70" HEIGHT="57">
            <Shape>
              <Polygon POINTS="276 167 278 135 298 136 314 138 345 147 344 192 275 186"/>
            </Shape>
            <String CONTENT="64" HPOS="275" VPOS="135" WIDTH="70" HEIGHT="57"/>
          </TextLine>
        </TextBlock>
        <TextBlock HPOS="459" VPOS="130" WIDTH="388" HEIGHT="68" ID="eSc_textblock_2ff5a791" TAGREFS="BT1016">
          <Shape>
            <Polygon POINTS="459 130 459 198 847 198 847 130"/>
          </Shape>
          <TextLine ID="eSc_line_3d831bd1" TAGREFS="LT365" BASELINE="462 185 839 186" HPOS="460" VPOS="127" WIDTH="377" HEIGHT="64">
            <Shape>
              <Polygon POINTS="461 172 461 127 495 128 505 136 534 128 550 140 572 140 590 128 616 140 645 140 660 133 728 133 747 140 767 133 786 140 808 128 816 134 837 130 837 188 832 183 813 191 770 191 734 183 709 191 661 191 616 183 599 191 534 191 502 183 495 191 460 189"/>
            </Shape>
            <String CONTENT="ZENOBIE" HPOS="460" VPOS="127" WIDTH="377" HEIGHT="64"/>
          </TextLine>
        </TextBlock>
      </PrintSpace>
    </Page>
  </Layout>
</alto>