1034 1737
256 205 773 54 Nous vous verrons bien toſt, vous, Princeſſe, & vous

356 248 132 42 Reyne,

259 282 663 48 Seruir de paſſe-temps à la fierté Romaine,

259 327 727 42 Cleopatre, Madame, eut plus de cœur que vous,

540 361 253 42 ZENOBIE.

286 396 737 52 Pourquoy dois-ie mourir ſi le ſort m’eſt plus doux

254 441 448 48 bas. Cachons nos ſentimens,

545 479 258 46 RVTILE.

689 519 334 46 La mort eſtant vn ayde

518 552 256 47 ZENOBIE.

279 587 739 52 C’eſt le dernier des maux, en feray-je vn remede?

543 635 211 40 RVTILE.

278 670 714 47 Vous l’auez recherchée au milieu des combats,

534 712 253 40 ZENOBIE.

266 745 708 54 Des mains d'vn ennemy ie ne la craignois pas,

558 788 222 42 RVTILE.

279 825 740 47 Quand la mort eſt vn mal, receuons-la des autres,

251 862 771 49 Mais quand elle eſt vn bien, receuons-la des noſtres,

253 901 672 47 Si dans le pas de gloire où le ſort nous a mis.

251 942 700 46 Le coup nous en eſt dû plus qu’à nos ennemis.

514 981 301 43 ZENOBIE.

279 1013 744 53 Quand la vie eſt vn mal qui veut qu’on s’en déliure,

251 1056 772 48 Il faut moins de vertus pour mourir que pour viure.

541 1095 226 45 RVTILE.

267 1130 723 52 Non, non, ſongez à vous; adieu, ne ſouffirez pas

253 1173 750 54 Que quelqu’autre que vous vous donne le treſpas.

269 160 53 42 66

465 134 401 72 ZENOBIE
