1034 1737
133 133 467 73 TRAGEDIE.

120 345 511 77 SCENE IV.

11 408 771 82 ENOBIE, ODENIE, ILIONE,

199 474 352 57 ET DIOREE.

223 554 312 48 ZENOBIE.

18 590 708 59 L'eſpioit mon cœur de la part de ſon maiſtre,

18 631 748 55 Mais malgré ſes détours il n’a pû me connoiſtre;

14 675 649 51 oy vertu qui connois mes ſecrets ſentimens

10 713 663 57 reualons-nous par toy de mes déguiſemens,

13 751 711 56 Que ſi ie t’ay ſurpriſe, au moins tu t’en conſoles,

13 791 685 55 n ce que mes deſſeins démentent mes paroles,

13 826 703 62 oicy l’heure, ma fille, où mourant ſans effroy

14 865 733 59 oſte à mon ſort l’honneur de triompher de moy;

20 906 756 62 'eſt par là que mon cœur triomphe de luy-meſme,

21 948 652 60 ie n’ay la grandeur i’ay la gloire ſuprême,

13 981 780 64 endant qu’aux pieds du ſort mon thrône eſt abbattu.

20 1030 607 54 ie ſers par malheur, ie regne par vertu,

13 1068 605 53 n cela la fortune heureuſennent trompée

18 1105 646 55 l'éleue eminemment ſur Ceſar & Pompée,

18 1149 653 53 'vn & l’autre autrefois perirent par autruy,

15 1185 639 56 t de ma propre main ie peris aujourd’huy,

20 1223 689 56 me vais mettre au rang de ces diuines fames,

18 1260 752 64 Qui de leurs corps captifs affranchirent leurs ames,

21 1299 681 67 t qui par les poignards & les charbons ardans

13 1341 667 63 ceurent brauer la mort en brauant les tyrans.

254 1383 219 50 ODENIE.

17 1402 788 80 Que penſez-vous, Madame, auec tant de foibleſſe?

257 1461 261 57 ZENOBIE.

18 1486 785 87 Nous deuõs tout quitter au point que tout nous laiſſe.

719 134 57 65 67
