1034 1737
272 205 595 51 Ainſi, par le pouuoir que vous auez icy

269 247 625 45 Déliurez ma vertu d’vn eſtrange ſoucy,

270 286 729 42 Elle eſt toute inquiette & ſouffre moins de peine

272 322 746 47 A ſe voir ſans grandeur, qu’à ſe reuoir ſans chaiſne

275 363 722 43 Tant qu’elle eſt dans les fers ie ne puis l’accufer,

267 400 735 45 Mais ie ſçais hors de là comme elle en doit vſer;

266 440 668 46 Eſtre libre vn moment & ſelon mon enuie,

269 479 672 46 Ne finir pas ma honte auſſi bien que ma vie.

269 518 650 46 Ah! laſche Zenobie, ou credule, veux-tu

270 558 643 44 Que ta vertu te trompe ou trahir ta vertu;

267 597 758 44 Non, mon honneur, mourons, plus de delais ma gloire

266 632 686 48 Te ſouffre par raiſon & ſouffre par memoire;

272 673 685 47 Tous mes maux à l’enuy venans m’entretenir

267 712 675 40 Enuironnent ma veuë, on mon reſſouuenir;

265 748 740 48 Mais comme de mon ſort la mort eſt la complie

266 787 655 49 Elle fuit à deſſein d’allonger mon ſuplice,

266 827 753 47 Sans perdre en moy le droit qn’elle a ſur les humains

263 867 718 43 Elle me laiſſe encore an pouuoir des Romains;

267 906 684 43 Ainfi me ſoûmettant à ſouffrir leur outrage,

266 945 681 45 Elle veut par auance abbattre mon courage,

265 984 699 45 Et d’vn double triomphe eſtonnant ma valeur

266 1023 569 43 Faciliter le ſien en permettant le leur.

519 1059 263 45 ODENIE.

292 1095 727 51 Madame, voſtre eſpoir ne vous peut rien permettre

557 1137 256 44 ZENOBIE.

291 1172 725 49 Il eſt beau de ioüir d'vn bien dont on eſt maiſtre;

262 1214 730 45 La vie eſtant aux Dieux, & la grandeur au ſort,

263 1254 729 42 I’ay du moins le pouuoir de me donner la mort;

262 1292 718 45 Mais, helas! quelle eſtrange & fatale licence,

263 1334 739 42 Si le moyen m’en manque en avant la puiſſance,

262 1375 632 42 Et ſi de quelque part que ie porte mes pas

262 1409 663 45 Ie la cherche ſans ceſſe & ne la trouue pas;

262 1448 744 47 Quoy, Dieux! ny le poiſon, ny le fer, ny la flame,

263 1488 742 60 Quoy! rien de ſa priſon n’affranchira mon ame,

531 138 337 70 ZENOBIE.

280 147 54 67 68
