1034 1737
14 206 646 51 ! faites qu’à vous ſeule obligée à mon tour

14 241 594 58 doiue mon treſpas à qui me doit le iour.

249 283 228 41 ODENIE.

13 318 618 58 e perirois cent fois auant qu’à cette enuie

218 361 294 48 ZENOBIE.

13 396 673 59 e n’ay qu’à me priuer des ſouſtiens de la vie;

5 438 730 55 ais, Dieux! quand ie mourois à faute d’aliment,

7 479 724 56 uoy-que ce foit mourir, c’eſt mourir lentement;

8 516 701 57 es jours que i’emploirois dans vn effort ſi rude

11 558 688 52 roiſtroient à mes yeux des iours de ſeruitude;

8 599 723 53 urant tous ces momens mon ſuperbe vainqueur

7 641 625 48 üiroit en repos du trouble de mon cœur,

10 677 724 55 a langueur luy plairoit, & d’vne ame content

17 720 676 48 pourroit triompher d’vne Reyne mourante;

11 757 752 52 e puis-je donc mourir ? O! treſpas que i’attends,

11 794 776 55 ans que pour mon honneur ie viue trop long-temps

11 838 724 49 en rencontre vn moyen qui marque du courage,

11 874 727 55 en ay fait d’aujourd’huy l’illuſtre apprentiſſage,

15 914 738 51 du haut de mon thrône on m’a bien fait tomber,

13 953 716 54 ous mon propre debris cherchons à ſuccomber;

13 992 696 54 aiſons chûte ſur chûte, & periſſant par l’vne,

14 1033 741 55 rébuchons par courage, en tombant par fortune,

23 1075 596 48 me precipitant du haut de mon Palais,

18 1111 635 61 onſtrons que la vertu ne s’eſtonne iamais.

124 133 458 75 TRAGEDIE.

715 147 65 68 69
