1034 1737
272 629 101 91 M

279 167 58 57 70

475 361 421 77 SCENE V.

269 442 759 79 ZENOBIE, ODENIE, ILIONE

472 513 365 51 ET TIMAGENE.

541 592 255 49 ZENOBIE.

376 635 634 46 Ais que veut Timagene auec tant de furie?

540 673 294 46 TIMAGENE.

298 715 720 46 I’ay vangé mon amour, ma gloire, & ma patrie,

267 751 726 46 I’eſtois dans noſtre temple auprés de l’Empereur

267 791 606 44 De qui l’impatience irritoit ma fureur;

269 832 725 40 Comme il vous attendoit on eut dit que ſon ame

267 862 753 54 Portoit dans ſes regards quelque eſclat de ſa flame;

267 907 652 44 Il obſeruoit par tout ſi vous ne veniez pas,

267 943 740 48 Lors que i’ay pris le temps de haſter ſon treſpas;

269 981 691 48 Comme deuers la porte il tournoit le viſage,

266 1017 721 54 En tirant vn poignard i’ay fait valoir ma rage,

267 1058 755 49 De trois coups, l’vn ſur l’autre, avant ouuert ſon ſein

267 1097 719 47 I’ay ſans eſtre aperceu pourſuiuy mon deſſein;

266 1136 730 48 Il eſt vray qu’à l’abord il me ſembloit entendre,

266 1175 757 48 Ceſar, prens garde à toy l’on vient de te ſurprendre,

266 1214 708 45 L’Empereur ſe tournant tout bleſſé qu’il eſtoit

266 1252 726 47 Eſt auſſi-toſt tombé des coups qu’on luy portoit.

266 1291 763 47 Moy jettant mon poignard & coulant dans la preſſe

267 1327 675 51 Ie m’en ſuis dégagé par force & par adreſſe;

267 1364 671 50 La foule eſtoit ſi grande & le bruit eſtoit tel

266 1405 760 51 Qu’on ne ſçait point l’autheur d’vn cõplot ſi mortel

267 1446 691 47 Pour n’eſtre point connu parmy ſes capitaines

267 1480 698 63 I’auois exprés parû ſous des armes Romaines,

475 141 388 71 ZENOBIE
