1034 1737
8 206 655 47 viens de les quitter, & reuiens en ces lieux

11 244 633 51 ur s’il y faut mourir y mourir à vos yeux.

238 295 263 50 ZENOBIE.

18 363 666 48 e vous auois bien dit d’eſpouſer ma querelle,

17 402 666 49 as faut-il par vn crime authoriſer ſon zele?

8 444 614 45 iez-vous dû penſer que de vos attentats?

11 483 591 45 vouluſſe tenir ma gloire & mes Eſtats;

21 523 661 47 n’appartient qu’à luy de regner par le crime.

14 560 739 52 uoy moins en luy qu’en vous paroiſt-il legitime?

11 606 702 42 ourquoy par cét endroit l’auez-vous combatu?

13 644 769 42 eſtoit fait au crime, & vous à la vertu, [ſommes?

11 681 769 44 ous, aimiez-vous mieux eſtre au terme où nous en

15 723 707 45 tyran d’vn tyran, que luy tyran des hommes,

10 761 630 45 u vous appropriant les communs differens

15 801 587 47 re comme les Dieux le iuge des tyrans.

223 851 298 53 TIMAGENE.

13 916 764 48 h! c’eſt trop vous cacher vne ardeur qui m’anime,

15 959 649 44 inceſſe, c’eſt à vous à juger de mon crime,

14 997 721 46 eſt vous qui l’auez fait, ou pour le moins causé,

18 1037 668 44 i’auois moins aimé, i’aurois bien moins osé;

14 1078 765 43 is dõc que i’ay tant fait, conſommons mon audace,

15 1116 635 47 iſons que mon aueu ſoit indigne de grace;

15 1156 714 45 ſt cet aueu, Madame, armer voſtre couroux,

14 1195 692 46 amour eſtoit pour eſle, & le deuoir pour vous.

13 1233 750 48 ndant donc qu’vn Zabas ſeruoit ſi bien ſa Reyne,

20 1275 643 45 Princeſſe à ſon tour auoit ſon Timagene;

15 1312 701 50 and vos deux Lieutenans de toutes deux eſpris

17 1350 769 51 gardoient moins en vous leur gloire que leur prix;

14 1393 608 42 dont d’Aurelian ie vous offrois la teſte,

23 1430 661 50 ferois-je point d’elle vne digne conqueſte?

17 1472 686 46 oy! deuois-je à ce prix laiſſer viure vn riual

14 1512 585 55 ont l’abſolu pouuoir nous eſtoit ſi fatal.

127 148 461 58 TRAGEDIE.

735 167 49 66 71
