1034 1737
8 172 782 63 our l’Empereur, au point qu’on le croyoit ſans vie,

13 218 706 57 ous les Dieux, a-t’il dit, ont trompé ſon enuie,

14 256 665 58 Quel que ſoit l’aſſaſſin, ſon effort a manqué,

13 295 657 61 lors leuant ſa veſte, il s’eſt mieux expliqué,

13 340 544 53 eſtoit tout armé, par cette defiance

17 373 675 61 venoit dans le temple auec plus d’aſſurance,

11 413 763 61 n tyran craint touſiours, mais pour moy, le poiſon

14 454 643 59 u fer & de mes maux m’a deſia fait raiſon.

233 496 297 48 ZENOBIE.

14 538 416 61 Quoy! malheureux Zabas,

298 577 188 46 ZABAS.

389 607 408 53 Ce malheureux, Madame,

17 654 753 56 Ny viuant, ny mourant ne peut fléchir voſtre ame,

14 696 620 53 il n’a pû vous toucher viuant infortuné,

21 736 678 51 vous touchera moins mourant empoiſonné;

15 774 685 53 Madame, ie le ſuis, & le ſuis par moy-meſme,

14 812 785 57 e ſçais que i’eſtois moins à moy qu’à ce que i’aime;

14 852 737 51 Mais voyant vos rigueurs & voſtre thrône à bas,

20 891 743 58 Ny pour vous, ny pour luy qu’euſt pû faire Zabas?

15 932 690 55 l fit tout ce qu’il dût & tout ce qu’il pût faire,

18 974 585 55 alla plus auant s’il oſa vous déplaire,

18 1013 630 55 t ſi par vn extrême & ſurprenant malheur

13 1055 585 50 on amour détruiſit ce que fit ſa valeur.

14 1087 749 59 Faut-il donc? qu’vn amour que i'ay crû legitime?

10 1133 661 49 Loüé comme vertu ſoit puny comme crime,

11 1172 655 54 Et qu’en m’attribuant voſtre propre rigueur

14 1214 591 51 Le poiſon à ſon tour me deuore le cœur.

253 1252 256 49 ZENOBIE.

17 1285 750 58 Vous ſeriez plus heureux s’il m’euſt eſté poſſible,

15 1327 677 71 Mais voicy l’Empereur, ſa fureur eſt viſible.

599 1531 42 42 G

141 116 456 70 TRAGEDIE.

742 120 51 62 73
