<alto xmlns:xsi="http://www.w3.org/2001/XMLSchema-instance" xmlns="http://www.loc.gov/standards/alto/ns-v4#" xsi:schemaLocation="http://www.loc.gov/standards/alto/ns-v4# http://www.loc.gov/standards/alto/v4/alto-4-2.xsd">
  <Description>
    <MeasurementUnit>pixel</MeasurementUnit>
    <sourceImageInformation>
      <fileName>95_8776e_default.jpg</fileName>
      <fileIdentifier>https://gallica.bnf.fr/iiif/ark:/12148/bpt6k1090186h/f96/full/full/0/default.jpg</fileIdentifier>
    </sourceImageInformation>
  </Description>
  <Tags>
    <OtherTag ID="BT1" LABEL="Title" DESCRIPTION="block type Title"/>
    <OtherTag ID="BT2" LABEL="Main" DESCRIPTION="block type Main"/>
    <OtherTag ID="BT1009" LABEL="Damage" DESCRIPTION="block type Damage"/>
    <OtherTag ID="BT1010" LABEL="Decoration" DESCRIPTION="block type Decoration"/>
    <OtherTag ID="BT1011" LABEL="DropCapital" DESCRIPTION="block type DropCapital"/>
    <OtherTag ID="BT1012" LABEL="Figure" DESCRIPTION="block type Figure"/>
    <OtherTag ID="BT1013" LABEL="Margin" DESCRIPTION="block type Margin"/>
    <OtherTag ID="BT1014" LABEL="MusicNotation" DESCRIPTION="block type MusicNotation"/>
    <OtherTag ID="BT1015" LABEL="Numbering" DESCRIPTION="block type Numbering"/>
    <OtherTag ID="BT1016" LABEL="RunningTitle" DESCRIPTION="block type RunningTitle"/>
    <OtherTag ID="BT1017" LABEL="Seal" DESCRIPTION="block type Seal"/>
    <OtherTag ID="BT1018" LABEL="Signatures" DESCRIPTION="block type Signatures"/>
    <OtherTag ID="BT1019" LABEL="Stamp" DESCRIPTION="block type Stamp"/>
    <OtherTag ID="BT1020" LABEL="Table" DESCRIPTION="block type Table"/>
    <OtherTag ID="LT365" LABEL="Default" DESCRIPTION="line type Default"/>
    <OtherTag ID="LT366" LABEL="DropCapitalLine" DESCRIPTION="line type DropCapitalLine"/>
    <OtherTag ID="LT367" LABEL="Interlinear" DESCRIPTION="line type Interlinear"/>
    <OtherTag ID="LT368" LABEL="MusicLine" DESCRIPTION="line type MusicLine"/>
    <OtherTag ID="LT369" LABEL="Rubric" DESCRIPTION="line type Rubric"/>
  </Tags>
  <Layout>
    <Page WIDTH="1034" HEIGHT="1737" PHYSICAL_IMG_NR="95" ID="eSc_dummypage_">
      <PrintSpace HPOS="0" VPOS="0" WIDTH="1034" HEIGHT="1737">
        <TextBlock HPOS="266" VPOS="702" WIDTH="80" HEIGHT="84" ID="eSc_textblock_5e374864" TAGREFS="BT1011">
          <Shape>
            <Polygon POINTS="341 702 346 785 335 786 266 781 269 762 267 705"/>
          </Shape>
        </TextBlock>
        <TextBlock HPOS="262" VPOS="148" WIDTH="88" HEIGHT="53" ID="eSc_textblock_dbefaaf3" TAGREFS="BT1015">
          <Shape>
            <Polygon POINTS="350 149 349 198 276 201 262 148"/>
          </Shape>
          <TextLine ID="eSc_line_a992ff60" TAGREFS="LT365" BASELINE="282 191 333 186" HPOS="278" VPOS="133" WIDTH="55" HEIGHT="59">
            <Shape>
              <Polygon POINTS="280 179 278 133 327 134 333 192 280 192"/>
            </Shape>
            <String CONTENT="74" HPOS="278" VPOS="133" WIDTH="55" HEIGHT="59"/>
          </TextLine>
        </TextBlock>
        <TextBlock HPOS="260" VPOS="324" WIDTH="756" HEIGHT="1208" ID="eSc_textblock_c07156f6" TAGREFS="BT2">
          <Shape>
            <Polygon POINTS="1016 330 1010 1515 750 1532 260 1515 260 474 266 341 301 324"/>
          </Shape>
          <TextLine ID="eSc_line_7ba5a2ac" TAGREFS="LT365" BASELINE="307 385 1015 396" HPOS="304" VPOS="324" WIDTH="709" HEIGHT="75">
            <Shape>
              <Polygon POINTS="305 372 305 334 328 324 343 324 353 334 369 330 396 335 409 335 418 327 457 332 469 325 486 337 502 325 554 325 572 338 602 338 612 328 645 327 660 340 683 328 705 328 712 335 741 328 761 341 774 341 782 334 805 341 813 332 855 332 873 341 886 331 897 337 939 332 955 344 1013 341 1012 399 932 399 909 390 902 396 896 390 850 396 832 389 810 389 797 396 792 390 770 396 757 390 667 395 658 386 611 393 603 386 570 385 508 392 480 385 472 390 456 383 440 390 411 390 357 389 350 382 314 387 304 380"/>
            </Shape>
            <String CONTENT="SCENE DERNIERE." HPOS="304" VPOS="324" WIDTH="709" HEIGHT="75"/>
          </TextLine>
          <TextLine ID="eSc_line_e5c0c655" TAGREFS="LT365" BASELINE="270 464 910 468 1018 476" HPOS="269" VPOS="421" WIDTH="749" HEIGHT="56">
            <Shape>
              <Polygon POINTS="270 453 272 428 304 429 318 421 360 431 383 424 398 437 451 437 460 428 492 422 503 431 528 425 550 438 569 438 577 429 586 434 612 422 622 428 682 424 689 431 699 425 713 434 728 429 735 435 766 425 789 434 806 425 822 440 847 441 874 441 894 425 926 431 958 427 990 429 1002 440 1018 441 1016 477 919 477 913 471 893 477 845 463 821 463 809 474 782 463 747 473 721 473 711 466 698 476 677 476 673 470 653 474 632 464 612 473 587 461 537 461 524 471 466 463 443 467 437 461 418 473 385 467 379 473 347 473 341 467 333 473 312 471 307 466 301 471 269 470"/>
            </Shape>
            <String CONTENT="ZENOBIE ODENIE, ZABAS" HPOS="269" VPOS="421" WIDTH="749" HEIGHT="56"/>
          </TextLine>
          <TextLine ID="eSc_line_7926eedc" TAGREFS="LT365" BASELINE="330 512 906 516 1005 524" HPOS="327" VPOS="468" WIDTH="679" HEIGHT="67">
            <Shape>
              <Polygon POINTS="328 499 328 470 338 477 353 470 364 479 391 468 409 476 438 470 450 482 472 471 488 479 511 474 521 480 537 470 553 482 627 473 637 483 709 484 716 477 738 483 753 473 776 473 797 483 808 477 842 482 851 476 857 482 886 482 897 474 915 484 926 474 952 483 965 476 984 486 1002 486 1006 535 967 525 955 525 947 516 923 525 913 519 902 525 861 525 803 513 782 521 758 515 748 523 726 518 718 523 706 510 640 510 632 518 603 515 592 522 563 522 554 513 530 521 501 521 488 512 467 521 433 521 422 515 398 519 391 512 377 518 357 509 327 519"/>
            </Shape>
            <String CONTENT="TIMAGENE, MARTIAN," HPOS="327" VPOS="468" WIDTH="679" HEIGHT="67"/>
          </TextLine>
          <TextLine ID="eSc_line_f2ac2472" TAGREFS="LT365" BASELINE="351 560 987 565" HPOS="350" VPOS="519" WIDTH="637" HEIGHT="61">
            <Shape>
              <Polygon POINTS="351 548 351 526 373 521 406 526 422 519 440 519 448 526 472 519 517 525 596 521 609 532 641 521 650 529 664 522 677 534 766 534 779 522 789 531 812 534 828 522 857 525 870 535 986 535 987 554 986 570 958 577 950 573 941 580 926 580 915 571 893 580 829 577 822 571 792 571 773 579 758 570 742 579 712 579 692 568 644 577 625 570 608 577 593 567 558 574 545 567 509 565 486 576 446 576 428 565 366 576 350 567"/>
            </Shape>
            <String CONTENT="AVRELIAN, ſuiuans &amp; ſuiuantes." HPOS="350" VPOS="519" WIDTH="637" HEIGHT="61"/>
          </TextLine>
          <TextLine ID="eSc_line_d39c8ae7" TAGREFS="LT365" BASELINE="488 654 806 658" HPOS="486" VPOS="615" WIDTH="320" HEIGHT="50">
            <Shape>
              <Polygon POINTS="488 642 488 622 524 623 532 615 557 623 587 619 602 625 628 625 650 615 676 625 702 616 731 626 764 616 806 618 802 661 783 662 777 657 758 658 751 665 700 665 677 655 648 664 621 664 609 657 596 664 574 662 564 654 544 660 519 654 506 661 486 654"/>
            </Shape>
            <String CONTENT="AVRELIAN." HPOS="486" VPOS="615" WIDTH="320" HEIGHT="50"/>
          </TextLine>
          <TextLine ID="eSc_line_3d63f5f3" TAGREFS="LT366" BASELINE="276 775 341 774" HPOS="270" VPOS="689" WIDTH="68" HEIGHT="96">
            <Shape>
              <Polygon POINTS="273 762 270 696 321 696 335 689 338 778 327 785 273 778"/>
            </Shape>
            <String CONTENT="E" HPOS="270" VPOS="689" WIDTH="68" HEIGHT="96"/>
          </TextLine>
          <TextLine ID="eSc_line_ab381872" TAGREFS="LT366" BASELINE="345 730 967 733" HPOS="343" VPOS="691" WIDTH="622" HEIGHT="48">
            <Shape>
              <Polygon POINTS="344 717 344 694 359 691 411 693 422 700 477 700 496 693 514 700 522 691 545 691 554 700 638 694 657 702 674 693 709 700 715 694 721 699 726 693 753 693 761 702 774 702 789 693 818 693 829 700 860 702 890 693 899 702 934 702 941 694 965 702 964 739 831 739 818 732 764 739 722 733 696 739 667 732 638 736 628 730 593 738 519 730 463 730 434 738 343 732"/>
            </Shape>
            <String CONTENT="N dépit du danger où le ſort m’auoit mis" HPOS="343" VPOS="691" WIDTH="622" HEIGHT="48"/>
          </TextLine>
          <TextLine ID="eSc_line_f4f0f985" TAGREFS="LT365" BASELINE="345 774 952 774" HPOS="344" VPOS="739" WIDTH="607" HEIGHT="41">
            <Shape>
              <Polygon POINTS="344 761 344 739 366 739 375 748 404 741 433 748 460 741 466 746 473 739 493 745 501 739 561 739 574 748 589 748 596 741 603 748 647 748 658 741 670 748 699 739 712 739 722 748 819 748 837 739 847 748 854 741 868 748 893 748 899 742 951 748 951 780 912 780 905 774 828 778 816 772 790 772 783 780 776 774 716 780 709 772 689 780 631 780 619 772 583 780 566 774 547 780 540 772 524 780 503 772 485 778 473 772 425 772 415 780 401 772 344 775"/>
            </Shape>
            <String CONTENT="Ie me reuoy viuant parmy mes ennemis," HPOS="344" VPOS="739" WIDTH="607" HEIGHT="41"/>
          </TextLine>
          <TextLine ID="eSc_line_276f4130" TAGREFS="LT365" BASELINE="269 806 1005 813" HPOS="267" VPOS="772" WIDTH="738" HEIGHT="47">
            <Shape>
              <Polygon POINTS="269 794 269 777 354 781 366 772 385 772 393 780 424 774 472 774 486 780 505 774 525 781 540 774 550 780 564 777 573 784 702 778 716 785 773 785 784 777 806 783 858 777 864 784 870 778 903 784 939 778 955 785 980 781 1003 787 1005 801 1003 819 267 810"/>
            </Shape>
            <String CONTENT="Tremblez à voſtre tour mes mortels aduerſaires;" HPOS="267" VPOS="772" WIDTH="738" HEIGHT="47"/>
          </TextLine>
          <TextLine ID="eSc_line_ee14d7ea" TAGREFS="LT365" BASELINE="530 846 813 851" HPOS="528" VPOS="812" WIDTH="285" HEIGHT="46">
            <Shape>
              <Polygon POINTS="530 835 530 812 551 817 796 817 812 820 813 839 812 851 796 858 713 849 693 856 671 849 658 856 625 856 615 849 602 855 587 849 577 855 528 854"/>
            </Shape>
            <String CONTENT="TIMAGENE." HPOS="528" VPOS="812" WIDTH="285" HEIGHT="46"/>
          </TextLine>
          <TextLine ID="eSc_line_e879a4bd" TAGREFS="LT365" BASELINE="288 882 999 893" HPOS="286" VPOS="848" WIDTH="713" HEIGHT="50">
            <Shape>
              <Polygon POINTS="288 871 288 848 307 849 315 858 340 858 349 851 360 858 372 849 389 849 412 859 456 859 461 854 467 859 483 855 495 861 509 852 527 852 541 861 695 864 708 855 741 864 751 855 771 864 810 858 831 865 848 856 897 856 928 865 941 858 977 858 999 867 999 881 997 898 977 893 913 898 883 891 844 897 838 891 795 890 786 896 751 890 703 896 692 888 618 894 590 887 531 893 490 885 467 891 379 885 354 890 346 884 334 890 286 888"/>
            </Shape>
            <String CONTENT="Les allarmes chez nous ne ſont pas ordinaires," HPOS="286" VPOS="848" WIDTH="713" HEIGHT="50"/>
          </TextLine>
          <TextLine ID="eSc_line_3376b3ee" TAGREFS="LT365" BASELINE="263 920 978 930" HPOS="262" VPOS="888" WIDTH="716" HEIGHT="51">
            <Shape>
              <Polygon POINTS="263 909 263 896 292 890 305 896 312 888 349 888 366 897 385 890 395 897 456 890 466 897 541 894 567 900 619 900 629 894 648 900 656 894 680 901 702 894 716 901 724 894 757 894 771 903 808 903 816 896 858 896 866 903 915 897 923 903 945 897 976 904 978 919 977 932 950 939 925 939 916 932 902 939 877 939 868 930 837 930 818 937 810 930 773 929 750 929 741 936 726 929 715 936 702 929 687 936 661 929 653 935 592 935 567 926 545 933 531 926 524 933 505 926 476 933 447 924 402 930 388 926 373 932 354 923 299 930 262 922"/>
            </Shape>
            <String CONTENT="Aucun de nous ne craint, ny n’aime les tyrans." HPOS="262" VPOS="888" WIDTH="716" HEIGHT="51"/>
          </TextLine>
          <TextLine ID="eSc_line_f7114b05" TAGREFS="LT365" BASELINE="564 966 780 964" HPOS="563" VPOS="932" WIDTH="216" HEIGHT="39">
            <Shape>
              <Polygon POINTS="563 955 563 937 569 933 590 933 599 940 618 940 628 933 648 940 671 932 682 939 764 935 777 939 779 952 777 969 706 969 698 964 669 971 653 965 635 971 563 966"/>
            </Shape>
            <String CONTENT="ZABAS." HPOS="563" VPOS="932" WIDTH="216" HEIGHT="39"/>
          </TextLine>
          <TextLine ID="eSc_line_5188eb8f" TAGREFS="LT365" BASELINE="260 995 1022 1006" HPOS="259" VPOS="958" WIDTH="763" HEIGHT="55">
            <Shape>
              <Polygon POINTS="260 984 262 958 269 964 346 959 351 965 363 959 373 971 421 965 433 971 509 972 525 964 541 971 561 964 577 972 596 968 603 974 670 974 696 964 719 975 734 966 748 975 766 975 774 966 800 965 810 977 825 977 838 966 864 966 876 977 929 978 944 968 964 968 980 978 1022 978 1022 994 1020 1013 259 1000"/>
            </Shape>
            <String CONTENT="Moins que tout autre encor les malheureux mourans," HPOS="259" VPOS="958" WIDTH="763" HEIGHT="55"/>
          </TextLine>
          <TextLine ID="eSc_line_d9bccdee" TAGREFS="LT365" BASELINE="263 1037 992 1046" HPOS="262" VPOS="1006" WIDTH="730" HEIGHT="49">
            <Shape>
              <Polygon POINTS="263 1026 263 1010 270 1006 289 1006 298 1013 322 1006 334 1013 346 1006 380 1007 392 1014 454 1008 466 1014 503 1007 534 1016 577 1010 609 1016 632 1010 640 1017 732 1010 750 1019 771 1019 784 1011 884 1020 908 1013 928 1019 954 1013 965 1020 990 1020 992 1034 989 1055 970 1055 960 1047 918 1055 886 1046 864 1052 857 1045 835 1050 818 1045 793 1053 768 1045 757 1053 721 1045 699 1052 687 1046 650 1052 644 1046 634 1050 624 1042 585 1047 567 1042 554 1050 540 1043 508 1046 498 1040 475 1049 446 1049 440 1043 425 1049 415 1042 399 1046 359 1039 333 1047 280 1047 262 1037"/>
            </Shape>
            <String CONTENT="Oui s’eſt empoiſonné n’a pas lieu de te craindre," HPOS="262" VPOS="1006" WIDTH="730" HEIGHT="49"/>
          </TextLine>
          <TextLine ID="eSc_line_f6859a46" TAGREFS="LT365" BASELINE="537 1081 808 1081" HPOS="537" VPOS="1047" WIDTH="271" HEIGHT="41">
            <Shape>
              <Polygon POINTS="537 1069 537 1055 567 1055 574 1047 622 1047 631 1053 647 1047 670 1055 679 1047 695 1053 713 1049 719 1055 808 1053 805 1088 761 1088 754 1082 721 1088 700 1082 689 1088 537 1082"/>
            </Shape>
            <String CONTENT="AVRELIAN." HPOS="537" VPOS="1047" WIDTH="271" HEIGHT="41"/>
          </TextLine>
          <TextLine ID="eSc_line_10065a3d" TAGREFS="LT365" BASELINE="278 1116 948 1123" HPOS="276" VPOS="1079" WIDTH="672" HEIGHT="52">
            <Shape>
              <Polygon POINTS="278 1104 278 1087 291 1088 308 1079 327 1088 402 1084 419 1089 444 1081 514 1081 525 1087 540 1081 573 1091 590 1082 612 1091 642 1082 658 1091 684 1092 719 1092 734 1085 742 1092 797 1092 806 1084 815 1089 828 1087 835 1094 845 1085 892 1085 902 1094 948 1091 945 1131 932 1131 925 1124 834 1131 825 1126 792 1130 776 1123 738 1123 722 1130 711 1123 667 1129 653 1121 621 1121 606 1129 521 1120 444 1120 419 1127 395 1118 386 1126 359 1126 351 1118 334 1126 307 1126 295 1118 276 1124"/>
            </Shape>
            <String CONTENT="Ah! qui te doit loüer a ſujet de te plaindre;" HPOS="276" VPOS="1079" WIDTH="672" HEIGHT="52"/>
          </TextLine>
          <TextLine ID="eSc_line_ed65d400" TAGREFS="LT365" BASELINE="566 1158 768 1160" HPOS="564" VPOS="1124" WIDTH="204" HEIGHT="42">
            <Shape>
              <Polygon POINTS="566 1146 566 1124 592 1124 603 1131 627 1124 641 1131 648 1124 663 1124 683 1133 731 1133 748 1126 767 1131 768 1149 767 1159 758 1163 724 1159 716 1166 698 1166 689 1159 618 1165 608 1158 573 1165 564 1158"/>
            </Shape>
            <String CONTENT="ZABAS." HPOS="564" VPOS="1124" WIDTH="204" HEIGHT="42"/>
          </TextLine>
          <TextLine ID="eSc_line_cd424e20" TAGREFS="LT365" BASELINE="288 1192 912 1202" HPOS="286" VPOS="1158" WIDTH="626" HEIGHT="52">
            <Shape>
              <Polygon POINTS="288 1181 288 1163 330 1158 360 1158 377 1166 388 1160 393 1166 512 1160 534 1168 554 1160 587 1168 628 1162 645 1171 661 1163 726 1165 735 1172 761 1172 770 1165 780 1172 796 1168 826 1173 857 1166 870 1173 912 1173 912 1191 910 1208 900 1210 799 1208 786 1201 751 1208 738 1202 706 1205 700 1199 669 1199 656 1207 644 1198 625 1205 609 1198 595 1205 567 1198 556 1205 530 1197 467 1204 440 1195 422 1202 386 1202 369 1194 328 1194 311 1201 286 1192"/>
            </Shape>
            <String CONTENT="Si je t’ay conſerué ie ne m’en repens pas," HPOS="286" VPOS="1158" WIDTH="626" HEIGHT="52"/>
          </TextLine>
          <TextLine ID="eSc_line_d9696211" TAGREFS="LT365" BASELINE="257 1231 994 1240" HPOS="256" VPOS="1199" WIDTH="738" HEIGHT="48">
            <Shape>
              <Polygon POINTS="257 1220 257 1201 265 1199 288 1205 308 1205 314 1199 322 1205 354 1205 376 1199 388 1207 464 1201 506 1208 535 1208 541 1202 596 1208 614 1202 619 1208 638 1204 647 1210 741 1204 753 1211 829 1207 877 1213 994 1207 993 1247 971 1241 948 1247 879 1246 871 1239 850 1244 816 1239 809 1246 748 1237 735 1244 702 1237 686 1243 664 1237 635 1241 625 1236 611 1243 567 1236 548 1243 506 1243 501 1236 495 1241 470 1236 437 1241 419 1234 380 1239 350 1233 272 1239 256 1231"/>
            </Shape>
            <String CONTENT="Du moins fais moy valoir ta vie &amp; mon treſpas," HPOS="256" VPOS="1199" WIDTH="738" HEIGHT="48"/>
          </TextLine>
          <TextLine ID="eSc_line_09650780" TAGREFS="LT365" BASELINE="262 1270 1012 1278" HPOS="260" VPOS="1239" WIDTH="752" HEIGHT="47">
            <Shape>
              <Polygon POINTS="262 1259 262 1239 301 1239 314 1249 330 1239 344 1239 353 1247 404 1249 411 1241 430 1241 466 1250 511 1244 563 1252 587 1246 596 1252 669 1252 690 1241 711 1241 716 1249 732 1246 740 1253 763 1243 806 1243 821 1253 839 1253 848 1246 857 1252 877 1246 886 1253 900 1246 912 1254 978 1244 987 1253 1012 1254 1012 1266 1010 1286 944 1286 919 1279 890 1286 883 1281 871 1285 844 1278 825 1285 764 1285 754 1276 742 1285 716 1278 690 1282 684 1276 673 1282 580 1278 574 1283 534 1273 496 1279 488 1273 470 1282 438 1275 417 1282 408 1272 377 1278 370 1272 340 1278 291 1272 260 1278"/>
            </Shape>
            <String CONTENT="Rend ma Reyne contente, adieu Reyne adorable," HPOS="260" VPOS="1239" WIDTH="752" HEIGHT="47"/>
          </TextLine>
          <TextLine ID="eSc_line_f9184484" TAGREFS="LT365" BASELINE="257 1307 951 1317" HPOS="256" VPOS="1275" WIDTH="695" HEIGHT="50">
            <Shape>
              <Polygon POINTS="257 1295 257 1275 291 1276 304 1285 356 1276 367 1286 448 1281 457 1288 512 1282 534 1288 544 1282 558 1289 589 1289 611 1281 634 1288 651 1281 671 1291 693 1283 700 1291 738 1286 754 1292 783 1286 802 1292 813 1283 838 1283 854 1294 871 1285 908 1285 922 1292 934 1285 951 1294 951 1305 950 1315 922 1315 908 1324 894 1318 866 1320 855 1325 848 1318 829 1324 805 1317 795 1324 789 1318 740 1321 724 1314 699 1323 654 1323 634 1315 624 1321 569 1321 551 1314 470 1317 461 1309 431 1315 421 1308 379 1317 356 1311 346 1317 333 1311 320 1317 295 1317 289 1311 256 1315"/>
            </Shape>
            <String CONTENT="Deteſtant vn amant, plaignez vn miſerable," HPOS="256" VPOS="1275" WIDTH="695" HEIGHT="50"/>
          </TextLine>
          <TextLine ID="eSc_line_f999f109" TAGREFS="LT365" BASELINE="257 1347 936 1356" HPOS="256" VPOS="1315" WIDTH="680" HEIGHT="49">
            <Shape>
              <Polygon POINTS="257 1336 257 1323 266 1315 280 1323 299 1315 312 1324 322 1320 391 1325 425 1324 433 1318 470 1323 483 1317 505 1327 517 1327 525 1318 567 1318 576 1327 598 1328 624 1327 635 1320 650 1328 683 1328 698 1320 711 1330 724 1324 810 1330 822 1321 831 1328 838 1324 851 1331 861 1324 879 1331 887 1323 916 1323 935 1331 936 1344 935 1362 926 1364 899 1357 861 1364 845 1357 795 1363 782 1356 741 1362 735 1356 700 1360 686 1354 673 1360 664 1354 654 1362 637 1362 622 1354 598 1360 590 1353 558 1353 543 1360 506 1353 376 1359 367 1350 335 1357 327 1351 309 1357 286 1350 273 1357 256 1354"/>
            </Shape>
            <String CONTENT="La vertu peut ſouffrir ce que ie veux de vous." HPOS="256" VPOS="1315" WIDTH="680" HEIGHT="49"/>
          </TextLine>
          <TextLine ID="eSc_line_5a6b2f8b" TAGREFS="LT365" BASELINE="541 1391 787 1393" HPOS="540" VPOS="1354" WIDTH="247" HEIGHT="45">
            <Shape>
              <Polygon POINTS="541 1379 541 1359 551 1356 580 1360 590 1354 599 1360 629 1354 666 1362 686 1356 700 1362 715 1356 741 1362 784 1357 787 1382 786 1395 771 1399 738 1399 731 1393 696 1399 674 1393 666 1399 645 1392 612 1398 582 1398 573 1392 550 1398 540 1391"/>
            </Shape>
            <String CONTENT="ZENOBIE." HPOS="540" VPOS="1354" WIDTH="247" HEIGHT="45"/>
          </TextLine>
          <TextLine ID="eSc_line_5a6c5971" TAGREFS="LT365" BASELINE="283 1425 826 1434 1010 1428" HPOS="282" VPOS="1391" WIDTH="727" HEIGHT="55">
            <Shape>
              <Polygon POINTS="283 1414 283 1391 340 1391 349 1399 364 1392 398 1392 414 1402 431 1402 451 1392 475 1401 489 1392 499 1401 508 1396 528 1404 602 1398 621 1405 702 1405 715 1395 725 1405 834 1402 886 1408 903 1399 921 1406 945 1398 964 1404 970 1398 1009 1398 1007 1441 1002 1444 967 1437 954 1446 819 1440 760 1444 748 1434 729 1434 715 1443 654 1434 644 1443 622 1443 600 1433 551 1433 534 1441 525 1433 475 1438 467 1431 435 1431 427 1440 405 1431 380 1431 372 1440 360 1440 341 1430 293 1435 282 1430"/>
            </Shape>
            <String CONTENT="Zabas à tous les vœux que n’eut pas mon eſpoux." HPOS="282" VPOS="1391" WIDTH="727" HEIGHT="55"/>
          </TextLine>
          <TextLine ID="eSc_line_4650f30a" TAGREFS="LT365" BASELINE="553 1469 766 1472" HPOS="551" VPOS="1434" WIDTH="213" HEIGHT="49">
            <Shape>
              <Polygon POINTS="553 1457 553 1441 572 1434 611 1434 632 1446 653 1434 671 1447 690 1447 700 1438 725 1447 744 1435 764 1447 764 1483 754 1477 728 1483 719 1475 708 1483 660 1483 653 1476 606 1482 599 1475 587 1482 579 1473 551 1472"/>
            </Shape>
            <String CONTENT="ZABAS." HPOS="551" VPOS="1434" WIDTH="213" HEIGHT="49"/>
          </TextLine>
          <TextLine ID="eSc_line_4a5b3fd1" TAGREFS="LT365" BASELINE="280 1505 712 1509" HPOS="279" VPOS="1470" WIDTH="433" HEIGHT="61">
            <Shape>
              <Polygon POINTS="280 1493 280 1473 286 1470 385 1470 396 1479 418 1472 451 1480 470 1472 486 1482 560 1477 590 1483 602 1476 609 1483 712 1483 711 1531 664 1521 648 1528 616 1521 569 1524 561 1518 509 1518 488 1527 461 1518 450 1530 425 1530 412 1516 392 1528 354 1519 340 1527 279 1527"/>
            </Shape>
            <String CONTENT="C’eſt peu pour mon amour," HPOS="279" VPOS="1470" WIDTH="433" HEIGHT="61"/>
          </TextLine>
        </TextBlock>
        <TextBlock HPOS="494" VPOS="118" WIDTH="398" HEIGHT="82" ID="eSc_textblock_7c70751f" TAGREFS="BT1016">
          <Shape>
            <Polygon POINTS="826 118 892 142 884 200 494 195 502 129"/>
          </Shape>
          <TextLine ID="eSc_line_6e1c7559" TAGREFS="LT365" BASELINE="495 179 884 182" HPOS="493" VPOS="126" WIDTH="394" HEIGHT="65">
            <Shape>
              <Polygon POINTS="495 167 494 126 527 131 606 135 644 139 693 138 733 138 787 142 823 136 887 134 881 189 810 189 789 182 773 191 728 191 686 180 651 186 632 180 624 188 596 180 587 189 567 183 527 189 509 183 502 188 493 179"/>
            </Shape>
            <String CONTENT="ZENOBIE" HPOS="493" VPOS="126" WIDTH="394" HEIGHT="65"/>
          </TextLine>
        </TextBlock>
        <TextBlock HPOS="272" VPOS="237" WIDTH="762" HEIGHT="80" ID="eSc_textblock_e6c50ef2" TAGREFS="BT1010">
          <Shape>
            <Polygon POINTS="889 237 1034 262 1034 317 295 317 272 305 278 237"/>
          </Shape>
        </TextBlock>
      </PrintSpace>
    </Page>
  </Layout>
</alto>