1034 1737
514 126 330 65 ZENOBIE

278 144 65 57 76

535 185 289 50 AVRELIAN.

771 231 132 44 A moy,

540 264 291 47 TIMAGENE.

302 305 703 48 De Rome, ny de vous ie ne prens point la loy;

276 343 737 50 Vous, Madame, c’eſt vous, qu’en ſeruant ma Princeſſe

275 386 719 43 De mon peu de valeur i’auois fait la maiſtreſſe,

276 422 695 45 Comme de mon eſpée ordonnez de mon bras.

380 463 593 46 ZENOBIE, prenant l’eſpée & ſe ſauuant.

299 503 595 45 Heureuſe Zenobie à la fin tu mourras,

530 542 283 44 AVRELIAN.

301 581 662 47 Rutile, ſauuez-là, faut-il que ma victoire.

563 619 223 45 ODENIE.

298 658 688 46 Ah! laſche Conquerant, tu déplores ta gloire,

272 697 714 49 Déplore mon malheur, c’eſt toy qui l’as cauſé,

532 738 278 43 AVRELIAN.

296 774 711 46 C’eſt vous, de qui l’amour n’auoit que trop oſé,

273 816 723 43 Couple ingrat & perfide, à la fin ma vengeante

273 854 671 43 Vous veut abandonner à ma toute puiſſance,

273 891 698 46 N’ayant pû vous fléchir par offre, ny bienfait

270 930 695 45 Ie pretens vous domter par vn contraire effet,

270 971 377 45 Rome vous pourra voir,

531 1006 285 47 TIMAGENE.

600 1047 338 44 Ie n’y ſuis pas encore,

512 1087 343 44 RVTILE, rentrant.

295 1121 403 51 Seigneur Zabas eſt mort,

528 1165 288 42 AVRELIAN.

605 1201 379 52 C’eſt luy que ie déplore,

557 1240 216 43 RVTILE.

295 1278 691 49 Comme il ſortoit d’icy, le poiſon qu’il a pris

272 1323 733 43 Tout lent qu’il le croyoit l’a ſur l’heure ſurpris,

265 1359 703 45 Il eſt tombé ſans vie au moment que la Reyne

265 1401 692 42 A rendu ma pourſuite auſfi triſte que vaine;

266 1440 692 42 Malgré ma diligence euitant ſon vainqueur

266 1475 746 59 D’vn premier & ſeul coup elle a percé ſon cœur;
