1034 1737
20 179 641 68 le n'a point parſé, mais on voit ſon viſage

26 228 598 52 vne viue couleur retracer ſon courage,

8 259 736 65 a ioye eſt dans ſes yeux, comme ne voulant pas

11 305 643 58 Qu’aucun des aſſiſtans déploraſt ſon trépas.

243 344 275 52 AVRELIAN.

11 380 749 62 Qu'vn meſme monument ayt Zabas & la Reyne,

14 421 740 62 ous gardez la Princeſſe, & vous ſon Timagenes;

11 464 713 57 e veux en triompher, & comme leur vainqueur,

17 503 740 60 Triompher de leurs bras au deffaut de leur cœur;

17 539 775 66 Qu’on les charge de fers, vous, allons voir les Perſes,

13 583 705 58 ſſuyons pour mon nom de nouuelles trauerſes,

13 622 695 56 t brauans de l’amour la fiere & vaine ardeur,

17 660 754 63 Ne nous trauaillons plus que pour noſtre grandeur.

20 744 743 102 Fin du cinquieſme & dernier

311 826 159 74 Acte.

731 138 61 51 77

154 124 424 69 TRAGEDIE.
