1034 1737
363 263 607 64 Extraict du Priuilege du Roy.

340 353 666 52 AR Grace & Priuilege du Roy, en datte du

335 396 677 46 lanvier iGgo. Signé. FOVCAVLT. ET ſcellé

267 434 748 50 Il eſt permis au Sieur Magnon de faire imprimer et

266 474 741 47 tels volumes & caracteres que bon luy ſemblera vne

269 512 741 51 Tragedie intitulée Zenobie, pendant le temps et eſ¬

266 551 752 49 mace de cind années; & deffenſes ſont faites à tous

263 587 757 54 Imprimeürs, Libraires & autres de quelque qualité &

265 628 755 50 condition qu’ils ſoient, de l’imprimer ou faire impri¬

262 667 763 56 mer, vendre & debiter pendant ledit temps, aux pei¬

263 707 478 47 mes portées par ledit Priuilege.

292 778 731 55 Ledit Sieur Magnon a cedé & tranſporté ſon droit

260 819 763 61 de Priuilege à Claude Barbin, pour en joüir ſelon le

263 862 303 44 traité fait entr’eux.

382 935 565 53 Acheué d’imprimer le 18. Avril 1660.

289 1011 737 58 Regiſtré ſur le Liure de la Communauté des Li¬

259 1049 764 65 braires, Imprimeurs & Relieurs, le 15. Avril 1660

596 1095 391 68 Signé IOSSE, Syndic.

269 348 62 94 P
