1034 1737
295 374 586 86 SONNET,

360 487 455 67 A MADAME

202 577 778 113 ROYALLE.

263 751 720 55 HRISTINE Incomparable, & vrayment

301 800 159 40 Heroïne,

192 832 669 48 Que peux-tu deſirer? le Ciel t’a tout donné;

195 869 660 50 C’eſt luy dont la faueur à l’imiter t’incline,

195 909 657 50 Ou luy par qui ton cœur s’y ſent determiné.

223 984 658 49 Ah! que ne tiens tu pas d’vne telle origine,

198 1024 710 45 Tu tiens du Ciel vn cœur que luy ſeul a borné;

192 1063 689 47 Si ton Sang eſt Royal, ton humeur eſt diuine,

194 1101 718 51 Et ton moindre auantage eſt vn front couronné.

225 1175 709 52 Mille & mille Vertus qui forment ton partage

194 1218 753 44 Doiuent forcer l’enuie, à te rendre vn hommage;

191 1253 675 54 En effet ſous tes pieds ce monſtre eſt abbatu.

220 1324 737 54 Rien ne ſçauroit choquer ton repos ny ta gloire;

192 1372 621 43 Et ſi le Ciel deuoit vn thrône à ta vertu,

194 1408 792 64 Il ne peut moins deuoir qu’vn Temple à ta memoire.

192 761 74 82 C
