3854 5610
813 336 159 131 32

1875 296 809 144 MEDUSE,

1151 452 1792 163 Mortels ennemis de Meduſe;

824 609 2662 185 Le bruit de vôtre fuite eſt venu juſqu'à nous.

825 783 2641 178 Avez-vous cru pouvoir éviter ſon courroux?

1471 940 1516 174 Quel charme vous abuſe?

826 1095 2571 184 A ſon reſſentiment rien ne vous peut cacher.

823 1255 2735 187 Et pour rendre aujourd'huy vôtre fuite inutile,

823 1419 2400 180 Que le Vaiſſeau qui ſeul eſt voſtre azile,

1476 1584 1449 165 Se briſe contre ce Rocher.

833 1741 2563 180 Vents orageux troublez ce rivage tranquile.

1827 1951 1848 101 Le Vaiſſeau ſe briſe contre un Rocher.

1906 2181 778 107 CHOEUR.

825 2315 2583 180 Vents orageux troubleZ ce rivage tranquile.

2685 2526 892 104 Les Vents danſent.

1125 3131 2337 185 SCENE QUATRIE’ME.

1517 3412 1557 138 MEDUSE, ſa Suite.

1920 3663 741 115 MEDUSE.

1178 3847 2549 210 U'on le cherche par tout, dans les affreux de¬

846 3824 295 360 Q

1302 4043 342 153 ſerts,

820 4197 2905 197 Dans les antres profonds, dans les plus noirs abîmes,

817 4351 2911 210 Et dans tout ce qui ſert d’azile aux plus grands

981 4556 426 92 crimes;

818 4677 2665 205 Qu'on aille le chercher juſques dans les enfers;

3257 4879 475 164 Neptune
