3854 5610
825 307 124 84 24

1923 257 750 102 MEDUSE.

1908 439 767 136 MINERVE.

1469 637 1646 164 Plein d'un ſi beau ſentiment

1471 799 1778 168 Vn grand cœur peut noblement

1467 961 1388 160 Se livrer à la tendreſſe,

1465 1123 1606 172 Un amour qui fuit le repos,

1463 1285 1656 164 Et s’accorde avec la ſageſſe,

1461 1447 1634 160 Bien loin d'eſtre la foibleſſe,

1465 1611 1366 164 Eſt la gloire des Heros.

1105 2325 2374 186 SCENE CINQUIE’ME.

813 2587 2916 158 PERSE’E, ſa Suite entre dans le Temple où eſt

1129 2749 2298 160 la Statuë de Pallas, & porte des preſens

1855 2907 814 122 ſur ſon Autel.

1243 3157 2096 110 UN MINISTRE DU TEMPLE.

1122 3361 1955 192 Ien n'eſt ſi charmant que Pallas:

1103 3545 1444 172 Jupiter qui la fit ſi belle,

1451 3705 1742 168 Prit plaiſir d’aſſembler en elle,

1443 3869 1606 162 Et les vertus & les appas,

805 4027 2902 166 Que l'on voit ſeparez, dans la Troupe immortelle;

1465 4187 1566 162 La grace avec la majeſté,

1447 4353 1590 164 Le ſçavoir & la puiſſance,

1443 4509 1602 166 La valeur & la prudence,

1447 4673 1340 166 La ſageſſe & la beauté.

3317 4847 400 108 SCENE

832 3342 257 379 R
