3854 5610
705 339 103 85 14

1777 299 823 138 MEDUSE,

1819 502 771 105 MEDUSE.

729 624 2566 196 Di-luy que de Meduſe il peut tout obtenir,

734 782 2947 201 Treſors, Sceptre, Grandeurs.... Dieux qu'elle est

904 949 730 169 ma foibleſſe?

739 1106 2803 166 Arrête; tâche au moins dans ce tendre entretien

1233 1280 1806 183 De menager un peu ma gloire,

748 1428 2841 199 Que s'il faut tout riſquer pour gagner la victoire,

960 1596 1994 189 Hazarde tout & ne menage rien.

1749 1815 911 115 MELANTE.

754 1996 2838 195 Que faites vous? ſouffrez, l'audace de mon zele,

1401 2164 1531 184 Neptune adore vos appas;

955 2314 2218 193 Et vous courez, aprés un cœur rebelle;

752 2474 2803 198 Vous allez vous offrir au plus grand des ingrats.

1837 2698 762 107 MEDUSE.

758 2866 2892 195 Non, non qu'allois-je faire? & que ne dois je pas

1247 3035 1597 177 A ton avis ſage & fidelle?

755 3180 2266 189 Ma fierté s'oublioit, je la ſens revenir:

752 3348 2413 187 Neptune m'a promis une gloire immotelle,

1082 3505 2216 189 Et tu me rends ce charmant ſouvenir.

1823 3750 859 110 ORPHISE.

1400 3926 1808 181 Quel eſt ce Dieu qui s'avance,

751 4072 2793 206 Et fait voir ſur ces bords tant de magnificence?

1079 4241 2418 181 C'eſt Palemon, c'eſt le Dieu des Nochers,

750 4392 2829 203 C'eſt luy qui les ſauvant des flots & des rochers,

1224 4565 1596 180 Leur trace une route facile,
