3854 5648
1758 303 863 144 MEDUSE,

664 334 132 146 8

1744 523 908 106 MELANTE.

1040 710 2193 183 Qui peut troubler un ſort ſi glorieux?

1365 881 1652 163 Eſt-ce la Princeſſe Iſmenie,

1363 1036 1998 156 Qui receut de la main des Dieux,

1359 1201 1569 169 Vne beauté digne d'envie?

1366 1359 1650 181 Par respect elle s’eſt bannie,

708 1522 2471 184 Et ne balance plus le pouvoir de vos yeux.

1777 1762 828 105 ORPHISE.

1037 1896 2170 171 Eſt-ce Minerve adorée en ces lieux?

713 2056 2423 180 C'eſt le plus digne objet de voſtre jalouſie.

1736 2229 898 104 MELANTE.

1036 2366 2216 179 Qui peut troubler un ſort ſi glorieux?

894 2526 2465 181 Quand vous pouvez avec une immortelle,

1367 2695 1622 169 Diſputer aux yeux de tous,

1363 2853 1684 175 La gloire d'eſtre la plus belle;

711 3012 2735 172 Dans ce fameux combat entre Pallas & vous,

1362 3178 1790 172 Neptune prend voſtre querelle.

1838 3350 740 101 MEDUSE.

1370 3486 1987 178 Quand Neptune eſt contre Pallas,

713 3647 2918 175 Il en croit moins l'amour qu'il a pour mes appas,

1365 3808 1771 176 Que la haine qu'il a pour elle:

676 3960 2820 194 J'ay d'autres deplaiſirs que vous ne ſçavez pas.

1374 4132 1966 172 Mais vous diray-je ma foibleſſe?

1372 4285 1381 179 Perſée adore la Deeſſe,

717 4448 2742 190 Et luy donne à mes yeux le prix de la beauté;

919 4610 2392 187 C'eſt un affront qui tourmente ſans ceſſe,

1037 4783 1759 174 Ma delicate & jalouſe fierté.

3144 4963 548 113 ORPHISE
