<?xml version="1.0" encoding="UTF-8"?>
<alto xmlns:xsi="http://www.w3.org/2001/XMLSchema-instance"
      xmlns="http://www.loc.gov/standards/alto/ns-v4#"
      xsi:schemaLocation="http://www.loc.gov/standards/alto/ns-v4# https://gitlab.inria.fr/scripta/escriptorium/-/raw/develop/app/escriptorium/static/alto-4-1-baselines.xsd">
  <Description>
    <MeasurementUnit>pixel</MeasurementUnit>
    <sourceImageInformation>
      <fileName>Boyer1697_Meduse_cb30152139c_corrected_0007.png</fileName>
    </sourceImageInformation>
  </Description>
  
  <Tags>
    <OtherTag ID="BT1" LABEL="Title" DESCRIPTION="block type Title"/><OtherTag ID="BT2" LABEL="Main" DESCRIPTION="block type Main"/><OtherTag ID="BT67" LABEL="Damage" DESCRIPTION="block type Damage"/><OtherTag ID="BT68" LABEL="Decoration" DESCRIPTION="block type Decoration"/><OtherTag ID="BT69" LABEL="DropCapital" DESCRIPTION="block type DropCapital"/><OtherTag ID="BT70" LABEL="Figure" DESCRIPTION="block type Figure"/><OtherTag ID="BT71" LABEL="Margin" DESCRIPTION="block type Margin"/><OtherTag ID="BT72" LABEL="MusicNotation" DESCRIPTION="block type MusicNotation"/><OtherTag ID="BT73" LABEL="Numbering" DESCRIPTION="block type Numbering"/><OtherTag ID="BT74" LABEL="RunningTitle" DESCRIPTION="block type RunningTitle"/><OtherTag ID="BT75" LABEL="Seal" DESCRIPTION="block type Seal"/><OtherTag ID="BT76" LABEL="Signatures" DESCRIPTION="block type Signatures"/><OtherTag ID="BT77" LABEL="Stamp" DESCRIPTION="block type Stamp"/><OtherTag ID="BT78" LABEL="Table" DESCRIPTION="block type Table"/>
    <OtherTag ID="LT36" LABEL="Default" DESCRIPTION="line type Default"/><OtherTag ID="LT37" LABEL="DropCapitalLine" DESCRIPTION="line type DropCapitalLine"/><OtherTag ID="LT38" LABEL="Interlinear" DESCRIPTION="line type Interlinear"/><OtherTag ID="LT39" LABEL="MusicLine" DESCRIPTION="line type MusicLine"/><OtherTag ID="LT40" LABEL="Rubric" DESCRIPTION="line type Rubric"/>
  </Tags>
  
  <Layout>
    <Page WIDTH="3854"
          HEIGHT="5360"
          PHYSICAL_IMG_NR="4"
          ID="eSc_dummypage_">
      <PrintSpace HPOS="0"
                  VPOS="0"
                  WIDTH="3854"
                  HEIGHT="5360">
        
        <TextBlock HPOS="3012"
                   VPOS="322"
                   WIDTH="55"
                   HEIGHT="112"
                   ID="r_1_1"
                   TAGREFS="BT73">
          <Shape><Polygon POINTS="3012 322 3067 322 3067 434 3012 434"/></Shape>
          
        </TextBlock>
        
        <TextBlock HPOS="1102"
                   VPOS="299"
                   WIDTH="991"
                   HEIGHT="117"
                   ID="r_2_1"
                   TAGREFS="BT74">
          <Shape><Polygon POINTS="1102 299 2093 299 2093 416 1102 416"/></Shape>
          
          
          <TextLine ID="tl_2"
                    TAGREFS="LT36"
                    BASELINE="1103 403 2091 401" 
                    HPOS="1103"
                    VPOS="300"
                    WIDTH="989"
                    HEIGHT="115">
            <Shape><Polygon POINTS="1103 300 2092 300 2092 415 1103 415"/></Shape>
	    <String CONTENT="PROLOGUE."
                    HPOS="1103"
                    VPOS="300"
                    WIDTH="989"
                    HEIGHT="115"></String>
          </TextLine>

          
        </TextBlock>
        
        <TextBlock HPOS="1393"
                   VPOS="4533"
                   WIDTH="467"
                   HEIGHT="269"
                   ID="eSc_textblock_7ce70c99"
                   TAGREFS="BT68">
          <Shape><Polygon POINTS="1393 4533 1393 4802 1860 4802 1860 4533"/></Shape>
          
        </TextBlock>
        
        <TextBlock HPOS="163"
                   VPOS="431"
                   WIDTH="2970"
                   HEIGHT="4081"
                   ID="eSc_textblock_4dfcb734"
                   TAGREFS="BT2">
          <Shape><Polygon POINTS="163 431 163 4512 3133 4512 3133 431"/></Shape>
          
          
          <TextLine ID="tl_1"
                    TAGREFS="LT36"
                    BASELINE="3013 433 3066 433" 
                    HPOS="3013"
                    VPOS="323"
                    WIDTH="53"
                    HEIGHT="110">
            <Shape><Polygon POINTS="3013 323 3066 323 3066 433 3013 433"/></Shape>
	    <String CONTENT="5"
                    HPOS="3013"
                    VPOS="323"
                    WIDTH="53"
                    HEIGHT="110"></String>
          </TextLine>

          
          
          <TextLine ID="tl_3"
                    TAGREFS="LT36"
                    BASELINE="1408 590 1839 592" 
                    HPOS="1408"
                    VPOS="500"
                    WIDTH="431"
                    HEIGHT="98">
            <Shape><Polygon POINTS="1408 500 1839 500 1839 598 1408 598"/></Shape>
	    <String CONTENT="IRIS."
                    HPOS="1408"
                    VPOS="500"
                    WIDTH="431"
                    HEIGHT="98"></String>
          </TextLine>

          
          
          <TextLine ID="tl_4"
                    TAGREFS="LT36"
                    BASELINE="424 778 696 776 1012 790 1282 785 1454 790 1952 788 2354 782 2510 805" 
                    HPOS="423"
                    VPOS="659"
                    WIDTH="2087"
                    HEIGHT="180">
            <Shape><Polygon POINTS="423 659 2510 659 2510 839 423 839"/></Shape>
	    <String CONTENT="Vont allez voir un ſpectacle agreable,"
                    HPOS="423"
                    VPOS="659"
                    WIDTH="2087"
                    HEIGHT="180"></String>
          </TextLine>

          
          
          <TextLine ID="tl_5"
                    TAGREFS="LT36"
                    BASELINE="225 937 391 931 521 930 921 935 1395 944 1701 941 1923 942 2677 939" 
                    HPOS="225"
                    VPOS="816"
                    WIDTH="2452"
                    HEIGHT="177">
            <Shape><Polygon POINTS="225 816 2677 816 2677 993 225 993"/></Shape>
	    <String CONTENT="Où le jaloux Amour dans ſon emportement"
                    HPOS="225"
                    VPOS="816"
                    WIDTH="2452"
                    HEIGHT="177"></String>
          </TextLine>

          
          
          <TextLine ID="tl_6"
                    TAGREFS="LT36"
                    BASELINE="224 1093 555 1088 771 1089 1277 1135 1470 1100 1879 1096 2431 1092" 
                    HPOS="224"
                    VPOS="970"
                    WIDTH="2207"
                    HEIGHT="188">
            <Shape><Polygon POINTS="224 970 2431 970 2431 1158 224 1158"/></Shape>
	    <String CONTENT="Attire ſur Meduſe un ſuplice effroyable"
                    HPOS="224"
                    VPOS="970"
                    WIDTH="2207"
                    HEIGHT="188"></String>
          </TextLine>

          
          
          <TextLine ID="tl_7"
                    TAGREFS="LT36"
                    BASELINE="827 1247 1052 1246 1236 1249 1692 1251 2266 1250 2410 1244" 
                    HPOS="827"
                    VPOS="1111"
                    WIDTH="1583"
                    HEIGHT="189">
            <Shape><Polygon POINTS="827 1111 2410 1111 2410 1300 827 1300"/></Shape>
	    <String CONTENT="Par un horrible changement."
                    HPOS="827"
                    VPOS="1111"
                    WIDTH="1583"
                    HEIGHT="189"></String>
          </TextLine>

          
          
          <TextLine ID="tl_8"
                    TAGREFS="LT36"
                    BASELINE="1305 1456 1931 1452" 
                    HPOS="1305"
                    VPOS="1357"
                    WIDTH="626"
                    HEIGHT="109">
            <Shape><Polygon POINTS="1305 1357 1931 1357 1931 1466 1305 1466"/></Shape>
	    <String CONTENT="TIRCIS."
                    HPOS="1305"
                    VPOS="1357"
                    WIDTH="626"
                    HEIGHT="109"></String>
          </TextLine>

          
          
          <TextLine ID="tl_9"
                    TAGREFS="LT36"
                    BASELINE="826 1663 1092 1660 1752 1709 2236 1661" 
                    HPOS="825"
                    VPOS="1539"
                    WIDTH="1411"
                    HEIGHT="172">
            <Shape><Polygon POINTS="825 1539 2236 1539 2236 1711 825 1711"/></Shape>
	    <String CONTENT="Sans l’amoureuſe tendreſſe"
                    HPOS="825"
                    VPOS="1539"
                    WIDTH="1411"
                    HEIGHT="172"></String>
          </TextLine>

          
          
          <TextLine ID="tl_10"
                    TAGREFS="LT36"
                    BASELINE="223 1843 515 1808 861 1813 1069 1814 1385 1822 1587 1842 1801 1819 2219 1817 2415 1836 2645 1815 2739 1856 3007 1811" 
                    HPOS="223"
                    VPOS="1688"
                    WIDTH="2784"
                    HEIGHT="185">
            <Shape><Polygon POINTS="223 1688 3007 1688 3007 1873 223 1873"/></Shape>
	    <String CONTENT="Quels ſeront nos concerts, nos plaiſirs &amp; nos jeux?"
                    HPOS="223"
                    VPOS="1688"
                    WIDTH="2784"
                    HEIGHT="185"></String>
          </TextLine>

          
          
          <TextLine ID="tl_11"
                    TAGREFS="LT36"
                    BASELINE="1430 2004 1802 2005" 
                    HPOS="1430"
                    VPOS="1914"
                    WIDTH="372"
                    HEIGHT="99">
            <Shape><Polygon POINTS="1430 1914 1802 1914 1802 2013 1430 2013"/></Shape>
	    <String CONTENT="IRIS."
                    HPOS="1430"
                    VPOS="1914"
                    WIDTH="372"
                    HEIGHT="99"></String>
          </TextLine>

          
          
          <TextLine ID="tl_12"
                    TAGREFS="LT36"
                    BASELINE="519 2188 840 2187 1407 2196 1533 2196 1774 2199 1890 2200 2160 2197 2699 2208" 
                    HPOS="519"
                    VPOS="2078"
                    WIDTH="2181"
                    HEIGHT="170">
            <Shape><Polygon POINTS="519 2078 2700 2078 2700 2248 519 2248"/></Shape>
	    <String CONTENT="Nous goûterons le ſort le plus heureux,"
                    HPOS="519"
                    VPOS="2078"
                    WIDTH="2181"
                    HEIGHT="170"></String>
          </TextLine>

          
          
          <TextLine ID="tl_13"
                    TAGREFS="LT36"
                    BASELINE="679 2343 941 2344 1373 2351 1577 2366 1847 2356 2301 2352 2373 2368" 
                    HPOS="678"
                    VPOS="2234"
                    WIDTH="1695"
                    HEIGHT="166">
            <Shape><Polygon POINTS="678 2234 2373 2234 2373 2400 678 2400"/></Shape>
	    <String CONTENT="Sans jalouſie &amp; ſans foibleſſe;"
                    HPOS="678"
                    VPOS="2234"
                    WIDTH="1695"
                    HEIGHT="166"></String>
          </TextLine>

          
          
          <TextLine ID="tl_14"
                    TAGREFS="LT36"
                    BASELINE="230 2497 526 2496 1144 2500 1332 2505 1592 2556 1822 2510 2152 2505 2342 2508 2832 2496" 
                    HPOS="230"
                    VPOS="2380"
                    WIDTH="2602"
                    HEIGHT="182">
            <Shape><Polygon POINTS="230 2380 2832 2380 2832 2562 230 2562"/></Shape>
	    <String CONTENT="Nous chanterons un Roy qui borne ſes ſouhaits"
                    HPOS="230"
                    VPOS="2380"
                    WIDTH="2602"
                    HEIGHT="182"></String>
          </TextLine>

          
          
          <TextLine ID="tl_15"
                    TAGREFS="LT36"
                    BASELINE="681 2659 802 2659 1233 2655 1361 2657 1721 2659 1832 2662 1977 2662 2167 2657 2329 2678" 
                    HPOS="681"
                    VPOS="2544"
                    WIDTH="1649"
                    HEIGHT="134">
            <Shape><Polygon POINTS="681 2544 2330 2544 2330 2678 681 2678"/></Shape>
	    <String CONTENT="A donner le calme à la terre;"
                    HPOS="681"
                    VPOS="2544"
                    WIDTH="1649"
                    HEIGHT="134"></String>
          </TextLine>

          
          
          <TextLine ID="tl_16"
                    TAGREFS="LT36"
                    BASELINE="676 2809 961 2850 1079 2810 1515 2812 1727 2815 2295 2834" 
                    HPOS="676"
                    VPOS="2702"
                    WIDTH="1619"
                    HEIGHT="160">
            <Shape><Polygon POINTS="676 2702 2295 2702 2295 2862 676 2862"/></Shape>
	    <String CONTENT="Preſt à quitter ſon tonnerre,"
                    HPOS="676"
                    VPOS="2702"
                    WIDTH="1619"
                    HEIGHT="160"></String>
          </TextLine>

          
          
          <TextLine ID="tl_17"
                    TAGREFS="LT36"
                    BASELINE="674 2963 796 2963 980 2964 1450 2966 1614 2969 1766 2969 2066 2971" 
                    HPOS="673"
                    VPOS="2852"
                    WIDTH="1393"
                    HEIGHT="169">
            <Shape><Polygon POINTS="673 2852 2066 2852 2066 3021 673 3021"/></Shape>
	    <String CONTENT="Si les ennemis de la paix"
                    HPOS="673"
                    VPOS="2852"
                    WIDTH="1393"
                    HEIGHT="169"></String>
          </TextLine>

          
          
          <TextLine ID="tl_18"
                    TAGREFS="LT36"
                    BASELINE="423 3116 615 3112 753 3113 1255 3123 1363 3123 1623 3121 1915 3122 2051 3123 2463 3120" 
                    HPOS="423"
                    VPOS="3003"
                    WIDTH="2040"
                    HEIGHT="169">
            <Shape><Polygon POINTS="423 3003 2463 3003 2463 3172 423 3172"/></Shape>
	    <String CONTENT="Ne le forçoient à leur faire la guerre."
                    HPOS="423"
                    VPOS="3003"
                    WIDTH="2040"
                    HEIGHT="169"></String>
          </TextLine>

          
          
          <TextLine ID="tl_19"
                    TAGREFS="LT36"
                    BASELINE="1110 3313 1295 3311 2122 3311" 
                    HPOS="1110"
                    VPOS="3214"
                    WIDTH="1013"
                    HEIGHT="105">
            <Shape><Polygon POINTS="1110 3214 2123 3214 2123 3319 1110 3319"/></Shape>
	    <String CONTENT="LE CHOEUR."
                    HPOS="1110"
                    VPOS="3214"
                    WIDTH="1013"
                    HEIGHT="105"></String>
          </TextLine>

          
          
          <TextLine ID="tl_20"
                    TAGREFS="LT36"
                    BASELINE="237 3509 785 3529 1291 3523 1463 3522 1707 3571 1912 3530 2385 3538 2746 3534 2905 3550" 
                    HPOS="237"
                    VPOS="3388"
                    WIDTH="2669"
                    HEIGHT="192">
            <Shape><Polygon POINTS="237 3388 2906 3388 2906 3580 237 3580"/></Shape>
	    <String CONTENT="Chantons, chantons un Roy qui borne ſes souhaits,"
                    HPOS="237"
                    VPOS="3388"
                    WIDTH="2669"
                    HEIGHT="192"></String>
          </TextLine>

          
          
          <TextLine ID="tl_21"
                    TAGREFS="LT36"
                    BASELINE="678 3671 801 3671 1211 3673 1343 3675 1697 3677 1797 3683 1941 3680 2229 3683 2301 3698" 
                    HPOS="678"
                    VPOS="3558"
                    WIDTH="1623"
                    HEIGHT="140">
            <Shape><Polygon POINTS="678 3558 2301 3558 2301 3698 678 3698"/></Shape>
	    <String CONTENT="A donner le calme à la terre;"
                    HPOS="678"
                    VPOS="3558"
                    WIDTH="1623"
                    HEIGHT="140"></String>
          </TextLine>

          
          
          <TextLine ID="tl_22"
                    TAGREFS="LT36"
                    BASELINE="678 3825 962 3864 1078 3824 1498 3830 1710 3829 2112 3831 2280 3852" 
                    HPOS="678"
                    VPOS="3714"
                    WIDTH="1602"
                    HEIGHT="162">
            <Shape><Polygon POINTS="678 3714 2280 3714 2280 3876 678 3876"/></Shape>
	    <String CONTENT="Preſt à quitter ſon tonnerre,"
                    HPOS="678"
                    VPOS="3714"
                    WIDTH="1602"
                    HEIGHT="162"></String>
          </TextLine>

          
          
          <TextLine ID="tl_23"
                    TAGREFS="LT36"
                    BASELINE="685 3979 810 3973 995 3978 1479 3980 1663 3985 1811 3985 2093 3987" 
                    HPOS="685"
                    VPOS="3864"
                    WIDTH="1409"
                    HEIGHT="169">
            <Shape><Polygon POINTS="685 3864 2094 3864 2094 4033 685 4033"/></Shape>
	    <String CONTENT="Si les ennemis de la paix"
                    HPOS="685"
                    VPOS="3864"
                    WIDTH="1409"
                    HEIGHT="169"></String>
          </TextLine>

          
          
          <TextLine ID="tl_24"
                    TAGREFS="LT36"
                    BASELINE="444 4130 585 4130 765 4129 1269 4133 1373 4134 1629 4139 1909 4138 2045 4139 2448 4144" 
                    HPOS="444"
                    VPOS="4011"
                    WIDTH="2005"
                    HEIGHT="179">
            <Shape><Polygon POINTS="444 4011 2449 4011 2449 4190 444 4190"/></Shape>
	    <String CONTENT="Ne le forçoient à leur faire la guerre."
                    HPOS="444"
                    VPOS="4011"
                    WIDTH="2005"
                    HEIGHT="179"></String>
          </TextLine>

          
          
          <TextLine ID="tl_25"
                    TAGREFS="LT36"
                    BASELINE="711 4435 1001 4450 1381 4444 2531 4453" 
                    HPOS="711"
                    VPOS="4331"
                    WIDTH="1820"
                    HEIGHT="130">
            <Shape><Polygon POINTS="711 4331 2531 4331 2531 4461 711 4461"/></Shape>
	    <String CONTENT="FIN DU PROLOGUE."
                    HPOS="711"
                    VPOS="4331"
                    WIDTH="1820"
                    HEIGHT="130"></String>
          </TextLine>

          
        </TextBlock>
        

        
      </PrintSpace>
    </Page>
  </Layout>
</alto>
