3854 5360
1175 241 993 134 TRAGEDIE.

464 477 2393 178 CENE QUATRIE’ME.

679 656 1991 136 PALEMON, MEDUSE.

362 801 2614 163 Troupe de Tritons & de Nereïdes, & de Peuples

426 951 2479 128 Maritimes. La Mer eſt couverte de Vaiſſeaux.

1225 1122 852 102 PALEMON.

983 1228 1958 174 Ar l’ordre du grand Dieu des Eaux,

956 1382 1766 190 Je conduis ces riches Vaiſſeaux,

709 1558 1946 168 Qui voguent ſur l’Onde tranquille.

711 1717 1619 165 Les Peuples les plus éloignez,

712 1868 1957 170 Ont quitté pour vous leurs rivages;

271 2014 2318 172 Neptune les envoyé en ces lieux fortunez,

717 2172 1889 168 Vous preparer par leurs hommages

270 2322 2433 168 Aux ſuperbes honneurs qu’il vous a deſtinez.

981 2475 1334 148 CHOEUR des Peuples.

863 2619 1465 162 Ah! que Meduſe eſt belle!

268 2761 2599 177 Qu'elle eſt digne du Dieu qui ſoûpire pour elle!

1065 2932 1074 103 UNE NEREIDE.

699 3063 1819 165 L'Amour fait regner les Plaiſirs,

700 3216 1906 166 Où regnoit l’horreur des naufrages.

686 3369 1819 167 Les Vents qui cauſent les orages,

699 3521 1817 163 Font place aux aimables Zephirs.

694 3674 1832 162 L'Amour fait regner les Plaiſirs,

704 3820 1895 166 Où regnoit l’horreur des naufrages.

695 3977 1781 163 Le ſeul bruit des tendres ſoupirs,

696 4125 1716 169 Trouble la paix de ces rivages.

698 4282 1841 164 L'Amour fait regner les Plaiſirs,

701 4418 1891 184 Où regnoit l'horreur des naufrages.

612 4586 2070 157 Le Chœur repete, Ah! que Meduſe, &c.

2968 241 112 214 15

697 1241 272 326 P
