3854 5360
2908 299 84 93 13

1105 276 942 109 TRAGEDIE.

1218 470 734 99 MEDUSE.

506 599 1852 135 Aime Pallas, l’ambition est belle.

652 757 1600 159 Tandis que cette immortelle

504 905 2080 167 Triomphera des ſoûpirs que tu perds,

648 1063 2017 161 Le Dieu qui la hait & qui m'aime,

649 1216 1572 162 Ira dans ſon Temple meſme

219 1371 2438 166 Couronner mes appas aux yeux de l'Univers,

452 1879 2238 139 SCENE TROISIE'ME.

264 2112 2656 141 MEDUSE, MELANTE, ORPHISE.

1214 2340 733 99 MEDUSE.

357 2496 2634 166 L court au Temple & rien n'étonne ſon courage;

371 2666 2620 168 Mais s'il aime Minerve eſt-ce un ſi grand malheur?

647 2829 1920 165 D'où vient que je ſens cet outrage,

215 2983 2325 164 Avec tant dépit, de honte & de douleur?

208 3128 2782 171 Neptune aux yeux de tous viendra me rendre hõmage:

644 3297 1946 163 Un Dieu s'explique en ma faveur,

632 3436 1574 172 Je ſens ce ſuperbe avantage:

642 3599 1719 159 Cependant ſi ce grand honneur

215 3749 2374 166 Me venoit de Persée il plairoit davantage.

213 3958 320 67 A Melante.

217 4043 2096 162 Va cours a cet ingrat; tâche de retenir

373 4191 2097 169 Ce zele ardent qu'il a pour la Déeſſe.

1176 4360 834 99 MELANTE.

214 4487 2374 180 Que peut-on oppoſer à l'ardeur qui le preſſe?

201 2483 134 371 I
