3854 5610
741 329 112 93 34

1855 288 760 136 MEDUSE,

1886 520 650 116 MEDUSE.

1400 751 1909 185 O Ciel! que me reprochez-vous?

741 909 2957 203 Moy, j'aurois de l'amour pour l'Amant d'Iſmenie?

746 1075 2601 165 Le traître en ſoûtenant la beauté de Pallas,

1395 1243 1758 180 Soûpiroit pour d'autres appas;

1394 1401 1283 129 Il adore mon ennemie.

1393 1567 1703 174 Vous qui pouvez, les arrêter,

746 1709 2811 200 Vous laiſſez à ma haine échaper l'un & l'autre.

1815 1983 813 107 NEPTUNE.

728 2159 2967 183 Non, non, pour contenter ma vangeance & la vôtre,

883 2318 2491 194 J'ay briſé le Vaiſſeau qui les devoit porter.

1542 2484 1315 127 MEDUSE à ſa Suite.

735 2629 2967 187 Que ſont-ils devenus: vous, pour ſervir ma haine,

1060 2797 2105 182 Courez, voleZ, précipitez vos pas;

739 2957 2899 187 Amenez, promptement aux pieds de vôtre Reyne,

1384 3115 1761 186 Un cœur qui brave ſes appas.

1814 3287 796 107 NEPTUNE.

1382 3425 1773 176 De quoy s'embaraſſe Meduſe?

1379 3575 1654 197 Vôtre deſordre me ſurprend.

735 3739 2709 188 Regardez, les reſpects que Neptune vous rend,

720 3903 2699 188 Et mépriſez, l'encens qu'un mortel vous refuſe.

717 4057 2481 188 Le Maître ſouverain de ce vaſte élement;

1052 4231 2275 189 Le Dieu qui fait & calme les tempêtes,

721 4371 2679 183 S'eſt aux yeux de Pallas declaré vôtre amant;

1054 4551 2173 190 Et vous avez l'indigne empreſſement

1061 4707 1863 193 De faire de moindre conquêtes.
