3854 5610
754 362 115 67 20

1896 311 675 144 MEDUSE.

1913 509 623 106 PERSE’E.

754 698 2677 201 Pour Meduſe faut-il ſans ceſſe ſe contraindre?

1881 939 696 106 ISMENIE.

1075 1136 1997 182 Meduſe n'eſt pas ſeule à craindre:

1394 1304 1429 173 La ſage & ſevere Pallas

743 1442 2437 197 Du destin des Heros ſouveraine maîtreſſe

748 1624 2729 185 Veut regler vos deſirs & marquer tous vos pas:

1383 1786 1481 131 Elle condamne l'embarras

1380 1946 1775 169 De la folle & vaine tendreſſe,

725 2100 2377 183 Et s'offenſe de tout où la gloire n'eſt pas.

1890 2323 617 104 PERSE’E.

897 2517 2331 180 Ne craigneZ pas que Minerve s'offenſe

1378 2678 2069 177 De ces nœuds ſi beaux & ſi doux,

715 2832 2689 183 Que la gloire elle-même a formez entre nous:

1034 2996 1953 174 Sans la gloire & ſans l'innocence

1355 3158 1743 165 Peut-on eſtre bien avec vous?

1824 3377 722 104 ISMENIE.

946 3570 2243 181 Mais ſi Pallas un peu trop inhumaine

1353 3728 1869 175 Vouloit pour briſer noſtre chaîne

946 3886 2209 179 A ſes Autels pour jamais m'attacher.

1856 4051 604 112 PERSE’E.

667 4184 2441 187 Je renonce à Pallas ſi ſa rigueur extrême

1350 4360 1542 163 Me ravit un treſor ſi cher;

957 4510 2149 191 Et nul reſpect ne ſçauroit m'empêcher

694 4666 2557 196 De l'enlever des mains de la Deeſſe meſme.
