4267 7896
1224 552 1423 244 TRAGEDIE.

3266 598 237 277 155

207 851 2838 186 Dans le ſang d'un Enfant je me baigne à loiſir?

207 1029 3156 174 Non, Seigneur. Que les Grecs cherchent quelque

421 1214 815 140 autre Proye,

212 1351 2936 174 Qu'ils pourſuivent ailleurs ce qui reſte de Troye,

212 1516 2288 159 De mes inimitiez le cours eſt achevé,

216 1682 2372 167 L’Epire ſauvera ce que Troye a ſauvé.

1444 1860 820 131 ORESTE.

206 2011 2875 172 Seigneur, vous ſçavez trop, avec quel artifice

212 2174 2303 169 Un faux Aſtyanax fut offert au Suplice

221 2340 2680 143 Où le ſeul Fils d’Hector devoit eſtre conduit.

231 2503 3282 176 Ce n’eſt pas les Troyens, c'eſt Hector qu’on pour¬

535 2678 246 130 ſuit.

221 2836 2684 165 Oüy, les Grecs ſur le Fils perſecutent le Pere.

221 3000 2373 171 Il a par trop de ſang acheté leur colere.

226 3164 2690 171 Ce n’eſt que dans le ſien qu’elle peut expirer,

222 3330 2416 169 Et juſques dans l'Epire il les peut attirer.

216 3500 798 137 Prevenez les.

1500 3670 958 131 PYRRHUS.

906 3830 2097 162 Non, non. J’y conſens avec joye.

217 3983 3024 174 Qu'ils cherchent dans l'Epire une ſeconde Troye.

221 4147 3282 180 Qu'ils confondent leur haine, & ne diſtinguent plus

217 4321 2976 174 Le ſang qui les fit vaincre, & celuy des Vaincus.

211 4484 2706 167 Auſſi bien ce n’eſt pas la premiere injuſtice,

221 4646 2562 179 Dont la Gréce, d’Achille a payé le ſervice.

221 4815 2819 206 Hector en profita, Seigneur, & quelque jour.

216 4982 2742 167 Son Fils en pourroit bien profiter à ſon tour.

1480 5160 830 127 ORESTE.

216 5299 2958 156 Ainſi la Gréce en vous trouve un Enfant rebelle?

1420 5490 936 127 PYRRHUS.

226 5629 3061 192 Et je n’ay dont vaincu que pour dépendre d’elle?

1461 5824 812 121 ORESTE.

221 5978 2732 173 Hermione, Seigneur, arreſtera vos coups;

221 6142 2696 177 Ses yeux s’oppoſeront entre ſon Pere & vous.

1415 6318 952 125 PYRRHUS.

215 6445 3145 204 Hermione, Seigneur, peut m’eſtre toujours chere.
