4267 7638
929 585 281 242 154

1700 541 1732 286 ANDROMAQUE

933 858 3154 238 Ouy, Seigneur, lors qu’au pié des murs fumans de

1241 1034 434 153 Troye,

928 1180 3163 231 Les Vainqueurs tout ſanglans partagerent leurs

1152 1349 422 153 Proye,

929 1498 2908 205 Le Sort, dont les arreſts furent alors ſuivis,

939 1656 2952 213 Fit tomber en mes mains Andromaque & ſon Fils.

928 1808 2413 203 Hécube, pres d'Ulyſſe, acheva ſa miſere;

934 1970 2688 215 Caſſandre, dans Argos, a ſuivy voſtre Pere.

923 2134 3149 214 Sur eux, ſur leurs Captifs, ay-je étendu mes droits?

925 2290 2618 202 Ay-je enfin diſpoſé du fruit de leurs Exploits?

928 2456 3139 212 On craint, qu’avec Hector Troye un jour ne re¬

1243 2613 406 134 naiſſe:

924 2770 2760 206 Son Fils peut me ravir le jour que je luy laiſſe.

919 2932 3028 201 Seigneur, tant de prudence entraiſne trop de ſoin.

925 3088 2694 197 Je ne ſçay point prévoir les malheurs de ſi loin.

930 3244 2578 204 Je ſonge quelle eſtoit autrefois cette Ville,

924 3396 2624 207 Si ſuperbe en Rampars, en Héros ſi fertile,

929 3560 2381 211 Maiſtreſſe de l'Aſie, & je regarde enfin

925 3716 3036 219 Quel fut le Sort de Troye, & quel eſt ſon Deſtin.

920 3890 3060 203 Je ne voy que des Tours, que la cendre a couvertes,

918 4042 3028 213 Un Fleuve teint de ſang, des Campagnes deſertes,

917 4200 2705 208 Un Enfant dans les fers, & je ne puis ſonger

923 4362 2542 203 Que Troye en cet eſtat aſpire à ſe vanger.

924 4520 2679 205 Ah! ſi du Fils d’Hector la perte eſtoit jurée,

924 4674 2908 207 Pourquoy d'un an entier l'avons-nous différée?

916 4836 2686 201 Dans le ſein de Priam n'a-t'on pû l'immoler?

915 4998 3046 205 Sous tant de Morts, ſous Troye il falloit l'accabler.

919 5156 2838 204 Tout eſtoit juſte alors. La Vieilleſſe & l'Enfance

928 5318 2874 201 En vain ſur leur foibleſſe appuyoient leur defance.

914 5480 2814 203 La Victoire & la Nuit, plus cruelles que nous,

919 5640 3146 191 Nous excitoient au meurtre, & confondoient nos

1129 5839 386 122 coups.

930 5954 2872 207 Mon courroux aux vaincus ne fut que trop ſevere.

934 6116 2560 200 Mais que ma Cruauté ſurvive à ma Colere?

929 6276 2470 204 Que malgré la pitié dont je me ſens ſaiſir,
