4267 7647
707 656 287 325 148

1377 656 1843 268 ANDROMAQUE.

711 958 3099 192 Preſque aux yeux de l’Epire, écarta nos Vaiſſeaux.

716 1111 2995 189 Combien dans cét exil ay-je ſouffert d’allarmes?

716 1273 3025 183 Combien à vos mal-heurs ay-je donné de larmes?

723 1435 3191 189 Craignant toûjours pour vous quelque nouveau dan¬

867 1663 195 122 ger

712 1755 2572 185 Que ma triſte amitié ne pouvoit partager.

712 1912 2257 180 Sur tout je redoutois cette Mélancolie

707 2062 2920 202 Où j'ay vû ſi long-temps voſtre ame enſevelie.

701 2220 2885 196 Je craignois que le Ciel, par un cruel ſecours,

716 2377 3210 195 Ne vous offriſt la mort, que vous cherchiez toujours.

712 2539 2819 193 Mais je vous voy, Seigneur, & ſi j’oſe le dire,

707 2700 2930 186 Un Deſtin plus heureux vous conduit en Epire.

707 2865 2445 181 Le pompeux appareil qui ſuit ici vos pas,

712 3009 3184 197 N’eſt point d’un Mal-heureux qui cherche le trépas.

1796 3195 869 127 ORESTE.

705 3331 3002 197 Helas! qui peut ſçavoir le Deſtin qui m’ameine?

707 3489 2839 189 L’Amour me fait icy chercher une Inhumaine.

711 3653 3071 195 Mais qui ſçait ce qu’il doit ordonner de mon Sort,

712 3820 2672 182 Et ſi je viens chercher, ou la vie, ou la mort?

1956 3984 805 132 PYLADE.

711 4118 3116 196 Quoy! voſtre ame à l’Amour, en Eſclave aſſervie,

697 4289 2377 187 Se repoſe ſur luy du ſoin de voſtre vie?

716 4443 3194 197 Par quels charmes, apres tant de tourmens ſouf¬

856 4642 331 141 ferts,

717 4763 2575 157 Peut-il vous inviter à rentrer dans ſes fers?

711 4926 2897 182 Penſez-vous qu’Hermione, à Sparte inéxorable,

712 5078 2896 188 Vous prépare en Epire un Sort plus favorable?

706 5232 2895 186 Houteux d’avoir pouſſé tant de vœux ſuperflus,

707 5389 3194 193 Vous l’abhorriez. Enfin, vous ne m’en parliez plus.

695 5573 1845 167 Vous me trompiez, Seigneur.

1897 5733 823 126 ORESTE.

2086 5874 1799 173 Je me trompois moy-meſme.

702 6027 2999 195 Amy, n’accable point un Mal-heureux qui t’aime.

697 6186 2902 198 T’ay-je jamais caché mon cœur & mes deſirs?

701 6346 2945 190 Tu vis naiſtre ma flâme & mes premiers ſoûpirs.
