4267 7925
1081 729 1344 150 TRAGEDIE.

3113 780 228 156 157

871 1869 1660 194 SCENE IV

58 2223 3251 213 PYRRHUS, ANDROMAQUE.

1138 2437 1088 150 CEPHISE.

1198 2797 976 138 PYRRHUS.

878 2932 343 337 M

1268 3070 1856 225 E cherchiez-vous, Madame?

16 3276 2648 170 Un eſpoir ſi charmant me ſeroit-il permis?

898 3452 1580 146 ANDROMAQUE.

15 3610 3083 173 Je paſſois juſqu’aux lieux, où l’on garde mon Fils.

27 3774 2900 175 Puis qu’une fois le jour vous ſouffrez que je yoye

15 3940 3144 179 Le ſeul bien qui me reſte, & d’Hector & de Troye,

11 4108 3014 173 J'allois, Seigneur, pleurer un moment avec luy,

10 4274 2965 171 Je ne l’ay point encore embraſſé d’aujourd’huy.

1162 4446 1008 132 PYRRHUS.

16 4598 3306 171 Ah, Madame! Les Grecs, ſi j’en çroy leurs allar¬

336 4809 316 110 mes,

15 4928 3181 167 Vous donneront bien-toſt d’autres ſujets de larmes.

867 5102 1616 156 ANDROMAQUE.

21 5248 3096 175 Et quelle eſt cette peur dont leur Cœur eſt frappé,

10 5418 3019 185 Seigneur? Quelque Troyen vous eſt-il échappé?

1172 5602 980 122 PYRRHUS.

10 5744 2964 177 Leur haine pour Hector n’eſt pas encore éteinte.

22 5918 1398 140 Ils redoutent ſon Fils.

870 6092 1600 142 ANDROMAQUE.

1413 6240 1769 181 Digne Objet de leur crainte!

21 6404 2910 183 Un Enfant malheureux, qui ne ſçait pas encor

27 6564 3276 191 Que Pyrrhus est ſon Maître, & qu'il eſt Fils d'Hector.
