4267 7683
839 557 262 224 156

1505 518 1813 269 ANDROMAQUE.

834 834 2675 203 Ie puis l’aimer, ſans eſtre Eſclave de ſon Pere.

835 996 2583 201 Et je ſçauray peut-eſtre accorder en ce jour

830 1164 3080 214 Les ſoins de ma grandeur, & ceux de mon amour.

835 1326 2775 186 Vous pouvez cependant voir la Fille d’Helene.

826 1483 2724 198 Du ſang qui vous unit je ſçay l’étroite chaîne.

834 1645 2710 194 Apres cela, Seigneur, je ne vous retiens plus,

835 1811 2974 186 Et vous pourrez aux Grecs annoncer mon refus.

1561 2614 1644 204 SCENE. III.

1154 2987 2576 207 PYRRHUS, PHOENIX.

1926 3350 974 156 PHOENIX.

1159 3489 2813 282 Inſi vous renvoyez aux pieds de ſa Mai¬

813 3534 256 320 A

1447 3681 455 179 ſtreſſe?

1896 3888 1027 141 PYRRHUS.

815 4034 3079 200 On dit qu’il a long-temps bruſlé pour la Princeſſe.

1930 4216 983 137 PHOENIX.

811 4353 2723 195 Mais ſi ce feu, Seigneur, vient à ſe rallumer,

806 4516 2973 194 S’il luy rendoit ſon Cœur, s’il s’en faiſoit aimer!

1927 4697 987 137 PYRRHUS.

810 4831 3180 216 Ah! qu'ils s’aiment, Phœnix, j’y conſens. Qu'elle

1125 5039 353 119 parte.

808 5153 3163 204 Que charmez l'un de l’autre, ils retournent à Sparte.

804 5311 3164 212 Tous nos Ports ſont ouverts & pour elle & pour luy.

803 5474 2891 200 Qu’elle m’épargneroit de contrainte & d’ennuy!

1906 5654 992 145 PHOENIX.

806 5801 848 162 Seigneur....

1910 5974 959 127 PYRRHUS.

1328 6118 2396 200 Une autre fois je t'ouvriray mon Ame,

813 6269 1290 181 Andromaque paroiſt.
