<?xml version="1.0" encoding="UTF-8"?>
<alto xmlns:xsi="http://www.w3.org/2001/XMLSchema-instance"
      xmlns="http://www.loc.gov/standards/alto/ns-v4#"
      xsi:schemaLocation="http://www.loc.gov/standards/alto/ns-v4# https://gitlab.inria.fr/scripta/escriptorium/-/raw/develop/app/escriptorium/static/alto-4-1-baselines.xsd">
  <Description>
    <MeasurementUnit>pixel</MeasurementUnit>
    <sourceImageInformation>
      <fileName>Racine1676_Oeuvres1_cb31168676r_corrected_0173.png</fileName>
    </sourceImageInformation>
  </Description>
  
  <Tags>
    <OtherTag ID="BT1" LABEL="Title" DESCRIPTION="block type Title"/><OtherTag ID="BT2" LABEL="Main" DESCRIPTION="block type Main"/><OtherTag ID="BT425" LABEL="Damage" DESCRIPTION="block type Damage"/><OtherTag ID="BT426" LABEL="Decoration" DESCRIPTION="block type Decoration"/><OtherTag ID="BT427" LABEL="DropCapital" DESCRIPTION="block type DropCapital"/><OtherTag ID="BT428" LABEL="Figure" DESCRIPTION="block type Figure"/><OtherTag ID="BT429" LABEL="Margin" DESCRIPTION="block type Margin"/><OtherTag ID="BT430" LABEL="Numbering" DESCRIPTION="block type Numbering"/><OtherTag ID="BT432" LABEL="MusicNotation" DESCRIPTION="block type MusicNotation"/><OtherTag ID="BT433" LABEL="RunningTitle" DESCRIPTION="block type RunningTitle"/><OtherTag ID="BT434" LABEL="Seal" DESCRIPTION="block type Seal"/><OtherTag ID="BT435" LABEL="Stamp" DESCRIPTION="block type Stamp"/><OtherTag ID="BT437" LABEL="Table" DESCRIPTION="block type Table"/><OtherTag ID="BT447" LABEL="Signatures" DESCRIPTION="block type Signatures"/>
    <OtherTag ID="LT159" LABEL="Default" DESCRIPTION="line type Default"/><OtherTag ID="LT160" LABEL="DropCapitalLine" DESCRIPTION="line type DropCapitalLine"/><OtherTag ID="LT161" LABEL="Interlinear" DESCRIPTION="line type Interlinear"/><OtherTag ID="LT162" LABEL="MusicLine" DESCRIPTION="line type MusicLine"/><OtherTag ID="LT163" LABEL="Rubric" DESCRIPTION="line type Rubric"/>
  </Tags>
  
  <Layout>
    <Page WIDTH="4267"
          HEIGHT="7849"
          PHYSICAL_IMG_NR="8"
          ID="eSc_dummypage_">
      <PrintSpace HPOS="0"
                  VPOS="0"
                  WIDTH="4267"
                  HEIGHT="7849">
        
        <TextBlock HPOS="1115"
                   VPOS="563"
                   WIDTH="1450"
                   HEIGHT="204"
                   ID="eSc_textblock_745ade05"
                   TAGREFS="BT433">
          <Shape><Polygon POINTS="1115 563 1115 767 2565 767 2565 563"/></Shape>
          
          
          <TextLine ID="tl_1"
                    TAGREFS="LT159"
                    BASELINE="1174 717 2471 721 2565 722" 
                    HPOS="1171"
                    VPOS="503"
                    WIDTH="1387"
                    HEIGHT="249">
            <Shape><Polygon POINTS="1171 712 1184 536 1315 503 1426 529 1524 503 1596 542 1753 549 2166 503 2212 536 2284 510 2329 555 2545 555 2558 719 2499 752 2179 726 2146 752 2041 726 1858 726 1832 752 1747 726 1537 752 1485 726 1387 752 1289 726 1263 752 1178 726"/></Shape>
	    <String CONTENT="TRAGEDIE."
                    HPOS="1171"
                    VPOS="503"
                    WIDTH="1387"
                    HEIGHT="249"></String>
          </TextLine>

          
        </TextBlock>
        
        <TextBlock HPOS="3344"
                   VPOS="599"
                   WIDTH="288"
                   HEIGHT="204"
                   ID="eSc_textblock_2e1e783f"
                   TAGREFS="BT430">
          <Shape><Polygon POINTS="3344 599 3344 803 3632 803 3632 599"/></Shape>
          
          
          <TextLine ID="eSc_line_7490198d"
                    TAGREFS="LT159"
                    BASELINE="3356 732 3436 733 3588 748" 
                    HPOS="3350"
                    VPOS="529"
                    WIDTH="236"
                    HEIGHT="288">
            <Shape><Polygon POINTS="3350 726 3376 536 3435 529 3494 575 3579 569 3586 745 3560 817 3501 791 3429 811 3357 771"/></Shape>
	    <String CONTENT="151"
                    HPOS="3350"
                    VPOS="529"
                    WIDTH="236"
                    HEIGHT="288"></String>
          </TextLine>

          
        </TextBlock>
        
        <TextBlock HPOS="240"
                   VPOS="779"
                   WIDTH="3368"
                   HEIGHT="5849"
                   ID="eSc_textblock_b6c920ce"
                   TAGREFS="BT2">
          <Shape><Polygon POINTS="264 779 240 6628 3608 6593 3608 779"/></Shape>
          
          
          <TextLine ID="tl_2"
                    TAGREFS="LT159"
                    BASELINE="312 942 867 931 1101 931 1499 932 1590 967 2234 972 2369 943 2783 942 2931 947 3532 987" 
                    HPOS="312"
                    VPOS="787"
                    WIDTH="3221"
                    HEIGHT="208">
            <Shape><Polygon POINTS="312 787 3533 787 3533 995 312 995"/></Shape>
	    <String CONTENT="Qu&#39;entre vos mains, Seigneur, il voulut la remettre."
                    HPOS="312"
                    VPOS="787"
                    WIDTH="3221"
                    HEIGHT="208"></String>
          </TextLine>

          
          
          <TextLine ID="tl_3"
                    TAGREFS="LT159"
                    BASELINE="317 1102 655 1126 901 1096 1075 1095 1218 1096 1779 1100 1949 1100 2052 1100 2552 1106 2893 1131" 
                    HPOS="316"
                    VPOS="969"
                    WIDTH="2578"
                    HEIGHT="194">
            <Shape><Polygon POINTS="316 969 2894 969 2894 1163 316 1163"/></Shape>
	    <String CONTENT="Non, que de ſa Conqueſte il paroiſſe flaté."
                    HPOS="316"
                    VPOS="969"
                    WIDTH="2578"
                    HEIGHT="194"></String>
          </TextLine>

          
          
          <TextLine ID="tl_4"
                    TAGREFS="LT159"
                    BASELINE="318 1264 620 1254 752 1259 1166 1260 1764 1264 1960 1264 2244 1274 2484 1270 2940 1299" 
                    HPOS="317"
                    VPOS="1133"
                    WIDTH="2623"
                    HEIGHT="166">
            <Shape><Polygon POINTS="317 1133 2940 1133 2940 1299 317 1299"/></Shape>
	    <String CONTENT="Pour la Veuve d’Hector ſes feux ont éclaté."
                    HPOS="317"
                    VPOS="1133"
                    WIDTH="2623"
                    HEIGHT="166"></String>
          </TextLine>

          
          
          <TextLine ID="tl_5"
                    TAGREFS="LT159"
                    BASELINE="312 1418 417 1422 866 1443 1305 1427 1663 1427 1973 1432 2393 1433 3115 1452" 
                    HPOS="312"
                    VPOS="1295"
                    WIDTH="2803"
                    HEIGHT="165">
            <Shape><Polygon POINTS="312 1295 3115 1295 3115 1460 312 1460"/></Shape>
	    <String CONTENT="Il l&#39;aime. Mais enfin cette Veuve inhumaine"
                    HPOS="312"
                    VPOS="1295"
                    WIDTH="2803"
                    HEIGHT="165"></String>
          </TextLine>

          
          
          <TextLine ID="tl_6"
                    TAGREFS="LT159"
                    BASELINE="317 1590 550 1585 882 1585 1674 1591 2112 1597 2378 1597 2536 1600 2920 1613 3011 1638" 
                    HPOS="317"
                    VPOS="1461"
                    WIDTH="2695"
                    HEIGHT="191">
            <Shape><Polygon POINTS="317 1461 3012 1461 3012 1652 317 1652"/></Shape>
	    <String CONTENT="N&#39;a payé juſqu’icy ſon amour que de haine,"
                    HPOS="317"
                    VPOS="1461"
                    WIDTH="2695"
                    HEIGHT="191"></String>
          </TextLine>

          
          
          <TextLine ID="tl_7"
                    TAGREFS="LT159"
                    BASELINE="322 1750 456 1744 932 1750 1212 1760 1658 1759 1852 1759 2072 1800 2342 1761 2612 1769 3088 1810" 
                    HPOS="321"
                    VPOS="1633"
                    WIDTH="2768"
                    HEIGHT="185">
            <Shape><Polygon POINTS="321 1633 3089 1633 3089 1818 321 1818"/></Shape>
	    <String CONTENT="Et chaque jour encore on luy voit tout tenter,"
                    HPOS="321"
                    VPOS="1633"
                    WIDTH="2768"
                    HEIGHT="185"></String>
          </TextLine>

          
          
          <TextLine ID="tl_8"
                    TAGREFS="LT159"
                    BASELINE="323 1914 625 1912 1033 1917 1171 1918 1725 1944 1933 1923 2261 1928 3109 1964" 
                    HPOS="322"
                    VPOS="1793"
                    WIDTH="2787"
                    HEIGHT="181">
            <Shape><Polygon POINTS="322 1793 3109 1793 3109 1974 322 1974"/></Shape>
	    <String CONTENT="Pour flechir ſa Captive, ou pour l&#39;épouvanter."
                    HPOS="322"
                    VPOS="1793"
                    WIDTH="2787"
                    HEIGHT="181"></String>
          </TextLine>

          
          
          <TextLine ID="tl_9"
                    TAGREFS="LT159"
                    BASELINE="321 2076 422 2076 656 2124 1034 2083 1270 2086 1520 2082 1618 2117 1776 2086 2154 2087 2312 2092 2454 2091 2817 2132" 
                    HPOS="321"
                    VPOS="1947"
                    WIDTH="2497"
                    HEIGHT="193">
            <Shape><Polygon POINTS="321 1947 2818 1947 2818 2140 321 2140"/></Shape>
	    <String CONTENT="Il luy cache ſon Fils, il menaſſe ſa teſte,"
                    HPOS="321"
                    VPOS="1947"
                    WIDTH="2497"
                    HEIGHT="193"></String>
          </TextLine>

          
          
          <TextLine ID="tl_10"
                    TAGREFS="LT159"
                    BASELINE="328 2246 467 2238 693 2240 1101 2249 1321 2245 1713 2250 1796 2280 2593 2254 2705 2261 3200 2291" 
                    HPOS="328"
                    VPOS="2119"
                    WIDTH="2873"
                    HEIGHT="192">
            <Shape><Polygon POINTS="328 2119 3201 2119 3201 2311 328 2311"/></Shape>
	    <String CONTENT="Et fait couler des pleurs, qu’auſſi-toſt il arreſte."
                    HPOS="328"
                    VPOS="2119"
                    WIDTH="2873"
                    HEIGHT="192"></String>
          </TextLine>

          
          
          <TextLine ID="tl_11"
                    TAGREFS="LT159"
                    BASELINE="323 2404 967 2408 1709 2414 1801 2414 2051 2414 2357 2419 2525 2424 2801 2428 3053 2438" 
                    HPOS="323"
                    VPOS="2285"
                    WIDTH="2731"
                    HEIGHT="181">
            <Shape><Polygon POINTS="323 2285 3054 2285 3054 2466 323 2466"/></Shape>
	    <String CONTENT="Hermione elle-meſme a veu plus de cent fois"
                    HPOS="323"
                    VPOS="2285"
                    WIDTH="2731"
                    HEIGHT="181"></String>
          </TextLine>

          
          
          <TextLine ID="tl_12"
                    TAGREFS="LT159"
                    BASELINE="332 2572 554 2567 1020 2573 1360 2571 1842 2577 2132 2577 2316 2582 2658 2617" 
                    HPOS="331"
                    VPOS="2455"
                    WIDTH="2327"
                    HEIGHT="162">
            <Shape><Polygon POINTS="331 2455 2658 2455 2658 2617 331 2617"/></Shape>
	    <String CONTENT="Cet Amant irrité revenir ſous ſes loix,"
                    HPOS="331"
                    VPOS="2455"
                    WIDTH="2327"
                    HEIGHT="162"></String>
          </TextLine>

          
          
          <TextLine ID="tl_13"
                    TAGREFS="LT159"
                    BASELINE="328 2736 467 2730 645 2736 821 2731 1213 2740 1755 2736 1963 2788 2669 2745 3389 2766 3477 2801" 
                    HPOS="328"
                    VPOS="2613"
                    WIDTH="3149"
                    HEIGHT="204">
            <Shape><Polygon POINTS="328 2613 3477 2613 3477 2817 328 2817"/></Shape>
	    <String CONTENT="Et de ſes vœux troublez luy rapportant l’hommage,"
                    HPOS="328"
                    VPOS="2613"
                    WIDTH="3149"
                    HEIGHT="204"></String>
          </TextLine>

          
          
          <TextLine ID="tl_14"
                    TAGREFS="LT159"
                    BASELINE="317 2898 856 2899 958 2898 1146 2904 1490 2904 1904 2903 2474 2910 2714 2919 2894 2919 3247 2945" 
                    HPOS="317"
                    VPOS="2781"
                    WIDTH="2931"
                    HEIGHT="190">
            <Shape><Polygon POINTS="317 2781 3248 2781 3248 2971 317 2971"/></Shape>
	    <String CONTENT="Soupirer à ſes pieds moins d&#39;amour que de rage."
                    HPOS="317"
                    VPOS="2781"
                    WIDTH="2931"
                    HEIGHT="190"></String>
          </TextLine>

          
          
          <TextLine ID="tl_15"
                    TAGREFS="LT159"
                    BASELINE="328 3062 641 3058 1305 3063 1622 3099 1912 3067 2168 3073 3298 3134" 
                    HPOS="328"
                    VPOS="2937"
                    WIDTH="2971"
                    HEIGHT="197">
            <Shape><Polygon POINTS="328 2937 3299 2937 3299 3134 328 3134"/></Shape>
	    <String CONTENT="Ainſi n&#39;attendez pas, que l’on puiſſe aujourd’huy"
                    HPOS="328"
                    VPOS="2937"
                    WIDTH="2971"
                    HEIGHT="197"></String>
          </TextLine>

          
          
          <TextLine ID="tl_16"
                    TAGREFS="LT159"
                    BASELINE="327 3230 641 3222 1253 3230 1559 3231 2055 3266 2190 3235 2429 3241 2919 3251 3099 3252 3349 3272" 
                    HPOS="326"
                    VPOS="3103"
                    WIDTH="3024"
                    HEIGHT="195">
            <Shape><Polygon POINTS="326 3103 3350 3103 3350 3298 326 3298"/></Shape>
	    <String CONTENT="Vous répondre d&#39;un Cœur, ſi peu maiſtre de luy."
                    HPOS="326"
                    VPOS="3103"
                    WIDTH="3024"
                    HEIGHT="195"></String>
          </TextLine>

          
          
          <TextLine ID="tl_17"
                    TAGREFS="LT159"
                    BASELINE="328 3384 432 3390 752 3389 866 3425 1530 3394 1632 3431 1796 3400 2112 3399 2438 3405 2622 3415 3186 3425 3580 3400" 
                    HPOS="327"
                    VPOS="3271"
                    WIDTH="3253"
                    HEIGHT="193">
            <Shape><Polygon POINTS="327 3271 3580 3271 3580 3464 327 3464"/></Shape>
	    <String CONTENT="Il peut, Seigneur, il peut dans ce deſordre extré¬"
                    HPOS="327"
                    VPOS="3271"
                    WIDTH="3253"
                    HEIGHT="193"></String>
          </TextLine>

          
          
          <TextLine ID="tl_18"
                    TAGREFS="LT159"
                    BASELINE="484 3553 677 3558 762 3585" 
                    HPOS="484"
                    VPOS="3479"
                    WIDTH="279"
                    HEIGHT="106">
            <Shape><Polygon POINTS="484 3479 763 3479 763 3585 484 3585"/></Shape>
	    <String CONTENT="me,"
                    HPOS="484"
                    VPOS="3479"
                    WIDTH="279"
                    HEIGHT="106"></String>
          </TextLine>

          
          
          <TextLine ID="tl_19"
                    TAGREFS="LT159"
                    BASELINE="343 3728 820 3721 1014 3721 1310 3723 1560 3723 1704 3726 2128 3731 2275 3736 2558 3742 2919 3763" 
                    HPOS="343"
                    VPOS="3596"
                    WIDTH="2577"
                    HEIGHT="191">
            <Shape><Polygon POINTS="343 3596 2920 3596 2920 3787 343 3787"/></Shape>
	    <String CONTENT="Epouſer ce qu’il hait &amp; perdre ce qu’il aime."
                    HPOS="343"
                    VPOS="3596"
                    WIDTH="2577"
                    HEIGHT="191"></String>
          </TextLine>

          
          
          <TextLine ID="tl_20"
                    TAGREFS="LT159"
                    BASELINE="1584 3886 1693 3886 2424 3921" 
                    HPOS="1584"
                    VPOS="3781"
                    WIDTH="841"
                    HEIGHT="140">
            <Shape><Polygon POINTS="1584 3781 2425 3781 2425 3921 1584 3921"/></Shape>
	    <String CONTENT="ORESTE."
                    HPOS="1584"
                    VPOS="3781"
                    WIDTH="841"
                    HEIGHT="140"></String>
          </TextLine>

          
          
          <TextLine ID="tl_21"
                    TAGREFS="LT159"
                    BASELINE="333 4048 631 4044 1157 4090 1243 4068 1457 4044 1735 4048 1973 4054 2649 4063 2929 4059 3201 4073" 
                    HPOS="332"
                    VPOS="3921"
                    WIDTH="2869"
                    HEIGHT="188">
            <Shape><Polygon POINTS="332 3921 3201 3921 3201 4109 332 4109"/></Shape>
	    <String CONTENT="Mais dy-moy, de quel œil Hermione peut voir"
                    HPOS="332"
                    VPOS="3921"
                    WIDTH="2869"
                    HEIGHT="188"></String>
          </TextLine>

          
          
          <TextLine ID="tl_22"
                    TAGREFS="LT159"
                    BASELINE="321 4212 580 4211 1050 4213 1539 4243 1744 4212 2286 4222 2548 4228 3109 4258" 
                    HPOS="321"
                    VPOS="4075"
                    WIDTH="2789"
                    HEIGHT="197">
            <Shape><Polygon POINTS="321 4075 3110 4075 3110 4272 321 4272"/></Shape>
	    <String CONTENT="Son hymen differé, ſes charmes ſans pouvoir."
                    HPOS="321"
                    VPOS="4075"
                    WIDTH="2789"
                    HEIGHT="197"></String>
          </TextLine>

          
          
          <TextLine ID="tl_23"
                    TAGREFS="LT159"
                    BASELINE="1534 4377 2334 4413" 
                    HPOS="1534"
                    VPOS="4272"
                    WIDTH="801"
                    HEIGHT="141">
            <Shape><Polygon POINTS="1534 4272 2335 4272 2335 4413 1534 4413"/></Shape>
	    <String CONTENT="PYLADE."
                    HPOS="1534"
                    VPOS="4272"
                    WIDTH="801"
                    HEIGHT="141"></String>
          </TextLine>

          
          
          <TextLine ID="tl_24"
                    TAGREFS="LT159"
                    BASELINE="327 4538 1009 4575 1651 4569 1841 4545 2275 4550 2461 4555 3119 4560 3206 4591" 
                    HPOS="326"
                    VPOS="4413"
                    WIDTH="2880"
                    HEIGHT="192">
            <Shape><Polygon POINTS="326 4413 3206 4413 3206 4605 326 4605"/></Shape>
	    <String CONTENT="Hermione, Seigneur, au moins en apparance,"
                    HPOS="326"
                    VPOS="4413"
                    WIDTH="2880"
                    HEIGHT="192"></String>
          </TextLine>

          
          
          <TextLine ID="tl_25"
                    TAGREFS="LT159"
                    BASELINE="332 4708 784 4703 952 4708 1178 4708 1642 4707 2276 4712 3114 4722 3192 4759" 
                    HPOS="331"
                    VPOS="4579"
                    WIDTH="2861"
                    HEIGHT="188">
            <Shape><Polygon POINTS="331 4579 3192 4579 3192 4767 331 4767"/></Shape>
	    <String CONTENT="Semble de ſon Amant dédaigner l’inconſtance,"
                    HPOS="331"
                    VPOS="4579"
                    WIDTH="2861"
                    HEIGHT="188"></String>
          </TextLine>

          
          
          <TextLine ID="tl_26"
                    TAGREFS="LT159"
                    BASELINE="338 4868 477 4861 789 4867 1029 4873 1319 4913 1837 4873 2019 4876 2439 4887 2577 4882 3138 4919" 
                    HPOS="338"
                    VPOS="4743"
                    WIDTH="2801"
                    HEIGHT="192">
            <Shape><Polygon POINTS="338 4743 3139 4743 3139 4935 338 4935"/></Shape>
	    <String CONTENT="Et croit que trop heureux de flechir ſa rigueur,"
                    HPOS="338"
                    VPOS="4743"
                    WIDTH="2801"
                    HEIGHT="192"></String>
          </TextLine>

          
          
          <TextLine ID="tl_27"
                    TAGREFS="LT159"
                    BASELINE="331 5030 432 5030 574 5029 1070 5035 1490 5034 1658 5035 2286 5044 2526 5046 3001 5072" 
                    HPOS="331"
                    VPOS="4909"
                    WIDTH="2671"
                    HEIGHT="181">
            <Shape><Polygon POINTS="331 4909 3002 4909 3002 5090 331 5090"/></Shape>
	    <String CONTENT="Il la viendra preſſer de reprendre ſon Cœur."
                    HPOS="331"
                    VPOS="4909"
                    WIDTH="2671"
                    HEIGHT="181"></String>
          </TextLine>

          
          
          <TextLine ID="tl_28"
                    TAGREFS="LT159"
                    BASELINE="342 5201 650 5194 788 5199 1028 5245 1340 5203 1678 5200 1898 5203 2356 5209 2530 5214 3006 5240" 
                    HPOS="342"
                    VPOS="5070"
                    WIDTH="2665"
                    HEIGHT="190">
            <Shape><Polygon POINTS="342 5070 3007 5070 3007 5260 342 5260"/></Shape>
	    <String CONTENT="Mais je l’ay veuë enfin me confier ſes larmes."
                    HPOS="342"
                    VPOS="5070"
                    WIDTH="2665"
                    HEIGHT="190"></String>
          </TextLine>

          
          
          <TextLine ID="tl_29"
                    TAGREFS="LT159"
                    BASELINE="333 5362 559 5357 957 5366 1171 5368 1545 5363 1683 5362 2139 5371 2327 5372 2505 5372 3103 5398" 
                    HPOS="332"
                    VPOS="5237"
                    WIDTH="2771"
                    HEIGHT="179">
            <Shape><Polygon POINTS="332 5237 3103 5237 3103 5416 332 5416"/></Shape>
	    <String CONTENT="Elle pleure en ſecret le mépris de ſes charmes."
                    HPOS="332"
                    VPOS="5237"
                    WIDTH="2771"
                    HEIGHT="179"></String>
          </TextLine>

          
          
          <TextLine ID="tl_30"
                    TAGREFS="LT159"
                    BASELINE="331 5530 900 5530 1422 5530 1842 5531 1928 5561 2102 5535 2822 5546 3344 5540 3424 5535" 
                    HPOS="331"
                    VPOS="5393"
                    WIDTH="3093"
                    HEIGHT="202">
            <Shape><Polygon POINTS="331 5393 3424 5393 3424 5595 331 5595"/></Shape>
	    <String CONTENT="Toujours preſte à partir, &amp; demeurant toujours,"
                    HPOS="331"
                    VPOS="5393"
                    WIDTH="3093"
                    HEIGHT="202"></String>
          </TextLine>

          
          
          <TextLine ID="tl_31"
                    TAGREFS="LT159"
                    BASELINE="336 5717 1075 5693 1301 5699 1759 5694 2203 5706 3042 5730" 
                    HPOS="336"
                    VPOS="5568"
                    WIDTH="2707"
                    HEIGHT="168">
            <Shape><Polygon POINTS="336 5568 3043 5568 3043 5736 336 5736"/></Shape>
	    <String CONTENT="Quelquefois elle appelle Oreſte à ſon ſecours."
                    HPOS="336"
                    VPOS="5568"
                    WIDTH="2707"
                    HEIGHT="168"></String>
          </TextLine>

          
          
          <TextLine ID="tl_32"
                    TAGREFS="LT159"
                    BASELINE="1539 5863 1648 5863 2373 5889" 
                    HPOS="1539"
                    VPOS="5753"
                    WIDTH="835"
                    HEIGHT="136">
            <Shape><Polygon POINTS="1539 5753 2374 5753 2374 5889 1539 5889"/></Shape>
	    <String CONTENT="ORESTE."
                    HPOS="1539"
                    VPOS="5753"
                    WIDTH="835"
                    HEIGHT="136"></String>
          </TextLine>

          
          
          <TextLine ID="tl_33"
                    TAGREFS="LT159"
                    BASELINE="338 6022 564 6025 693 6020 830 6025 958 6026 1504 6056 1908 6021 2204 6032 2326 6037 2506 6066 3032 6062" 
                    HPOS="337"
                    VPOS="5900"
                    WIDTH="2695"
                    HEIGHT="186">
            <Shape><Polygon POINTS="337 5900 3032 5900 3032 6086 337 6086"/></Shape>
	    <String CONTENT="Ah! ſi je le croyois, j’irois bien toſt, Pylade,"
                    HPOS="337"
                    VPOS="5900"
                    WIDTH="2695"
                    HEIGHT="186"></String>
          </TextLine>

          
          
          <TextLine ID="tl_34"
                    TAGREFS="LT159"
                    BASELINE="338 6191 543 6189 1218 6214" 
                    HPOS="338"
                    VPOS="6078"
                    WIDTH="881"
                    HEIGHT="162">
            <Shape><Polygon POINTS="338 6078 1219 6078 1219 6240 338 6240"/></Shape>
	    <String CONTENT="Me jetter...."
                    HPOS="338"
                    VPOS="6078"
                    WIDTH="881"
                    HEIGHT="162"></String>
          </TextLine>

          
          
          <TextLine ID="tl_35"
                    TAGREFS="LT159"
                    BASELINE="1629 6348 1958 6352 2270 6358 2459 6358" 
                    HPOS="1629"
                    VPOS="6241"
                    WIDTH="831"
                    HEIGHT="123">
            <Shape><Polygon POINTS="1629 6241 2460 6241 2460 6364 1629 6364"/></Shape>
	    <String CONTENT="PYLADE."
                    HPOS="1629"
                    VPOS="6241"
                    WIDTH="831"
                    HEIGHT="123"></String>
          </TextLine>

          
          
          <TextLine ID="tl_36"
                    TAGREFS="LT159"
                    BASELINE="1012 6527 1560 6557 2174 6557 2382 6527 2612 6537 3323 6548" 
                    HPOS="1012"
                    VPOS="6387"
                    WIDTH="2311"
                    HEIGHT="191">
            <Shape><Polygon POINTS="1012 6387 3323 6387 3323 6578 1012 6578"/></Shape>
	    <String CONTENT="Achevez, Seigneur, voſtre ambaſſade."
                    HPOS="1012"
                    VPOS="6387"
                    WIDTH="2311"
                    HEIGHT="191"></String>
          </TextLine>

          
        </TextBlock>
        
        <TextBlock HPOS="2577"
                   VPOS="6544"
                   WIDTH="491"
                   HEIGHT="264"
                   ID="eSc_textblock_93f9017a"
                   TAGREFS="BT447">
          <Shape><Polygon POINTS="3068 6808 3068 6544 2577 6544 2577 6808"/></Shape>
          
          
          <TextLine ID="tl_37"
                    TAGREFS="LT159"
                    BASELINE="2637 6706 2939 6741" 
                    HPOS="2636"
                    VPOS="6579"
                    WIDTH="303"
                    HEIGHT="162">
            <Shape><Polygon POINTS="2636 6579 2939 6579 2939 6741 2636 6741"/></Shape>
	    <String CONTENT="N iij"
                    HPOS="2636"
                    VPOS="6579"
                    WIDTH="303"
                    HEIGHT="162"></String>
          </TextLine>

          
        </TextBlock>
        

        
      </PrintSpace>
    </Page>
  </Layout>
</alto>
