4267 7665
728 530 249 204 152

1421 533 1853 253 ANDROMAQUE.

746 793 2761 254 Vous attendez le Roy. Parlez, & luy montrez

751 945 2774 265 Contre le Fils d’Hector tous les Grecs conjurez.

739 1104 2665 256 Loin de-leur accorder ce Fils de ſa Maiſtreſſe,

744 1262 2362 251 Leur haine ne fera qu’irriter ſa tendreſſe.

742 1432 2650 247 Plus on les veut broüiller, plus on va les unir.

743 1576 2846 272 Preſſez. Demandez tout, pour ne rien obtenir.

740 1757 498 145 Il vient.

1913 1959 849 158 ORESTE.

1386 2087 2164 239 Hé bien, va donc diſpoſer la Cruelle

738 2228 2771 263 A revoir un Amant qui ne vient que pour elle.

1529 3099 1410 236 SCENE II.

858 3486 2945 289 PYRRHUS, ORESTE, PHOENIX.

1919 3882 827 157 ORESTE.

1034 4094 2875 306 Vant que tous les Grecs vous parlent par ma

715 4094 294 332 A

1325 4307 336 134 voix,

716 4423 2744 271 Souffrez que j'oſe icy me flatter de leur choix,

722 4606 3185 280 Et qu'à vos yeux, Seigneur, je montre quelque joye

719 4758 3075 277 De voir le Fils d’Achille, & le Vainqueur de Troye.

722 4919 3183 278 Ouy. Comme ſes exploits, nous admirons vos

1065 5129 408 129 coups;

708 5232 2892 268 Hector tomba ſous luy; Troye expira ſous vous;

713 5395 2882 263 Et vous avez montré, par une heureuſe audace,

710 5556 2754 267 Que le Fils ſeul d’Achille a pu remplir ſa place.

707 5713 3178 275 Mais ce qu’il n’euſt point fait, la Gréce avec douleur

698 5872 2800 275 Vous voit du Sang Troyen relever le malheur,

703 6031 2592 258 Et vous laiſſant toucher d’une pitié funeſte,

696 6193 2484 263 D'une Guerre ſi longue entretenir le reſte.
