4267 7849
876 582 1362 268 TRAGEDIE.

3049 634 275 301 159

24 862 2933 242 Voulez-vous qu'un deſſein fi beau, ſi genereux,

20 1028 2947 232 Paſſe pour le tranſport d’un Eſprit amoureux?

30 1192 3173 241 Captive, toujours triſte, importune à moy-meſme,

19 1358 3163 239 Pouvez-vous ſouhaiter qu’Andromaque vous aime?

23 1526 3117 230 Quels charmes ont pour vous des yeux infortunez,

18 1684 2948 226 Qu'à des pleurs éternels vous avez condannez?

18 1850 2853 224 Non, non, d’un Ennemy reſpecter la Miſere,

14 2012 3141 238 Sauver des Mal-heureux, rendre un Fils à ſa Mere,

14 2178 3035 240 De cent Peuples pour luy combattre la rigueur,

13 2340 2755 222 Sans me faire payer ſon ſalut de mon Cœur,

19 2504 2817 233 Malgré moy, s’il le faut, luy donner un azile,

29 2671 3069 236 Seigneur, voilà des ſoins dignes du Fils d’Achille.

1220 2871 971 152 PYRRHUS.

8 2980 3149 253 Hé quoy? Voſtre courroux n’a-t’il pas eû ſon cours?

8 3152 2862 236 Peut-on haïr ſans ceſſe? Et punit-on toûjours?

8 3312 3180 259 J’ay fait des Mal-heureux, ſans doute, & la Phrygie

25 3487 2861 238 Cent fois de voſtre ſang a vû ma main rougie.

19 3653 2947 232 Mais que vos yeux ſur moy ſe ſont bien exercez!

8 3810 3295 246 Qu'ils m’ont vendu bien cher les pleurs qu’ils ont

151 3982 471 132 verſez!

4 4134 3141 247 De combien de remords m’ont-ils rendu la proye?

1 4292 3125 250 Je ſouffre tous les maux que j’ay faits devant Troye.

1 4462 2773 238 Vaincu, chargé de fers, de regrets conſumé,

3 4625 2450 226 Brûlé de plus de feux que je n’en allumé,

0 4788 3293 252 Tant de ſoins, tant de pleurs, tant d’ardeurs inquié¬

137 4998 480 118 tes...

8 5121 2759 231 Hela! fus-je jamais ſi cruel que vous l’eſtes?

19 5285 2853 222 Mais enfin, tour à tour, c’eft aſſez nous punir.

18 5453 2950 200 Nos ennemis communs devroient nous reünir.

13 5611 2750 249 Madame, dites-moy ſeulement que j’eſpere,

8 5773 2955 232 Je vous rends voſtre Fils, & je luy ſers de Pere.

10 5937 3057 238 Je l'inſtruiray moy-meſme à vanger les Troyens.

1 6101 3150 234 J’iray punir les Grecs de vos maux & des miens,

0 6259 2896 245 Animé d'un regard, je puis tout entreprendre.

0 6399 2611 256 Voſtre Ilion encor peut ſortir de ſa cendre.
