4267 7877
1101 786 1383 183 TRAGEDIE.

3199 880 255 148 147

179 1991 3243 423 ANDROMAQUE.

641 2499 2385 272 TRAGEDIE.

756 3179 2010 318 ACTE I.

344 3705 2866 252 SCENE PREMIERE.

510 4138 2505 209 ORESTE, PYLADE.

1419 4520 801 142 ORESTE.

472 4745 2803 237 UY, puis que je retrouve un Amy ſi fidelle,

481 4942 2577 168 Ma Fortune va prendre une face nouvelle;

138 5094 2609 196 Et déja ſon courroux ſemble s’eſtre adouci,

133 5268 2889 190 Depuis qu’elle a pris ſoin de nous rejoindre ici.

132 5428 3133 194 Qui m’euſt dit, qu’un rivage à mes vœux ſi funeſte,

129 5592 2859 180 Préſenteroit d’abord Pylade aux yeux d’Oreſte;

128 5762 2941 187 Qu'apres plus de ſix mois que je t’avois perdu,

122 5926 2659 185 A ta Cour de Pyrrhus, tu me ſerois rendu!

1389 6109 813 134 PYLADE.

112 6250 3265 203 J’en rends graces au Ciel, qui m’arreſtant ſans ceſſe,

107 6420 2951 177 Sembloit m’avoir fermé le chemin de la Grece,

108 6580 2685 197 Depuis le jour fatal que la fureur des Eaux,

137 4759 296 315 O

2513 6773 285 162 N ij
