4267 7915
1089 567 1341 290 TRAGEDIE.

3163 633 238 270 153

100 904 3299 226 Ne vous ſouvient-il plus, Seigneur, quel fut

259 1080 551 127 Hector?

112 1238 2734 194 Nos Peuples affoiblis s’en ſouviennent encor.

98 1404 3182 212 Son nom ſeul fait fremir nos Veuves, & nos Filles,

108 1570 2972 203 Et dans toute la Grece, il n’eſt point de Familles,

102 1736 2808 193 Qui ne demandent conte à ce malheureux Fils,

97 1898 3126 213 D’un Pere, ou d'un Epoux, qu’Hector leur a ravis.

103 2060 3084 213 Et qui ſçait ce qu'un jour ce Fils peut entreprendre?

90 2202 3299 204 Peut-eſtre dans nos Ports nous le verrons deſcen¬

309 2395 292 154 dre,

87 2562 3076 203 Tel qu’on a veu ſon Pere embraſer nos Vaiſſeaux,

107 2718 2694 188 Et la flâme à la main, les ſuivre ſur les Eaux.

102 2884 2560 208 Oſeray-je, Seigneur, dire ce que je penſe?

106 3048 3282 220 Vous-meſme de vos ſoins craignez la recom¬

418 3218 410 164 penſe,

98 3378 2548 202 Et que dans voſtre ſein ce Serpent élevé

82 3540 2688 201 Ne vous puniſſe un jour de l’avoir conſervé.

94 3706 2573 184 Enfin, de tous les Grecs ſatisfaites l'envie,

81 3870 2612 202 Afſſurez leur vangeance, aſſurez voſtre vie.

93 4042 2734 202 Perdez un Ennemy d’autant plus dangereux,

97 4202 2884 198 Qu’il s'eſſayra ſur vous à combattre contre eux.

1257 4401 987 141 PYRRHUS.

76 4530 2534 213 La Gréce en ma faveur eſt trop inquiétée.

70 4692 2674 215 De ſoins plus importans je l’ay cruë agitée,

66 4864 2812 207 Seigneur, & ſur le nom de ſon Ambaſſadeur,

66 5030 2966 209 J'avois dans ſes projets conceu plus de grandeur.

76 5194 2720 204 Qui croiroit en effet, qu’une telle entrepriſe

72 5354 2782 203 Du Fils d'Agamemnon meritaſt l'entremiſe,

77 5520 3290 206 Qu’un Peuple tout entier, tant de fois triom¬

331 5689 428 166 phant,

81 5844 3068 217 N’euſt daigné conſpirer que la mort d’un Enfant?

81 6020 2436 198 Mais à qui pretend-on que je le ſacrifie?

87 6172 2826 218 La Gréce a-t’elle encor quelque droit ſur ſa vie?

92 6344 2754 199 Et ſeul de tous les Grecs ne m’eſt-il pas permis

80 6504 2850 214 D'ordonner des Captifs que le Sort m'a ſoumis.
