4267 7647
848 599 325 191 160

1581 528 1824 274 ANDROMAQUE.

866 861 3189 169 Je puis, en moins de temps que les Grecs ne l'ont

1036 1056 300 111 pris,

867 1179 2775 142 Dans ſes Murs relevez couronner voſtre Fils.

1675 1342 1478 140 ANDROMAQUE.

870 1491 3175 189 Seigneur, tant de grandeurs ne nous touchent plus

1032 1654 395 161 guére,

872 1817 2684 164 Je les luy promettois tant qu’a vécu ſon Pere.

881 1978 2885 156 Non, vous n’eſperez plus de nous revoir encor,

877 2137 2998 159 Sacrez Murs, que n’a pu conſerver mon Hector.

880 2294 3039 176 A de moindres faveurs des mal-heureux prétendent,

882 2452 3152 168 Seigneur. C’eſt un Exil que mes pleurs vous deman¬

1016 2614 310 125 dent.

877 2763 3098 191 Souffrez que loin des Grecs, & meſme loin de vous,

881 2926 2826 163 J’aille cacher mon Fils, & pleurer mon Epoux.

890 3082 2887 162 Voſtre amour contre nous allume trop de haine.

886 3225 2530 178 Retournez, retournez à la Fille d’Helene.

1907 3416 1133 130 PYRRHUS.

887 3562 2992 174 Et le puis-je, Madame? Ah, que vous me geſnez!

896 3726 3139 170 Comment luy rendre un Cœur que vous me rete¬

1036 3912 294 93 nez?

881 4042 2875 174 Je ſçay que de mes vœux on luy promit l’empire.

891 4208 2874 164 je ſçay que pour regner elle vint dans l’Epire.

883 4366 2822 157 Le Sort vous y voulut l’une & l’autre amener,

886 4522 2895 162 Vous pour porter des fers, Elle pour en donner.

896 4684 2880 168 Cependant ay-je pris quelque ſoin de luy plaire?

887 4848 2715 159 Et ne diroit-on pas, en voyant au contraire,

887 5000 3022 176 Vos charmes tout-puiſſans, & les ſiens dédaignez,

886 5162 2799 173 Qu'elle eſt icy Captive, & que vous y regnez?

886 5320 3154 180 Ah! qu’un ſeul des ſoûpirs, que mon Cœur vous

1195 5526 505 116 envoye,

885 5640 2696 177 S’il s’échapoit vers elle, y porterait de joye!

1595 5814 1796 157 ANDROMAQUE.

886 5962 2885 176 Et pourquoy vos ſoûpirs ſeroient-ils repouſſez?

896 6120 2356 160 Auroit-elle oublié vos ſervices paſſez?

891 6290 3043 162 Troye, Hector, contre vous revoltent-ils ſon Ame?

3835 6449 224 123 Aux
