<?xml version="1.0" encoding="UTF-8"?>
<alto xmlns:xsi="http://www.w3.org/2001/XMLSchema-instance"
      xmlns="http://www.loc.gov/standards/alto/ns-v4#"
      xsi:schemaLocation="http://www.loc.gov/standards/alto/ns-v4# https://gitlab.inria.fr/scripta/escriptorium/-/raw/develop/app/escriptorium/static/alto-4-1-baselines.xsd">
  <Description>
    <MeasurementUnit>pixel</MeasurementUnit>
    <sourceImageInformation>
      <fileName>Racine1676_Oeuvres1_cb31168676r_corrected_0183.png</fileName>
    </sourceImageInformation>
  </Description>
  
  <Tags>
    <OtherTag ID="BT1" LABEL="Title" DESCRIPTION="block type Title"/><OtherTag ID="BT2" LABEL="Main" DESCRIPTION="block type Main"/><OtherTag ID="BT425" LABEL="Damage" DESCRIPTION="block type Damage"/><OtherTag ID="BT426" LABEL="Decoration" DESCRIPTION="block type Decoration"/><OtherTag ID="BT427" LABEL="DropCapital" DESCRIPTION="block type DropCapital"/><OtherTag ID="BT428" LABEL="Figure" DESCRIPTION="block type Figure"/><OtherTag ID="BT429" LABEL="Margin" DESCRIPTION="block type Margin"/><OtherTag ID="BT430" LABEL="Numbering" DESCRIPTION="block type Numbering"/><OtherTag ID="BT432" LABEL="MusicNotation" DESCRIPTION="block type MusicNotation"/><OtherTag ID="BT433" LABEL="RunningTitle" DESCRIPTION="block type RunningTitle"/><OtherTag ID="BT434" LABEL="Seal" DESCRIPTION="block type Seal"/><OtherTag ID="BT435" LABEL="Stamp" DESCRIPTION="block type Stamp"/><OtherTag ID="BT437" LABEL="Table" DESCRIPTION="block type Table"/><OtherTag ID="BT447" LABEL="Signatures" DESCRIPTION="block type Signatures"/>
    <OtherTag ID="LT159" LABEL="Default" DESCRIPTION="line type Default"/><OtherTag ID="LT160" LABEL="DropCapitalLine" DESCRIPTION="line type DropCapitalLine"/><OtherTag ID="LT161" LABEL="Interlinear" DESCRIPTION="line type Interlinear"/><OtherTag ID="LT162" LABEL="MusicLine" DESCRIPTION="line type MusicLine"/><OtherTag ID="LT163" LABEL="Rubric" DESCRIPTION="line type Rubric"/>
  </Tags>
  
  <Layout>
    <Page WIDTH="4267"
          HEIGHT="7905"
          PHYSICAL_IMG_NR="18"
          ID="eSc_dummypage_">
      <PrintSpace HPOS="0"
                  VPOS="0"
                  WIDTH="4267"
                  HEIGHT="7905">
        
        <TextBlock HPOS="1139"
                   VPOS="707"
                   WIDTH="1414"
                   HEIGHT="204"
                   ID="eSc_textblock_28904c98"
                   TAGREFS="BT433">
          <Shape><Polygon POINTS="1139 707 1139 911 2553 911 2553 707"/></Shape>
          
          
          <TextLine ID="tl_1"
                    TAGREFS="LT159"
                    BASELINE="1194 847 2204 856 2613 869" 
                    HPOS="1193"
                    VPOS="606"
                    WIDTH="1405"
                    HEIGHT="283">
            <Shape><Polygon POINTS="1193 843 1206 638 1292 612 1404 671 1576 671 1688 612 1714 632 1879 606 1991 678 2110 678 2301 612 2413 612 2499 652 2598 619 2591 889 2466 862 2347 862 2321 889 2004 862 1965 889 1872 856 1780 882 1688 856 1589 882 1543 856 1483 882 1345 856 1200 876"/></Shape>
	    <String CONTENT="TRAGEDIE."
                    HPOS="1193"
                    VPOS="606"
                    WIDTH="1405"
                    HEIGHT="283"></String>
          </TextLine>

          
        </TextBlock>
        
        <TextBlock HPOS="3248"
                   VPOS="695"
                   WIDTH="324"
                   HEIGHT="264"
                   ID="eSc_textblock_9664211f"
                   TAGREFS="BT430">
          <Shape><Polygon POINTS="3248 695 3248 959 3572 959 3572 695"/></Shape>
          
          
          <TextLine ID="eSc_line_6df9656f"
                    TAGREFS="LT159"
                    BASELINE="3272 891 3578 899" 
                    HPOS="3271"
                    VPOS="606"
                    WIDTH="303"
                    HEIGHT="342">
            <Shape><Polygon POINTS="3271 889 3284 632 3376 606 3501 632 3534 606 3561 632 3574 895 3501 948 3277 895"/></Shape>
	    <String CONTENT="161"
                    HPOS="3271"
                    VPOS="606"
                    WIDTH="303"
                    HEIGHT="342"></String>
          </TextLine>

          
        </TextBlock>
        
        <TextBlock HPOS="24"
                   VPOS="911"
                   WIDTH="3548"
                   HEIGHT="5729"
                   ID="eSc_textblock_0edf05f1"
                   TAGREFS="BT2">
          <Shape><Polygon POINTS="60 911 24 6640 3548 6593 3572 959"/></Shape>
          
          
          <TextLine ID="tl_2"
                    TAGREFS="LT159"
                    BASELINE="175 1057 438 1057 970 1067 1330 1078 1804 1079 2354 1089 2720 1088 2880 1089 3394 1114" 
                    HPOS="175"
                    VPOS="931"
                    WIDTH="3220"
                    HEIGHT="219">
            <Shape><Polygon POINTS="175 931 3395 931 3395 1150 175 1150"/></Shape>
	    <String CONTENT="Aux cendres d’un Epoux doit-elle enfin ſa flâme?"
                    HPOS="175"
                    VPOS="931"
                    WIDTH="3220"
                    HEIGHT="219"></String>
          </TextLine>

          
          
          <TextLine ID="tl_3"
                    TAGREFS="LT159"
                    BASELINE="175 1222 312 1221 620 1228 1082 1232 1490 1242 1640 1252 1798 1249 1882 1242 2472 1253 2822 1258 2902 1263" 
                    HPOS="174"
                    VPOS="1103"
                    WIDTH="2728"
                    HEIGHT="206">
            <Shape><Polygon POINTS="174 1103 2902 1103 2902 1309 174 1309"/></Shape>
	    <String CONTENT="Et quel Epoux encore! Ah ſouvenir cruel!"
                    HPOS="174"
                    VPOS="1103"
                    WIDTH="2728"
                    HEIGHT="206"></String>
          </TextLine>

          
          
          <TextLine ID="tl_4"
                    TAGREFS="LT159"
                    BASELINE="161 1386 312 1385 698 1393 1035 1398 1165 1402 1591 1408 2045 1412 2353 1417 3048 1443" 
                    HPOS="160"
                    VPOS="1249"
                    WIDTH="2890"
                    HEIGHT="194">
            <Shape><Polygon POINTS="160 1249 3050 1249 3050 1443 160 1443"/></Shape>
	    <String CONTENT="Sa mort ſeule a rendu voſtre Pere immortel."
                    HPOS="160"
                    VPOS="1249"
                    WIDTH="2890"
                    HEIGHT="194"></String>
          </TextLine>

          
          
          <TextLine ID="tl_5"
                    TAGREFS="LT159"
                    BASELINE="164 1542 266 1544 557 1555 733 1561 1043 1608 1653 1571 1959 1571 2365 1577 2555 1582 2781 1581 3254 1638" 
                    HPOS="163"
                    VPOS="1427"
                    WIDTH="3093"
                    HEIGHT="213">
            <Shape><Polygon POINTS="163 1427 3256 1427 3256 1640 163 1640"/></Shape>
	    <String CONTENT="Il doit au ſang d’Hector tout l’éclat de ſes armes,"
                    HPOS="163"
                    VPOS="1427"
                    WIDTH="3093"
                    HEIGHT="213"></String>
          </TextLine>

          
          
          <TextLine ID="tl_6"
                    TAGREFS="LT159"
                    BASELINE="160 1716 301 1707 631 1720 1105 1731 1413 1731 1788 1737 2339 1747 2643 1751 2900 1751 3212 1762 3502 1756" 
                    HPOS="159"
                    VPOS="1599"
                    WIDTH="3344"
                    HEIGHT="209">
            <Shape><Polygon POINTS="159 1599 3503 1599 3503 1808 159 1808"/></Shape>
	    <String CONTENT="Et vous n’eſtes tous deux connus que par mes lar¬"
                    HPOS="159"
                    VPOS="1599"
                    WIDTH="3344"
                    HEIGHT="209"></String>
          </TextLine>

          
          
          <TextLine ID="tl_7"
                    TAGREFS="LT159"
                    BASELINE="303 1881 599 1905" 
                    HPOS="303"
                    VPOS="1797"
                    WIDTH="297"
                    HEIGHT="108">
            <Shape><Polygon POINTS="303 1797 600 1797 600 1905 303 1905"/></Shape>
	    <String CONTENT="mes."
                    HPOS="303"
                    VPOS="1797"
                    WIDTH="297"
                    HEIGHT="108"></String>
          </TextLine>

          
          
          <TextLine ID="tl_8"
                    TAGREFS="LT159"
                    BASELINE="1313 2057 2307 2096" 
                    HPOS="1312"
                    VPOS="1946"
                    WIDTH="996"
                    HEIGHT="150">
            <Shape><Polygon POINTS="1312 1946 2308 1946 2308 2096 1312 2096"/></Shape>
	    <String CONTENT="PYRRHUS."
                    HPOS="1312"
                    VPOS="1946"
                    WIDTH="996"
                    HEIGHT="150"></String>
          </TextLine>

          
          
          <TextLine ID="tl_9"
                    TAGREFS="LT159"
                    BASELINE="139 2196 332 2199 651 2210 743 2241 1339 2220 1417 2245 1608 2224 1907 2233 1989 2266 2130 2242 2427 2240 2749 2245 3172 2277" 
                    HPOS="138"
                    VPOS="2083"
                    WIDTH="3036"
                    HEIGHT="200">
            <Shape><Polygon POINTS="138 2083 3174 2083 3174 2283 138 2283"/></Shape>
	    <String CONTENT="Hé bien, Madame, hé bien, il faut vous obeïr."
                    HPOS="138"
                    VPOS="2083"
                    WIDTH="3036"
                    HEIGHT="200"></String>
          </TextLine>

          
          
          <TextLine ID="tl_10"
                    TAGREFS="LT159"
                    BASELINE="138 2353 244 2360 507 2370 831 2381 1345 2380 1416 2415 1659 2389 2130 2400 2447 2406 2802 2430" 
                    HPOS="138"
                    VPOS="2245"
                    WIDTH="2666"
                    HEIGHT="201">
            <Shape><Polygon POINTS="138 2245 2804 2245 2804 2446 138 2446"/></Shape>
	    <String CONTENT="Il faut vous oublier, ou plûtoſt vous haïr."
                    HPOS="138"
                    VPOS="2245"
                    WIDTH="2666"
                    HEIGHT="201"></String>
          </TextLine>

          
          
          <TextLine ID="tl_11"
                    TAGREFS="LT159"
                    BASELINE="138 2524 403 2570 482 2566 779 2540 1211 2544 1465 2544 1779 2597 2062 2565 2502 2565 2796 2576 3404 2587 3487 2628" 
                    HPOS="137"
                    VPOS="2419"
                    WIDTH="3350"
                    HEIGHT="211">
            <Shape><Polygon POINTS="137 2419 3487 2419 3487 2630 137 2630"/></Shape>
	    <String CONTENT="Oüy, mes vœux ont trop loin pouſſé leur violence,"
                    HPOS="137"
                    VPOS="2419"
                    WIDTH="3350"
                    HEIGHT="211"></String>
          </TextLine>

          
          
          <TextLine ID="tl_12"
                    TAGREFS="LT159"
                    BASELINE="133 2684 432 2695 640 2704 908 2704 1746 2724 2080 2729 3007 2761" 
                    HPOS="133"
                    VPOS="2573"
                    WIDTH="2876"
                    HEIGHT="214">
            <Shape><Polygon POINTS="133 2573 3009 2573 3009 2787 133 2787"/></Shape>
	    <String CONTENT="Pour ne plus s’areſter que dans l&#39;indifference."
                    HPOS="133"
                    VPOS="2573"
                    WIDTH="2876"
                    HEIGHT="214"></String>
          </TextLine>

          
          
          <TextLine ID="tl_13"
                    TAGREFS="LT159"
                    BASELINE="129 2854 734 2909 1123 2893 1346 2874 1628 2878 2314 2899 2576 2900 2915 2905 3255 2910 3403 2941" 
                    HPOS="128"
                    VPOS="2738"
                    WIDTH="3276"
                    HEIGHT="223">
            <Shape><Polygon POINTS="128 2738 3404 2738 3404 2961 128 2961"/></Shape>
	    <String CONTENT="Songez-y bien. Il faut deſormais que mon Cœur,"
                    HPOS="128"
                    VPOS="2738"
                    WIDTH="3276"
                    HEIGHT="223"></String>
          </TextLine>

          
          
          <TextLine ID="tl_14"
                    TAGREFS="LT159"
                    BASELINE="125 3014 326 3019 819 3033 1119 3039 2041 3059 2195 3059 2529 3064 2992 3095" 
                    HPOS="124"
                    VPOS="2908"
                    WIDTH="2870"
                    HEIGHT="199">
            <Shape><Polygon POINTS="124 2908 2994 2908 2994 3107 124 3107"/></Shape>
	    <String CONTENT="S’il n’aime avec tranſport, haïſſe avec fureur."
                    HPOS="124"
                    VPOS="2908"
                    WIDTH="2870"
                    HEIGHT="199"></String>
          </TextLine>

          
          
          <TextLine ID="tl_15"
                    TAGREFS="LT159"
                    BASELINE="108 3193 239 3178 1139 3243 1449 3204 1815 3215 2087 3223 2447 3229 2916 3255" 
                    HPOS="107"
                    VPOS="3066"
                    WIDTH="2810"
                    HEIGHT="213">
            <Shape><Polygon POINTS="107 3066 2917 3066 2917 3279 107 3279"/></Shape>
	    <String CONTENT="Je n’épargneray rien dans ma juſte colere."
                    HPOS="107"
                    VPOS="3066"
                    WIDTH="2810"
                    HEIGHT="213"></String>
          </TextLine>

          
          
          <TextLine ID="tl_16"
                    TAGREFS="LT159"
                    BASELINE="108 3341 259 3346 507 3358 749 3358 1377 3369 1625 3372 2086 3383 2276 3394 2484 3389 2786 3400 2946 3436" 
                    HPOS="107"
                    VPOS="3228"
                    WIDTH="2840"
                    HEIGHT="212">
            <Shape><Polygon POINTS="107 3228 2947 3228 2947 3440 107 3440"/></Shape>
	    <String CONTENT="Le Fils me répondra des mépris de la Mere,"
                    HPOS="107"
                    VPOS="3228"
                    WIDTH="2840"
                    HEIGHT="212"></String>
          </TextLine>

          
          
          <TextLine ID="tl_17"
                    TAGREFS="LT159"
                    BASELINE="103 3501 254 3506 650 3522 804 3522 1412 3533 1483 3564 1648 3539 1788 3543 1968 3548 2494 3553 2740 3557" 
                    HPOS="103"
                    VPOS="3392"
                    WIDTH="2638"
                    HEIGHT="207">
            <Shape><Polygon POINTS="103 3392 2741 3392 2741 3599 103 3599"/></Shape>
	    <String CONTENT="La Gréce le demande, &amp; je ne prétens pas"
                    HPOS="103"
                    VPOS="3392"
                    WIDTH="2638"
                    HEIGHT="207"></String>
          </TextLine>

          
          
          <TextLine ID="tl_18"
                    TAGREFS="LT159"
                    BASELINE="109 3682 538 3687 1124 3691 1368 3697 1794 3707 1918 3709 2138 3714 2333 3719 2565 3718 3123 3763" 
                    HPOS="108"
                    VPOS="3562"
                    WIDTH="3022"
                    HEIGHT="223">
            <Shape><Polygon POINTS="108 3562 3130 3562 3130 3785 108 3785"/></Shape>
	    <String CONTENT="Mettre toûjours ma gloire à ſauver des Ingrats."
                    HPOS="108"
                    VPOS="3562"
                    WIDTH="3022"
                    HEIGHT="223"></String>
          </TextLine>

          
          
          <TextLine ID="tl_19"
                    TAGREFS="LT159"
                    BASELINE="942 3856 1206 3860 1372 3863 1876 3878 2360 3889 2554 3902" 
                    HPOS="942"
                    VPOS="3747"
                    WIDTH="1614"
                    HEIGHT="181">
            <Shape><Polygon POINTS="942 3747 2556 3747 2556 3928 942 3928"/></Shape>
	    <String CONTENT="ANDROMAQUE."
                    HPOS="942"
                    VPOS="3747"
                    WIDTH="1614"
                    HEIGHT="181"></String>
          </TextLine>

          
          
          <TextLine ID="tl_20"
                    TAGREFS="LT159"
                    BASELINE="86 4000 439 4011 513 4022 632 4010 1145 4021 1546 4041 1721 4032 1969 4038 2339 4047 2489 4047 2957 4052 3040 4093" 
                    HPOS="85"
                    VPOS="3882"
                    WIDTH="2956"
                    HEIGHT="215">
            <Shape><Polygon POINTS="85 3882 3041 3882 3041 4097 85 4097"/></Shape>
	    <String CONTENT="Helas! il mourra donc. Il n’a pour ſa défenſe,"
                    HPOS="85"
                    VPOS="3882"
                    WIDTH="2956"
                    HEIGHT="215"></String>
          </TextLine>

          
          
          <TextLine ID="tl_21"
                    TAGREFS="LT159"
                    BASELINE="91 4202 367 4166 585 4175 1007 4181 1191 4186 1327 4186 1691 4192 1762 4223 1883 4202 2210 4207 2468 4213 3050 4227 3239 4248" 
                    HPOS="91"
                    VPOS="4050"
                    WIDTH="3148"
                    HEIGHT="214">
            <Shape><Polygon POINTS="91 4050 3239 4050 3239 4264 91 4264"/></Shape>
	    <String CONTENT="Que les Pleurs de ſa Mere, &amp; que ſon Innocence."
                    HPOS="91"
                    VPOS="4050"
                    WIDTH="3148"
                    HEIGHT="214"></String>
          </TextLine>

          
          
          <TextLine ID="tl_22"
                    TAGREFS="LT159"
                    BASELINE="87 4325 228 4326 536 4341 876 4346 1238 4347 1603 4382 1798 4357 2202 4371 2412 4378 2566 4372 2798 4382 2883 4413" 
                    HPOS="87"
                    VPOS="4216"
                    WIDTH="2798"
                    HEIGHT="203">
            <Shape><Polygon POINTS="87 4216 2885 4216 2885 4419 87 4419"/></Shape>
	    <String CONTENT="Et peut eſtre apres tout, en l&#39;eſtat ou je ſuis,"
                    HPOS="87"
                    VPOS="4216"
                    WIDTH="2798"
                    HEIGHT="203"></String>
          </TextLine>

          
          
          <TextLine ID="tl_23"
                    TAGREFS="LT159"
                    BASELINE="81 4491 234 4490 614 4506 1222 4517 1398 4515 1624 4517 1810 4521 2138 4532 2647 4558" 
                    HPOS="80"
                    VPOS="4374"
                    WIDTH="2568"
                    HEIGHT="184">
            <Shape><Polygon POINTS="80 4374 2648 4374 2648 4558 80 4558"/></Shape>
	    <String CONTENT="Sa mort avancera la fin de mes ennuis."
                    HPOS="80"
                    VPOS="4374"
                    WIDTH="2568"
                    HEIGHT="184"></String>
          </TextLine>

          
          
          <TextLine ID="tl_24"
                    TAGREFS="LT159"
                    BASELINE="70 4691 208 4656 989 4675 1329 4676 1555 4722 1825 4686 1980 4696 2227 4701 2535 4706 2762 4705 3032 4727" 
                    HPOS="70"
                    VPOS="4542"
                    WIDTH="2964"
                    HEIGHT="213">
            <Shape><Polygon POINTS="70 4542 3034 4542 3034 4755 70 4755"/></Shape>
	    <String CONTENT="Je prolongeons pour luy ma vie, &amp; ma miſere."
                    HPOS="70"
                    VPOS="4542"
                    WIDTH="2964"
                    HEIGHT="213"></String>
          </TextLine>

          
          
          <TextLine ID="tl_25"
                    TAGREFS="LT159"
                    BASELINE="68 4824 367 4824 729 4835 959 4835 1149 4840 1397 4845 1771 4891 2209 4865 2483 4867 2848 4885" 
                    HPOS="67"
                    VPOS="4704"
                    WIDTH="2782"
                    HEIGHT="207">
            <Shape><Polygon POINTS="67 4704 2849 4704 2849 4911 67 4911"/></Shape>
	    <String CONTENT="Mais enfin ſur ſes pas j’iray revoir ſon Pere."
                    HPOS="67"
                    VPOS="4704"
                    WIDTH="2782"
                    HEIGHT="207"></String>
          </TextLine>

          
          
          <TextLine ID="tl_26"
                    TAGREFS="LT159"
                    BASELINE="68 4983 375 4994 450 5019 753 4994 1174 5040 1882 5056 2152 5030 2400 5030 2744 5031 3250 5072" 
                    HPOS="67"
                    VPOS="4870"
                    WIDTH="3184"
                    HEIGHT="216">
            <Shape><Polygon POINTS="67 4870 3251 4870 3251 5086 67 5086"/></Shape>
	    <String CONTENT="Ainſi, tous trois, Seigneur, par vos ſoins reünis,"
                    HPOS="67"
                    VPOS="4870"
                    WIDTH="3184"
                    HEIGHT="216"></String>
          </TextLine>

          
          
          <TextLine ID="tl_27"
                    TAGREFS="LT159"
                    BASELINE="65 5154 316 5153 806 5159 923 5188 1021 5184 1109 5189 1217 5195" 
                    HPOS="65"
                    VPOS="5028"
                    WIDTH="1154"
                    HEIGHT="167">
            <Shape><Polygon POINTS="65 5028 1219 5028 1219 5195 65 5195"/></Shape>
	    <String CONTENT="Nos Cœurs...."
                    HPOS="65"
                    VPOS="5028"
                    WIDTH="1154"
                    HEIGHT="167"></String>
          </TextLine>

          
          
          <TextLine ID="tl_28"
                    TAGREFS="LT159"
                    BASELINE="1219 5334 2231 5370" 
                    HPOS="1218"
                    VPOS="5229"
                    WIDTH="1014"
                    HEIGHT="141">
            <Shape><Polygon POINTS="1218 5229 2232 5229 2232 5370 1218 5370"/></Shape>
	    <String CONTENT="PYRRHUS."
                    HPOS="1218"
                    VPOS="5229"
                    WIDTH="1014"
                    HEIGHT="141"></String>
          </TextLine>

          
          
          <TextLine ID="tl_29"
                    TAGREFS="LT159"
                    BASELINE="714 5495 1027 5488 1109 5519 1782 5545 2093 5514 3100 5554" 
                    HPOS="714"
                    VPOS="5371"
                    WIDTH="2388"
                    HEIGHT="193">
            <Shape><Polygon POINTS="714 5371 3102 5371 3102 5564 714 5564"/></Shape>
	    <String CONTENT="Allez, Madame, allez voir voſtre Fils."
                    HPOS="714"
                    VPOS="5371"
                    WIDTH="2388"
                    HEIGHT="193"></String>
          </TextLine>

          
          
          <TextLine ID="tl_30"
                    TAGREFS="LT159"
                    BASELINE="56 5623 665 5643 851 5657 991 5657 1546 5694 1977 5680 2421 5684 2715 5685 3254 5731" 
                    HPOS="55"
                    VPOS="5512"
                    WIDTH="3201"
                    HEIGHT="223">
            <Shape><Polygon POINTS="55 5512 3256 5512 3256 5735 55 5735"/></Shape>
	    <String CONTENT="Peut-eſtre en le voyant, voſtre amour plus timide,"
                    HPOS="55"
                    VPOS="5512"
                    WIDTH="3201"
                    HEIGHT="223"></String>
          </TextLine>

          
          
          <TextLine ID="tl_31"
                    TAGREFS="LT159"
                    BASELINE="50 5791 239 5796 774 5818 1017 5818 1582 5832 1757 5839 2158 5845 2518 5850 2951 5874" 
                    HPOS="49"
                    VPOS="5678"
                    WIDTH="2904"
                    HEIGHT="222">
            <Shape><Polygon POINTS="49 5678 2953 5678 2953 5900 49 5900"/></Shape>
	    <String CONTENT="Ne prendra pas toûjours ſa colere pour guide."
                    HPOS="49"
                    VPOS="5678"
                    WIDTH="2904"
                    HEIGHT="222"></String>
          </TextLine>

          
          
          <TextLine ID="tl_32"
                    TAGREFS="LT159"
                    BASELINE="46 5947 330 5966 788 5988 1120 5987 1604 5998 1695 6034 2050 6049 2386 6012 3089 6034" 
                    HPOS="44"
                    VPOS="5838"
                    WIDTH="3047"
                    HEIGHT="226">
            <Shape><Polygon POINTS="44 5838 3091 5838 3091 6064 44 6064"/></Shape>
	    <String CONTENT="Pour ſçavoir nos deſtins, j’iray vous retrouver."
                    HPOS="44"
                    VPOS="5838"
                    WIDTH="3047"
                    HEIGHT="226"></String>
          </TextLine>

          
          
          <TextLine ID="tl_33"
                    TAGREFS="LT159"
                    BASELINE="47 6127 665 6183 882 6152 1779 6199 2241 6174 2354 6177 2487 6177 2983 6205" 
                    HPOS="46"
                    VPOS="6006"
                    WIDTH="2938"
                    HEIGHT="231">
            <Shape><Polygon POINTS="46 6006 2984 6006 2984 6237 46 6237"/></Shape>
	    <String CONTENT="Madame, en l’embraſſant, ſongez à le ſauver."
                    HPOS="46"
                    VPOS="6006"
                    WIDTH="2938"
                    HEIGHT="231"></String>
          </TextLine>

          
          
          <TextLine ID="tl_34"
                    TAGREFS="LT159"
                    BASELINE="942 6446 1206 6451 1425 6452 2061 6461 2515 6462" 
                    HPOS="942"
                    VPOS="6305"
                    WIDTH="1574"
                    HEIGHT="217">
            <Shape><Polygon POINTS="942 6305 2516 6305 2516 6522 942 6522"/></Shape>
	    <String CONTENT="Fin du premier Acte."
                    HPOS="942"
                    VPOS="6305"
                    WIDTH="1574"
                    HEIGHT="217"></String>
          </TextLine>

          
        </TextBlock>
        
        <TextBlock HPOS="2469"
                   VPOS="6712"
                   WIDTH="192"
                   HEIGHT="204"
                   ID="eSc_textblock_9335b624"
                   TAGREFS="BT447">
          <Shape><Polygon POINTS="2469 6712 2469 6916 2649 6904 2661 6712"/></Shape>
          
          
          <TextLine ID="tl_35"
                    TAGREFS="LT159"
                    BASELINE="2491 6837 2612 6837" 
                    HPOS="2491"
                    VPOS="6732"
                    WIDTH="121"
                    HEIGHT="105">
            <Shape><Polygon POINTS="2491 6732 2612 6732 2612 6837 2491 6837"/></Shape>
	    <String CONTENT="O"
                    HPOS="2491"
                    VPOS="6732"
                    WIDTH="121"
                    HEIGHT="105"></String>
          </TextLine>

          
        </TextBlock>
        

        
      </PrintSpace>
    </Page>
  </Layout>
</alto>
