4267 7692
834 519 301 192 150

1507 467 1855 289 ANDROMAQUE.

835 779 2467 194 Andromaque trompa l'ingenieux Ulyſſe,

835 945 2914 183 Tandis qu’un autre Enfant arraché de ſes bras,

840 1103 2693 182 Sous le nom de ſon Fils fut conduit au trépas.

846 1263 3084 199 On dit, que peu ſenſible aux charmes d’Hermione,

841 1431 3113 199 Mon Rival porte ailleurs ſon Cœur & ſa Couronne;

846 1585 2561 191 Menelas, ſans le croire, en paroiſt affligé;

840 1741 2920 208 Et ſe plaint d’un Hymen ſi long-temps negligé.

825 1907 2423 179 Parmy les déplaifirs où ſon ame ſe noye,

840 2059 2463 192 Il s’éléve en la mienne une ſecrette joye.

836 2223 2784 188 Je triomphe; & pourtant je me flate d’abord

851 2383 2571 197 Que la ſeule vangeance excite ce tranſport.

851 2549 3182 190 Mais l’Ingrate en mon cœur reprit bien-toſt ſa

1012 2713 361 145 place,

847 2869 2777 178 De mes feux mal éteints je reconnus la trace,

847 3023 2666 181 Je ſentis que ma haine alloit finir ſon cours,

860 3189 2633 189 Ou plutoſt je ſentis que je l’aimois toûjours.

856 3347 2636 197 Ainſi de tous les Grecs je brigue le ſuffrage.

861 3509 3011 195 On m’envoye à Pyrrhus. J’entreprens ce voyage.

840 3671 2783 184 Je viens voir ſi l'on peut arracher de ſes bras

866 3829 2758 173 Cét Enfant, dont la vie allarme tant d’Eſtats.

851 3991 3003 195 Heureux ſi je pouvois dans l’ardeur qui me preſſe,

861 4149 2546 191 Au lieu d’Aſtyanax luy ravir ma Princeſſe!

872 4314 2881 197 Car enfin n’attens pas que mes feux redoublez,

856 4473 2998 197 Des périls les plus grands puiſſent eſtre troublez.

861 4635 3073 187 Puis qu’apres tant d’efforts ma reſiſtance eſt vaine,

856 4797 3077 195 Je me livre en aveugle au tranſport qui m’entraîne,

860 4963 2994 179 J’aime, je viens chercher Hermione en ces lieux,

861 5119 2627 187 La fléchir, l’enlever, ou mourir à ſes yeux.

865 5284 3068 196 Toy qui connois Pyrrhus, que penſes-tu qu’il faſſe?

866 5446 3173 193 Dans ſa Cour, dans ſon cœur, dy-moy ce qui ſe

1017 5607 333 157 paſſe.

875 5770 2592 182 Mon Hermione encor le tient-elle aſſervy?

876 5930 2871 193 Me rendra-t’il Pylade, un Cœur qu’il m’a ravy?

2007 6112 775 124 PYLADE.

871 6246 2627 197 Je vous abuſerois, ſi j’oſois vous promettre
