4267 7774
752 615 285 311 158

1530 608 1783 298 ANDROMAQUE

1923 961 959 134 PYRRHUS.

764 1099 3119 199 Tel qu’il eſt, tous les Grecs demandent qu’il periſſe.

769 1272 2943 186 Le Fils d’Agamemnon vient haſter ſon ſupplice.

1584 1440 1517 163 ANDROMAQUE.

775 1601 2471 159 Et vous prononcerez un Arreſt ſi cruel?

774 1750 2575 188 Eſt-ce mon intereſt qui le rend criminel?

775 1922 3237 194 Helas! on ne craint point qu'il vange un jour ſon

916 2104 315 122 Pere.

755 2242 2971 183 On craint qu’il n’eſſuyaſt les larmes de ſa Mere.

790 2406 2891 176 Il m’auroit tenu lieu d'un Pere, & d'un Epoux.

793 2562 3223 193 Mais il me faut tout perdre, & toûjours par vos

942 2779 387 120 coups.

1985 2899 969 131 PYRRHUS.

804 3055 2731 175 Madame, mes refus ont prévenu vos larmes.

805 3213 3141 189 Tous les Grecs m’ont déja menacé de leurs Armes,

804 3380 2919 172 Mais deuſſent-ils encore, en repaſſant les Eaux,

809 3539 2781 171 Demander voſtre Fils, avec mille Vaiſſeaux:

810 3698 2963 190 Couſtaſt-il tout le ſang qu’Helene a fait répandre,

809 3868 3217 178 Deuſſay-je apres dix ans voir mon Palais en cen¬

982 4047 275 152 dre,

815 4188 2563 186 Je ne balance point, je vole à ſon ſecours,

810 4359 2811 177 Je defendray ſa vie aux deſpens de mes jours.

825 4520 3205 192 Mais parmy ces perils, où je cours pour vous plaire,

830 4680 2659 190 Me refuſerez-vous un regard moins ſevere?

829 4837 2685 185 Haï de tous les Grecs, preſſé de tous coſtez,

830 5011 2751 139 Me faudra-t’il combattre encor vos cruautez?

819 5168 2945 184 Je vous offre mon bras. Puis-je eſperer encore

840 5328 2867 188 Que vous accepterez un cœur qui vous adore?

845 5490 2827 186 En combattant pour vous, me ſera-t'il permis

844 5652 2899 190 De ne vous point conter parmy mes Ennemis?

1696 5921 1561 156 ANDROMAQUE.

849 6184 2945 190 Seigneur, que faites-vous, & que dira la Grece?

850 6328 3191 210 Faut-il qu’un ſi grand cœur montre tant de foibleſſe?
