4267 7638
900 632 270 165 144

900 860 3146 209 le pié dans Troye, & qu’apres l’embraſe¬

905 1060 3135 172 ment de cette Ville, Menelas trouve ſa Fem¬

905 1250 3138 197 me en Egypte, dont elle n'eſtoit point partie.

905 1436 3144 199 Tout cela fondé ſur une opinion qui n'eſtoit

901 1634 3148 195 receuë que parmy les Egyptiens, comme on le

896 1828 1795 185 peut voir dans Herodote.

1054 2007 2980 201 Je ne croy pas que j’euſſe beſoin de cét

900 2196 3130 204 exemple d'Euripide pour juſtifier le peu de

890 2382 3130 208 liberté que j'ay priſe. Car il y a bien de la

895 2582 3121 196 difference entre détruire le principal fonde¬

895 2776 3124 190 ment d'une Fable & en alterer quelques

891 2966 3134 200 incidens, qui changent preſque de face

891 3156 3138 194 dans toutes les mains qui les traittent.

890 3344 3131 200 Ainſi Achille ſelon la pluſpart des Poëtes ne

890 3540 3124 192 peut eſtre bleſſé qu'au talon, quoy qu'Ho¬

890 3728 3130 210 mere le faſſe bleſſer au bras & ne le croye

886 3924 3134 200 invulnerable en aucune partie de ſon corps.

889 4110 3131 204 Ainſi Sophocle fait mourir Jocaſte auſſi-toſt

885 4304 3134 194 apres la reconnoiſſance d'Oedipe, tout au

885 4492 3140 196 contraire d'Euripide qui la fait vivre juſqu'au

885 4686 3136 158 combat & à la mort de ſes deux Fils. Et

886 4876 3135 200 c'eſt à propos de quelque contrarieté de cet¬

880 5068 3128 192 te nature, qu'un Ancien Commentateur de So¬

886 5256 3134 194 phocle remarque fort bien; * Qu'il ne faut

866 5448 3154 202 point s'amuſer à chicaner les Poëtes pour

885 5644 3135 196 quelques changemens qu'ils ont pû faire dans

891 5812 3134 214 la Fable, mais qu'il faut s'attacher à con¬

3593 6401 446 203 ſiderer

985 6086 1118 162 * Sophocl. Electra.
