2479 3508
659 385 1465 150 finies, Soliman commençoit

654 531 1467 154 deſia de ſe leuer, & de ſe pre¬

651 675 1477 156 parer à s'en retourner au Ser¬

654 817 1472 158 rail, lors qu’il aperceut Oſ¬

652 961 1473 158 man fils vnique du Baſſa de la

657 1105 1469 160 Mer, qui fendant la preſſe &

656 1251 1467 154 conduisant vne femme par la

653 1393 1471 156 main, vint ſe ietter à ſes pieds

654 1541 1473 156 auſſi bien qu'elle. Ie ſçay bien

655 1685 1473 158 Seigneur (luy dit-il) que ma

660 1831 1467 134 hardieſſe eſt extreme; mais ie

651 1977 1477 158 ſçay bien auſſi que ta bonté

652 2121 1473 152 eſt infinie. Ie n’ay toutesfois

655 2269 1474 114 beſoin d’elle en cette rencon¬

656 2417 1473 152 tre, que pour me permettre de

653 2567 1477 148 te reconnoiſtre pour Iuge, &

656 2705 1471 158 d’obtenir de toy, qu’en vn

653 2849 1474 154 iour ou tu reçois de ſi glorieu¬

654 2993 1480 166 ses marques de ta valeur, tu

643 228 166 152 28

996 192 886 179 L’Illuſtre Baſſa
