2479 3508
570 385 1536 141 rent debout des deux coſtez, &

571 531 1538 122 le ſeul Ibrahim fut aſſis aux

570 674 1541 148 pieds de fa Hauteſſe, ſur vn

571 819 1541 149 quarreau de toile d’argent. Com¬

571 965 1540 147 me chacun eut pris la place, le

572 1110 1538 146 Baſſa de la Mer qui ce iour là fai¬

572 1251 1532 152 ſoit la charge de Maiſtre des ce¬

571 1396 1540 134 remonies, aduertit les Ambaſſa¬

578 1543 1532 149 deurs, qu’ils pouuoient aller au

567 1687 1541 150 Baiſe-main, & offrir leurs pre¬

575 1836 1536 147 ſents au Grand-Seigneur. Ils y

572 1974 1534 154 furent tous, excepté celuy de

579 2125 1527 151 France, qui par vn priuilege qui

571 2268 1536 148 n’eſt accordé qu'à luy ſeul, fit

572 2410 1534 154 les ſiens en particulier: De peur

575 2557 1531 152 que cette actiõ publique, n'euſt

577 2701 1520 152 quelque image de ſeruitude.

572 2848 1534 151 Auſſi-toſt qu’ils eurent repris

577 2988 1529 157 leur rang, le Muphti parut aſſis

561 233 196 138 14

955 192 910 179 L’Illuſtre Baſſa
