2479 3508
660 201 871 143 Liure premier.

377 349 1512 173 qu’ils fiſſent encor trois ſor¬

381 495 1506 167 ties ſur luy, il les repouſſa tou¬

387 645 1498 169 tes les trois fois, iuſques dans

381 793 1506 165 les meſmes portes. Tout le

373 941 1514 165 monde fut ſurpris de cette ad¬

372 1091 1511 163 uanture, & Soliman ne pou¬

372 1239 1515 165 uant y rien comprendre, de¬

374 1385 1513 147 manda au Baſſa de la Mer, ce

368 1526 1520 170 que cela vouloit dire? Mais le

362 1676 1526 170 Baſſa ſe iettant aux pieds de ſa

366 1824 1520 172 Hauteſſe, l'aſſeura que cette

363 1974 1521 126 action criminelle ne venoit

358 2118 1530 170 point de ſes ordres; & qu'elle

359 2264 1529 172 ne procedoit que de I’inſolen¬

367 2411 1522 133 ce de son Eſclaue. Alors vn

365 2561 1524 145 mouuement de colere, s’em¬

363 2709 1524 169 parant de l’eſprit du grand

367 2855 1514 169 Seigneur, il commanda que

367 2995 1510 179 cét Eſclaue fuſt empallé ſur le

1733 195 167 173 25
