2479 3508
762 229 822 174 Liure premier.

467 389 1464 139 tous. Elle eſtoit ſuiuie de deux

465 525 1466 143 cents Eſclaues du Baſſa de la

461 671 1465 151 Mer, la moitié armez à la Tur¬

452 815 1469 179 que, & la moitié à la Perſien¬

448 965 1468 153 ne, auec des Cimeterres & des

442 1105 1469 169 Boucliers d’argent, qui au ſon

448 1247 1472 169 de cinquante Haubois dan¬

443 1385 1464 177 çoient ce que les Grecs nom¬

434 1532 1476 168 moient dance Pirrhique, &

433 1670 1475 172 ce que l'on peut nommer vne

432 1817 1473 167 dance armée. Les coups y eſ¬

430 1962 1470 130 toient donnez & receus en

425 2096 1470 170 cadence, le changement des

420 2236 1472 170 figures y repreſentoit les ad¬

413 2378 1473 179 uantages & la fuite qui ſuit

417 2518 1466 151 les combats; & le bruit des

416 2660 1460 167 Boucliers & des Cimeterres,

412 2796 1463 187 marquoit la meſure des pas,

406 2952 1468 173 auec autant de iuſteſſe que les

1435 3123 200 130 B ij

1789 268 152 147 19
