2479 3508
639 221 167 164 30 L’Illuſtre Baſſa

642 379 1483 140 Vn diſcours ſi violent, & ſi eſ¬

639 525 1479 158 loigné des ſentimens d’vn

634 671 1487 156 pere, fit que Soliman voulut

638 815 1480 156 s’eſclaircir de ce que c’eſtoit;

629 960 1487 155 ne voulant pas qu’au iour de

632 1107 1485 154 ſa gloire ſon peuple puſt dire,

631 1247 1483 158 qu’il euſt reffuſé d’ouïr les

624 1392 1489 157 pleintes des oppreſſez. Il vou¬

620 1522 1494 139 lut toutesfois en demander

625 1688 1482 155 aduis au grand Viſir Ibrahim,

622 1832 1483 157 qui n’ayant pour but que la

617 1976 1489 155 gloire de ſon Maiſtre, Luy dit,

622 2122 1487 157 qu’en vn temps ou le Ciel luy

617 2268 1489 147 auoit rendu iuſtice, en luy fai¬

614 2412 1491 157 ſant remporter la victoire ſur

614 2560 1492 155 ſes ennemis, il ſeroit en quel¬

615 2704 1485 157 que façon iniuſte, de la reffu¬

614 2848 1483 159 ſer à ceux qui la luy deman¬

619 3000 1475 153 doient. Le premier ſentiment
