2479 3508
811 89 844 115 PREFACE.

409 208 1699 203 dãt que ie parle de la bien-ſcean¬

403 366 1704 203 ce, il eſt a propos de vous dire (de

408 525 1697 196 peur qu'on ne m'accuſe d’ẽ man¬

402 684 1703 195 quer) que ſi vous voyez par tout

415 835 1683 192 mon Ouurage, quand on parle à

402 991 1691 179 Soliman; ta Hauteſſe, ta Ma¬

398 1144 1699 199 ieſté; & qu'enfin on le traitte de

398 1305 1709 194 Toy, & non pas de Vous: ce n'eſt

383 1462 1709 187 pas à faute de reſpect, mais au

381 1614 1702 196 contraire, c'eſt pour en auoir da¬

384 1772 1705 193 vantage: & pour marquer la

382 1926 1683 194 couſtume de ces peuples, qui par¬

377 2080 1713 193 lent ainſi à leurs Souverains. que

350 2236 1737 187 ſi l'authorité des viuans,

362 2394 1725 193 peut auoir autant de force que

373 2548 1710 165 celle des morts, vous en trouve¬

375 2702 1707 199 rez des exemples, dans nos plus

334 2859 1746 186 fameux Romans: & vous ver¬

362 3018 1719 189 rez que leurs Autheurs, n’ont

338 3174 1733 197 pas craint d’employer dans la
