2479 3508
317 389 1500 163 le Sultan de prendre ſa vie au

320 537 1491 137 lieu de la ſienne, ſi ſa faute

312 691 1479 155 n’obtenoit point de pardon.

314 831 1496 127 Soliman tendit les bras à cet

308 977 1508 163 illuſtre Baſſa, & luy dit en le

309 1127 1499 163 releuant, que quand il auroit

309 1275 1496 163 la foudre à la main, ſes prieres

303 1419 1510 167 l’arreſteroient: & que ne pou¬

298 1565 1515 165 uant luy rien refuſer, il luy ac¬

300 1711 1512 165 cordoit la vie & le pardon de

303 1861 1507 121 ce temeraire. Ibrahim ſe ietta

301 2007 1510 165 encore vne fois aux pieds du

295 2153 1512 167 Sultan pour luy rendre grace,

300 2303 1509 159 & apres auoir obtenu du Baſſa

298 2447 1510 165 de la Mer, que cet Eſclaue al¬

298 2587 1510 169 laſt paſſer la nuict chez luy, il

299 2735 1505 159 luy enuoya commander de le

299 2881 1508 173 ſuiure. Toutes les magnifi¬

300 3037 1507 163 cences de ce triomphe eſtant

593 192 830 185 Liure premier.

1648 268 182 123 24
