2479 3508
823 96 833 110 PREFACE.

398 228 1718 178 Hieruſalem; & pour paſſer du

392 394 1730 168 Poëme au Roman, qui eſt mon

388 542 1728 190 principal obiet; dans l'Heliodo¬

404 700 1714 180 re, le mariage de Chariclée & de

402 858 1712 180 Theagenes. ce n'eſt pas que les E¬

384 1016 1734 182 piſodes en l’vn, & les diuerſes hi¬

366 1176 1744 174 ſtoires en l'autre, n'y ſoient plu¬

372 1334 1740 178 ſtoſt des beautez, que des deffaux:

396 1490 1718 176 mais il eſt touſiours neceſſaire,

396 1646 1720 182 que l'adreſſe de celuy qui les em¬

388 1802 1724 182 ploye, les face tenir en quelque

370 1956 1748 186 façon, à cette action principale;

392 2112 1730 185 afin que par cét enchainemẽt inge¬

394 2284 1707 174 nieux, toutes ces parties ne facẽt

400 2436 1723 178 qu'vn corps; & que l’on n'y puiſ¬

384 2586 1730 172 ſe rien voir, de dettaché ni d’inu¬

402 2740 1710 182 tile. Ainſi le mariage de mon Iu¬

380 2898 1736 186 ſtinian & de ſon Iſabelle, eſtant

402 3050 1718 192 l'obiet que ie me ſuis proposé; i'ay

406 3208 1694 192 employé tous mes ſoins, à faire
