2479 3508
365 355 1555 154 dans vn Throſne, porté ſur le

363 509 1558 132 dos d'vn Chameau, & tenant en

366 647 1553 120 ſes mains le liure de l’Alcoran. Il

369 793 1551 160 eſtoit ſuiui de tous les Alfaquis,

359 941 1558 142 les Calenders, & les Deruis de la

370 1089 1553 156 ville de Conſtantinople. Tous

372 1239 1550 160 ces Religieux crioient, & hur¬

371 1383 1553 156 loient, auec vn bruit eſpou¬

367 1533 1556 156 uentable: & pour accompagner

364 1677 1561 140 leurs voix & leur dance, ils

364 1823 1562 162 frappoient des poiſles & des baſ¬

365 1971 1563 138 ſins, & faiſoient ſonner des clo¬

367 2119 1562 160 chettes: de ſorte que ce modeſte

370 2261 1559 162 clergé ne tenoit pas peu des Or¬

370 2411 1556 150 gies de l’ancienne Grece, & des

379 2561 1551 114 Bacchanales de la vieille Ro¬

373 2707 1554 114 me. Comme ils furent deuant le

370 2845 1558 148 Sultan, ils s'arreſterent, firent

373 2995 1553 164 des prieres pour la proſperité de

669 128 874 205 Liure premier.

1774 166 158 178 15
