2479 3508
679 407 1402 120 Comme en effect, il fut dans

681 545 1400 138 la Mingrelie, ou ayant acheté

679 683 1400 134 vn vaiſſeau de guerre, il s’em¬

681 819 1398 140 barqua ſur la Mer Major auec

681 959 1400 132 ſa femme, qui comme elle

681 1091 1396 122 eſtoit la cauſe de ſes malheurs,

677 1225 1406 140 ne voulut point l’abandonner

679 1365 1404 144 en ſon exil. Ils furent quelque

681 1507 1400 138 temps de cette ſorte, ſans ſça¬

673 1641 1412 142 uoir quelle reſolution pren¬

677 1783 1406 120 dre, & ſans auoir d’autre deſ¬

675 1917 1412 138 ſein en la route qu’ils tenoiẽt,

677 2055 1406 140 que de s’eſloigner de la Perſe;

677 2195 1408 136 le grand coeur de mon pere

681 2331 1406 138 ne luy, permettant pas d’al¬

681 2465 1406 102 ler chercher les ennemis de

679 2605 1408 138 Tachmas, pour obtenir d’eux

679 2743 1408 100 vn lieu de retraite: car encor

679 2879 1412 146 qu’il ait quelque cruauté, il eſt

681 251 147 154 42

966 251 875 154 L'Illuſtre Baſſa
