2479 3508
774 201 839 146 Liure premier.

479.0 361.0 1482.0 124.0 bales, de Tambours, de Hau¬

483.0 499.0 1478.0 132.0 bois, de Fiffres, & de Cimba¬

477.0 643.0 1482.0 124.0 les en l'aſſemblée; les Turcs

481.0 783.0 1476.0 110.0 donnerent vn aſſaut à cette

477.0 927.0 1478.0 108.0 feinte ville de Tauris. Si l’at¬

481.0 1067.0 1476.0 152.0 taque fut vigoureuſe, la def¬

479.0 1211.0 1478.0 144.0 fence ne le fut pas moins; l’on

477.0 1355.0 1478.0 140.0 vid laſcher le pied aux Perſes,

475.0 1497.0 1480.0 146.0 l'on vid auſſi repouſſer les

475.0 1641.0 1480.0 144.0 Turcs; & cette fauce image

479.0 1779.0 1476.0 148.0 de guerre, eut toutes les apa¬

477.0 1925.0 1470.0 130.0 rences, d’vn veritable com¬

479.0 2065.0 1474.0 144.0 bat. Mais enfin apres vne

475.0 2207.0 1474.0 142.0 grande reſiſtance, l’Eſclaue

479.0 2351.0 1466.0 144.0 bien fait enfonça les portes;

479.0 2495.0 1464.0 142.0 monta le premier ſur les mu¬

481.0 2637.0 1470.0 124.0 railles; & arrachant les dra¬

479.0 2779.0 1470.0 148.0 peaux du Sophi pour arborer

487.0 2921.0 1466.0 134.0 ceux du Sultan, ſa valeur &

1830 216 119 123 21

1489.0 3077.0 252.0 124.0 B iij
