<?xml version="1.0" encoding="UTF-8"?>
<alto xmlns:xsi="http://www.w3.org/2001/XMLSchema-instance"
      xmlns="http://www.loc.gov/standards/alto/ns-v4#"
      xsi:schemaLocation="http://www.loc.gov/standards/alto/ns-v4# http://www.loc.gov/standards/alto/v4/alto-4-2.xsd">
  <Description>
    <MeasurementUnit>pixel</MeasurementUnit>
    <sourceImageInformation>
      <fileName>Scudery1641_Ibrahim_cb31341849n_corrected_0077.png</fileName>
      
    </sourceImageInformation>
  </Description>
  
  <Tags>
    <OtherTag ID="BT1" LABEL="Title" DESCRIPTION="block type Title"/><OtherTag ID="BT2" LABEL="Main" DESCRIPTION="block type Main"/><OtherTag ID="BT708" LABEL="Damage" DESCRIPTION="block type Damage"/><OtherTag ID="BT709" LABEL="Decoration" DESCRIPTION="block type Decoration"/><OtherTag ID="BT710" LABEL="DropCapital" DESCRIPTION="block type DropCapital"/><OtherTag ID="BT711" LABEL="Figure" DESCRIPTION="block type Figure"/><OtherTag ID="BT712" LABEL="Margin" DESCRIPTION="block type Margin"/><OtherTag ID="BT713" LABEL="MusicNotation" DESCRIPTION="block type MusicNotation"/><OtherTag ID="BT714" LABEL="Numbering" DESCRIPTION="block type Numbering"/><OtherTag ID="BT715" LABEL="RunningTitle" DESCRIPTION="block type RunningTitle"/><OtherTag ID="BT716" LABEL="Signatures" DESCRIPTION="block type Signatures"/><OtherTag ID="BT717" LABEL="Seal" DESCRIPTION="block type Seal"/><OtherTag ID="BT718" LABEL="Table" DESCRIPTION="block type Table"/><OtherTag ID="BT719" LABEL="Stamp" DESCRIPTION="block type Stamp"/>
    <OtherTag ID="LT261" LABEL="DropCapitalLine" DESCRIPTION="line type DropCapitalLine"/><OtherTag ID="LT262" LABEL="Interlinear" DESCRIPTION="line type Interlinear"/><OtherTag ID="LT263" LABEL="MusicLine" DESCRIPTION="line type MusicLine"/><OtherTag ID="LT264" LABEL="Rubric" DESCRIPTION="line type Rubric"/><OtherTag ID="LT265" LABEL="Default" DESCRIPTION="line type Default"/>
  </Tags>
  
  <Layout>
    <Page WIDTH="2479"
          HEIGHT="3508"
          PHYSICAL_IMG_NR="51"
          ID="eSc_dummypage_">
      <PrintSpace HPOS="0"
                  VPOS="0"
                  WIDTH="2479"
                  HEIGHT="3508">
        
        <TextBlock HPOS="318"
                   VPOS="353"
                   WIDTH="1627"
                   HEIGHT="2811"
                   ID="r_1_1"
                   TAGREFS="BT2">
          <Shape><Polygon POINTS="318 353 1945 374 1917 3164 339 3164"/></Shape>
          
          
          <TextLine ID="tl_2"
                    TAGREFS="LT265"
                    BASELINE="354 477 521 477 619 474 956 475 1097 479 1425 512 1571 486 1677 488 1913 473" 
                    HPOS="354"
                    VPOS="363"
                    WIDTH="1560"
                    HEIGHT="172">
            <Shape><Polygon POINTS="354 363 1914 363 1914 535 354 535"/></Shape>
	    <String CONTENT="loit le cheual du corps, ou le che¬"
                    HPOS="354"
                    VPOS="363"
                    WIDTH="1560"
                    HEIGHT="172"></String>
          </TextLine>

          
          
          <TextLine ID="tl_3"
                    TAGREFS="LT265"
                    BASELINE="356 623 498 621 641 623 1108 657 1411 630 1543 630 1911 641" 
                    HPOS="356"
                    VPOS="511"
                    WIDTH="1556"
                    HEIGHT="158">
            <Shape><Polygon POINTS="356 511 1912 511 1912 669 356 669"/></Shape>
	    <String CONTENT="ual de bataille, auoit le mords"
                    HPOS="356"
                    VPOS="511"
                    WIDTH="1556"
                    HEIGHT="158"></String>
          </TextLine>

          
          
          <TextLine ID="tl_4"
                    TAGREFS="LT265"
                    BASELINE="362 769 469 768 743 770 863 776 1011 772 1419 778 1641 781 1913 769" 
                    HPOS="362"
                    VPOS="659"
                    WIDTH="1552"
                    HEIGHT="132">
            <Shape><Polygon POINTS="362 659 1914 659 1914 791 362 791"/></Shape>
	    <String CONTENT="de bride &amp; les eſtrieux d’or maſ¬"
                    HPOS="362"
                    VPOS="659"
                    WIDTH="1552"
                    HEIGHT="132"></String>
          </TextLine>

          
          
          <TextLine ID="tl_5"
                    TAGREFS="LT265"
                    BASELINE="356 920 421 918 709 916 1157 920 1301 924 1911 933" 
                    HPOS="355"
                    VPOS="805"
                    WIDTH="1556"
                    HEIGHT="170">
            <Shape><Polygon POINTS="355 805 1911 805 1911 975 355 975"/></Shape>
	    <String CONTENT="ſif, tous couuerts de pierreries, la"
                    HPOS="355"
                    VPOS="805"
                    WIDTH="1556"
                    HEIGHT="170"></String>
          </TextLine>

          
          
          <TextLine ID="tl_6"
                    TAGREFS="LT265"
                    BASELINE="354 1064 547 1061 833 1064 1255 1070 1395 1070 1754 1105 1907 1083" 
                    HPOS="353"
                    VPOS="953"
                    WIDTH="1554"
                    HEIGHT="170">
            <Shape><Polygon POINTS="353 953 1907 953 1907 1123 353 1123"/></Shape>
	    <String CONTENT="ſelle toute blanche de perles, &amp;"
                    HPOS="353"
                    VPOS="953"
                    WIDTH="1554"
                    HEIGHT="170"></String>
          </TextLine>

          
          
          <TextLine ID="tl_7"
                    TAGREFS="LT265"
                    BASELINE="354 1205 607 1210 1055 1215 1215 1213 1723 1222 1768 1199 1907 1227" 
                    HPOS="354"
                    VPOS="1099"
                    WIDTH="1553"
                    HEIGHT="130">
            <Shape><Polygon POINTS="354 1099 1907 1099 1907 1229 354 1229"/></Shape>
	    <String CONTENT="toute brillante de diamants; la"
                    HPOS="354"
                    VPOS="1099"
                    WIDTH="1553"
                    HEIGHT="130"></String>
          </TextLine>

          
          
          <TextLine ID="tl_8"
                    TAGREFS="LT265"
                    BASELINE="354 1356 851 1358 1037 1361 1407 1366 1820 1370 1909 1373" 
                    HPOS="353"
                    VPOS="1243"
                    WIDTH="1556"
                    HEIGHT="174">
            <Shape><Polygon POINTS="353 1243 1909 1243 1909 1417 353 1417"/></Shape>
	    <String CONTENT="Rondache du Sultan penduë à"
                    HPOS="353"
                    VPOS="1243"
                    WIDTH="1556"
                    HEIGHT="174"></String>
          </TextLine>

          
          
          <TextLine ID="tl_9"
                    TAGREFS="LT265"
                    BASELINE="350 1495 698 1532 988 1510 1200 1511 1646 1515 1902 1545" 
                    HPOS="349"
                    VPOS="1391"
                    WIDTH="1554"
                    HEIGHT="164">
            <Shape><Polygon POINTS="349 1391 1903 1391 1903 1555 349 1555"/></Shape>
	    <String CONTENT="larçon, auec des cordons d’or,"
                    HPOS="349"
                    VPOS="1391"
                    WIDTH="1554"
                    HEIGHT="164"></String>
          </TextLine>

          
          
          <TextLine ID="tl_10"
                    TAGREFS="LT265"
                    BASELINE="344 1643 448 1644 742 1648 1216 1657 1810 1664 1913 1665" 
                    HPOS="343"
                    VPOS="1539"
                    WIDTH="1570"
                    HEIGHT="174">
            <Shape><Polygon POINTS="343 1539 1913 1539 1913 1713 343 1713"/></Shape>
	    <String CONTENT="au bout deſquels traiſnoient à"
                    HPOS="343"
                    VPOS="1539"
                    WIDTH="1570"
                    HEIGHT="174"></String>
          </TextLine>

          
          
          <TextLine ID="tl_11"
                    TAGREFS="LT265"
                    BASELINE="347 1787 598 1820 732 1796 1090 1801 1462 1809 1600 1811 1912 1809" 
                    HPOS="347"
                    VPOS="1685"
                    WIDTH="1566"
                    HEIGHT="174">
            <Shape><Polygon POINTS="347 1685 1913 1685 1913 1859 347 1859"/></Shape>
	    <String CONTENT="terre, de groſſes houpes de perles"
                    HPOS="347"
                    VPOS="1685"
                    WIDTH="1566"
                    HEIGHT="174"></String>
          </TextLine>

          
          
          <TextLine ID="tl_12"
                    TAGREFS="LT265"
                    BASELINE="353 1938 889 1944 1076 1947 1344 1951 1490 1953 1658 1956 1912 1949" 
                    HPOS="353"
                    VPOS="1835"
                    WIDTH="1560"
                    HEIGHT="132">
            <Shape><Polygon POINTS="353 1835 1913 1835 1913 1967 353 1967"/></Shape>
	    <String CONTENT="Orientales. En ſuite de ces ches¬"
                    HPOS="353"
                    VPOS="1835"
                    WIDTH="1560"
                    HEIGHT="132"></String>
          </TextLine>

          
          
          <TextLine ID="tl_13"
                    TAGREFS="LT265"
                    BASELINE="343 2077 568 2084 1172 2095 1312 2099 1468 2103 1783 2133 1912 2109" 
                    HPOS="342"
                    VPOS="1981"
                    WIDTH="1570"
                    HEIGHT="172">
            <Shape><Polygon POINTS="342 1981 1912 1981 1912 2153 342 2153"/></Shape>
	    <String CONTENT="uaux marchoient en vn rang, le"
                    HPOS="342"
                    VPOS="1981"
                    WIDTH="1570"
                    HEIGHT="172"></String>
          </TextLine>

          
          
          <TextLine ID="tl_14"
                    TAGREFS="LT265"
                    BASELINE="341 2224 818 2235 1115 2268 1274 2248 1420 2246 1912 2255" 
                    HPOS="340"
                    VPOS="2123"
                    WIDTH="1572"
                    HEIGHT="176">
            <Shape><Polygon POINTS="340 2123 1912 2123 1912 2299 340 2299"/></Shape>
	    <String CONTENT="Tubenter Aga, &amp; le Chiodar"
                    HPOS="340"
                    VPOS="2123"
                    WIDTH="1572"
                    HEIGHT="176"></String>
          </TextLine>

          
          
          <TextLine ID="tl_15"
                    TAGREFS="LT265"
                    BASELINE="343 2372 595 2390 812 2381 1330 2389 1460 2393 1912 2405" 
                    HPOS="342"
                    VPOS="2273"
                    WIDTH="1570"
                    HEIGHT="170">
            <Shape><Polygon POINTS="342 2273 1912 2273 1912 2443 342 2443"/></Shape>
	    <String CONTENT="Aga, qui portoient le Turban"
                    HPOS="342"
                    VPOS="2273"
                    WIDTH="1570"
                    HEIGHT="170"></String>
          </TextLine>

          
          
          <TextLine ID="tl_16"
                    TAGREFS="LT265"
                    BASELINE="351 2522 438 2522 538 2519 1000 2528 1913 2547" 
                    HPOS="350"
                    VPOS="2413"
                    WIDTH="1564"
                    HEIGHT="174">
            <Shape><Polygon POINTS="350 2413 1914 2413 1914 2587 350 2587"/></Shape>
	    <String CONTENT="&amp; le Manteau Imperial. Derriere"
                    HPOS="350"
                    VPOS="2413"
                    WIDTH="1564"
                    HEIGHT="174"></String>
          </TextLine>

          
          
          <TextLine ID="tl_17"
                    TAGREFS="LT265"
                    BASELINE="349 2659 510 2663 960 2678 1257 2682 1590 2691 1911 2721" 
                    HPOS="348"
                    VPOS="2563"
                    WIDTH="1564"
                    HEIGHT="176">
            <Shape><Polygon POINTS="348 2563 1912 2563 1912 2739 348 2739"/></Shape>
	    <String CONTENT="eux Ibrahim Balſſa grand Viſir,"
                    HPOS="348"
                    VPOS="2563"
                    WIDTH="1564"
                    HEIGHT="176"></String>
          </TextLine>

          
          
          <TextLine ID="tl_18"
                    TAGREFS="LT265"
                    BASELINE="345 2808 796 2819 998 2820 1352 2831 1521 2836 1677 2840 1913 2821" 
                    HPOS="344"
                    VPOS="2707"
                    WIDTH="1570"
                    HEIGHT="136">
            <Shape><Polygon POINTS="344 2707 1914 2707 1914 2843 344 2843"/></Shape>
	    <String CONTENT="marchoit ſeul monté ſur vn Bar¬"
                    HPOS="344"
                    VPOS="2707"
                    WIDTH="1570"
                    HEIGHT="136"></String>
          </TextLine>

          
          
          <TextLine ID="tl_19"
                    TAGREFS="LT265"
                    BASELINE="349 2950 461 2954 755 2981 1033 2969 1159 2974 1585 2985 1913 2985" 
                    HPOS="348"
                    VPOS="2847"
                    WIDTH="1566"
                    HEIGHT="150">
            <Shape><Polygon POINTS="348 2847 1914 2847 1914 2997 348 2997"/></Shape>
	    <String CONTENT="be noir, dont le harnois eſtoit"
                    HPOS="348"
                    VPOS="2847"
                    WIDTH="1566"
                    HEIGHT="150"></String>
          </TextLine>

          
          
          <TextLine ID="tl_20"
                    TAGREFS="LT265"
                    BASELINE="351 3094 463 3098 877 3114 1053 3117 1451 3127 1908 3163" 
                    HPOS="350"
                    VPOS="2997"
                    WIDTH="1560"
                    HEIGHT="166">
            <Shape><Polygon POINTS="350 2997 1910 2997 1910 3163 350 3163"/></Shape>
	    <String CONTENT="de velours de meſme couleur,"
                    HPOS="350"
                    VPOS="2997"
                    WIDTH="1560"
                    HEIGHT="166"></String>
          </TextLine>

          
        </TextBlock>
        
        <TextBlock HPOS="620"
                   VPOS="195"
                   WIDTH="919"
                   HEIGHT="188"
                   ID="eSc_textblock_839cbd14"
                   TAGREFS="BT715">
          <Shape><Polygon POINTS="620 195 620 383 1539 383 1539 195"/></Shape>
          
          
          <TextLine ID="tl_1"
                    TAGREFS="LT265"
                    BASELINE="631 326 952 325 1535 336 1546 336" 
                    HPOS="628"
                    VPOS="190"
                    WIDTH="912"
                    HEIGHT="160">
            <Shape><Polygon POINTS="628 324 628 204 640 198 692 204 710 190 777 190 806 219 839 225 871 207 1037 228 1116 228 1140 204 1166 219 1224 213 1239 225 1271 201 1292 213 1321 201 1356 216 1414 216 1444 201 1467 213 1485 198 1540 198 1540 350 1520 339 1490 350 1461 339 1303 350 1289 336 1227 347 1178 347 1163 336 1099 336 1081 347 991 336 792 344 777 330 757 342 742 330 722 342 704 330 689 342 628 342"/></Shape>
	    <String CONTENT="Liure premier."
                    HPOS="628"
                    VPOS="190"
                    WIDTH="912"
                    HEIGHT="160"></String>
          </TextLine>

          
        </TextBlock>
        
        <TextBlock HPOS="1762"
                   VPOS="209"
                   WIDTH="181"
                   HEIGHT="160"
                   ID="eSc_textblock_2acf0ee1"
                   TAGREFS="BT714">
          <Shape><Polygon POINTS="1762 209 1762 369 1943 369 1943 209"/></Shape>
          
          
          <TextLine ID="eSc_line_d26489b0"
                    TAGREFS="LT265"
                    BASELINE="1790 345 1929 342" 
                    HPOS="1786"
                    VPOS="245"
                    WIDTH="140"
                    HEIGHT="114">
            <Shape><Polygon POINTS="1789 344 1786 245 1920 254 1926 339 1914 359 1789 350"/></Shape>
	    <String CONTENT="11"
                    HPOS="1786"
                    VPOS="245"
                    WIDTH="140"
                    HEIGHT="114"></String>
          </TextLine>

          
        </TextBlock>
        

        
      </PrintSpace>
    </Page>
  </Layout>
</alto>
