2479 3508
580 377 1527 170 auſſi bien que l'habillement de

579 523 1529 144 cét Illuſtre Baſſa, le tout en bro¬

578 667 1531 168 derie de groſſes perles: il portoit

577 813 1531 124 à la main & ſans fourreau le Ci¬

574 953 1531 162 metterre Imperial. Les cent

573 1101 1535 162 Peiks ou laquais du Grand Sei¬

572 1245 1535 164 gneur marchoient en ſuitte ſans

577 1388 1527 161 tenir de rang, auec leurs bonnets

574 1530 1529 165 d'argent maſſif ſur la teſte: du

568 1679 1539 164 milieu deſquels ſortoit d‘vn tuy¬

569 1828 1531 155 au couuert de pierreries, des Ai¬

566 1974 1535 155 grettes d’vne grandeur extraor¬

567 2114 1531 161 dinaire. Cinquãte Archers à pied

568 2258 1529 143 les ſuiuoient, auec l’arc & la fle¬

565 2400 1531 159 che à la main, au milieu deſquels

568 2546 1531 143 eſtoit Sultan Soliman, veſtu d’v¬

561 2692 1531 157 ne robe de drap d’or en brode¬

562 2836 1529 159 rie de perles & de diamants, ſon

559 2974 1533 165 Turban eſtoit orné de cinq maſ¬

578 210 141 170 12

900 198 915 170 L'Illuſtre Baſſa
