2479 3508
858 109 797 98 PREFACE.

414 238 1646 156 urage il faloit conſulter les Grecs,

410 402 1650 154 qui ont eſté nos premiers maiſtres;

391 532 1671 170 ſuiure la route qu'ils ont tenuë; Et

415 694 1646 128 tacher en les imitant, d’arriuer à

412 846 1649 156 la meſme fin, que ces grands hom¬

414 996 1656 156 mes s'eſtoient proposée. I'ay donc

414 1152 1654 150 veu dans ces fameux Romans de

409 1302 1663 156 l'Antiquité, qu'a l'imitation du

417 1452 1654 162 poëme Epique, il y a vne action

410 1606 1661 154 principale, ou toutes les autres

392 1752 1683 162 ſont attachées; qui regne par tout

414 1908 1662 164 l'ouurage; & qui fait qu'elles n'y

393 2060 1681 158 ſont employées, que pour la con¬

415 2218 1666 150 duire à ſa perfection. Cette action

415 2364 1670 134 dam l'Iliade d'Homere eſt la rui¬

422 2516 1671 160 ne de Troye: dãs ſon Odyßée, le re¬

420 2664 1668 158 tour d'Vlyſſe à Itaque: dãs Virgil-

417 2820 1677 126 le, la mort de Turne ou pour mieux

419 2966 1676 158 dire la conqueſte de l'Italie; plus

413 3112 1686 180 pres de nous dãs le Taſſe, la priſe de
