2479 3508
305 394 1515 156 pourtant genereux. Il ne vou¬

310 540 1507 156 lait pas auſſi aller chez les

310 692 1514 148 Princes alliez de noſtre Empi¬

311 840 1511 148 re, de crainte de n’y eſtre pas

309 986 1516 154 receu fauorablement. Cepen¬

310 1136 1517 146 dant ces irreſolutions n’ayant

311 1282 1521 150 point de fin, les munitions du

311 1428 1518 152 vaiſſeau d’iminuoient chaque

308 1576 1525 146 iour: Le Pilote auoit beau luy

312 1722 1524 154 demander où il vouloit pren¬

315 1872 1514 154 dre terre? Il ne trouuoit point

314 2014 1527 116 de lieu en toute la Carte vni¬

312 2160 1520 120 uerſelle où il vouluſt aborder.

321 2312 1521 150 Six mois ſe paſſerent de cette

323 2448 1518 144 ſorte, à courir toutes les Mers

324 2604 1516 116 du Leuant: & comme ma

323 2758 1525 153 mere s’eſtoit trouuée grosse

329 2898 1514 159 de moy lors qu’elle s’eſtoit

330 3042 1513 165 embarquée; Elle n’eſtoit pas

570 241 888 163 Liure premier.

1626 241 198 163 43
