2479 3508
435 224 1716 208 noiſtre parfaictement, il ne ſuffit

428 390 1723 209 pas de dire, combien de fois ils

445 553 1709 195 ont fait naufrage, et combien de

413 712 1733 197 fois ils ont rencontré des volleurs:

436 872 1694 185 mais il faut faire iuger par leurs

435 1034 1722 185 diſcours, quelles ſont leurs incli¬

438 1191 1718 148 nations: autrement, l'on est en

434 1357 1727 142 droit de dire à ces Heros muets,

432 1514 1731 162 ce beau mot de l'antiquité. PARLE

443 1679 1721 155 AFIN QVE IE TE VOYE. Que ſi de la

435 1832 1726 182 vray-ſemblance et des inclina¬

443 1989 1723 184 tions, exprimées par les parolles,

445 2151 1718 169 nous voulons paſſer aux mœurs;

438 2304 1731 183 aller du plaiſant a l'vtile, et du

447 2465 1721 181 diuertiſſement à l'exemple: i’ay

443 2625 1730 168 à vous dire Lecteur, qu'icy la

450 2787 1725 169 vertu paroiſt touſiours recompẽ¬

445 2942 1745 171 sée, & le vice touſiours puni: ſi

434 3096 1733 175 par vn iuſte ſenſible repentir,

450 3236 1724 201 celuy qui a ſuiui ſon deſregle¬

1639 3434 215 74 ĩ iiii

841 104 832 117 PREFACE.
