2479 3508
371 353 1577 124 de meſme aux mains & aux

369 489 1583 178 pieds, portoient le Throſne d'or

374 637 1578 160 maſſif, de Tachmas Sophi de

382 785 1571 172 Perſe, que l’on auoit trouué dans

383 929 1570 158 Tauris, & tous les riches vaſes

387 1081 1569 168 d’Agathe & de Turquoiſe, dont

388 1231 1570 166 ce Monarque ſe ſeruoit. Douze

390 1375 1565 164 Elephants eſtoient menez apres

389 1519 1563 144 cela, & deux cents Chameaux

393 1663 1563 168 chargez de l’or, de l’argent, &

392 1815 1570 166 des pierreries, que l'on auoit pri¬

398 1961 1567 160 ſes dans le Threſor du Sophi. Vn

395 2109 1572 164 grand Char tiré par douze Bar¬

401 2249 1573 168 bes iſabelle ſuiuoit apres, où

404 2399 1576 164 pendoient cent Drapeaux deſ¬

406 2541 1575 168 ployez que les Turcs auoient gai¬

407 2691 1579 156 gnez ſur les Perſes, au milieu

417 2835 1567 168 deſquels s’eſleuoit vn ſuperbe

416 2985 1568 172 Trophée, compoſé de cuiraſſes

1433 3142 293 138 A iiij

736 187 851 149 Liure premier.

1824 207 122 117 7
