2479 3508
617 377 1493 183 luy demander permiſſion d’y

618 525 1489 167 reſpondre; mais luy ayant fait

611 669 1500 171 ſigne qu’il le ſouhaitoit, elle

608 815 1497 149 ſe tourna vers Soliman, auec

608 967 1497 133 vne contenance modeſte &

605 1107 1498 175 aſſurée tout enſemble, qui

607 1249 1492 171 commença deſia de luy obte¬

600 1397 1501 131 nir l’attention & la bien-veil¬

599 1541 1502 173 lance, de tous ceux qui la pou¬

596 1689 1499 133 uoient entendre. Alibech

601 1835 1492 171 (c’eſt ainſi que s'appeloit cet¬

591 1973 1502 161 te femme) eſtoit ieune & bel¬

591 2123 1498 175 le, & l’on euſt pu dire que ſa

587 2269 1502 173 beauté euſt eſté ſans compa¬

587 2407 1496 177 raiſon, ſi elle n'euſt pas eu le

585 2563 1490 169 teint vn peu hallé du Soleil.

580 2705 1499 135 Elle auoit la mine haute ſans

579 2855 1500 177 eſtre ſuperbe, & vne ingenui¬

583 2997 1500 187 té ſur le viſage, qui ne permet¬

1907 3185 168 97 toit

604 221 142 173 32

947 221 903 173 L’Illuſtre Baſſa
