2479 3508
623.0 414.0 1493.0 150.0 phe. Apres que toutes ces

622.0 540.0 1496.0 168.0 Troupes liberales furent paſ¬

621.0 691.0 1499.0 147.0 ſées, comme la Turquie eſt le

623.0 829.0 1496.0 148.0 lieu du monde, où il y a le

621.0 974.0 1498.0 173.0 plus de Baſteleurs, il en parut

621.0 1118.0 1497.0 173.0 plus de deux mille, qui firent

627.0 1270.0 1494.0 159.0 en la preſence du grand Sei¬

624.0 1408.0 1496.0 175.0 gneur, tout ce que la ſubtilité

628.0 1552.0 1493.0 156.0 des mains, & tout ce que l'a¬

627.0 1708.0 1494.0 142.0 dreſſe & la force du corps, peu¬

629.0 1853.0 1492.0 142.0 uent naturellement permet¬

631.0 1993.0 1491.0 146.0 tre aux hommes. L’on vid pa¬

635.0 2139.0 1488.0 145.0 roiſtre en ſuite vne grande

633.0 2277.0 1491.0 169.0 machine qui repreſentoit la

631.0 2424.0 1493.0 143.0 ville de Tauris, & dont les

631.0 2574.0 1499.0 130.0 Tours eſtoient couuertes des

636.0 2713.0 1493.0 173.0 drapeaux des Perſes, que l'on

636.0 2865.0 1491.0 127.0 reconnoiſſoit à leur ancienne

636.0 3007.0 1493.0 174.0 Image du Soleil qu'ils auoient

616 245 158 140 18

979 216 886 169 L'Illuſtre Baſſa
