2479 3508
489 311 1685 179 te ſçay que leurs Royaumes meſ¬

495 453 1679 183 mes ne ſont point en la Carthe

490 631 1687 161 vniuerſelle, ou pour mieux dire,

499 780 1683 186 en l'étre des choſes? mais ce n'eſt

494 937 1681 181 pas le ſeul deffaut, qui peut

509 1095 1667 173 nous esloigner de la vray-ſem¬

508 1261 1669 163 blance: Et nous auons autre-fois

511 1419 1661 167 veu des Romans, qui nous pro¬

514 1575 1661 171 duiſoient des Monſtres, en pen¬

503 1730 1679 168 ſant nous faire voir des miracles

520 1890 1667 168 leurs Autheurs pour s'atacher

527 2048 1657 166 trop au merueilleux, ont fait des

524 2204 1663 172 Groteſques, qui tiennent beau¬

527 2352 1664 178 coup des viſions de la fieure chau¬

536 2520 1654 170 de; & l'on pourroit, auec plus de

532 2674 1659 174 raiſon que n'en auoit le Duc de

539 2828 1655 170 Ferrare, demander à ces Meſ¬

514 2992 1677 174 ſieurs ce qu'il demanda à l’Ario¬

523 3140 1671 186 ſte, apres auoir leu ſon Roland;

552 3306 1655 140 Meſſer Lodoico, doue Diauolo

912 171 856 111 PREFACE.
