2479 3508
666 248 857 129 Liure premier.

376 387 1473 167 d’argent mat, que quatre che¬

379 529 1475 129 uaux blancs traiſnoient, &

382 673 1471 163 qu’ils donnerent à ſa Hauteſ¬

381 821 1465 151 ſe. Tous les Meſtiers parurent

373 961 1474 153 en ſuite, faiſant chacun quel¬

368 1107 1477 155 que riche ouurage de ſa pro¬

365 1247 1479 141 feſſion, mais auec vne dili¬

364 1393 1473 153 gence ſi extraordinaire, qu’a¬

359 1531 1483 157 uant que le tour de la place

353 1673 1488 157 fuſt acheué, le preſent eſtoit

355 1815 1486 119 en eſtat d’eſtre offert au

351 1951 1487 159 grand Soliman. Il les receut

346 2099 1491 133 tous fauorablement, & les

351 2241 1479 127 donna tous à l’heure meſme à

347 2383 1488 167 ſon cher Ibrahim, auquel il

348 2527 1481 153 dit qu’ils eſtoient bien deubs,

347 2669 1475 154 puiſque c’eſtoit de ſon coura¬

342 2811 1485 167 ge & de ſa conduite, qu’il te¬

341 2955 1475 124 noit Le la victoire à le triom¬

1442 3126 72 91 B

1710 225 143 184 17
