2479 3508
951 48 812 108 PREFACE.

433 184 1745 179 ſçay qu'il eſt de ce trauail, comme

454 340 1725 177 des ſciences mathematiques, où

449 507 1735 166 l'operation peut manquer, quoy

458 661 1727 172 que l’art ne manque iamais. außi

455 819 1736 166 ne fay-je ce diſcours, que pour

457 971 1731 172 vous montrer que ſi i'ay laißé des

434 1137 1753 166 fautes en mon liure, elles ſont vn

463 1288 1717 171 effect de ma foibleſſe, & non pas

460 1450 1721 167 de ma negligence. Souffrez donc

463 1606 1723 169 que ie vous deſcouure tous les

456 1762 1730 167 reſſorts de cette machine; & que

454 1926 1733 157 ie vous face voir, ſinon tout ce

463 2081 1729 166 que i'ay fait, au moins tout ce que

460 2240 963 157 i’ay taché de faire.

605 2398 1583 164 Comme nous ne pouuons eſtre

436 2542 1747 177 ſçauans, que de ce que les autres

465 2712 1716 165 nous enſeignent; Et que c'eſt à ce¬

467 2854 1717 179 luy qui vient le dernier, a ſuiure

472 3026 1715 173 ceux qui le deuancent: l’ay creu

475 3184 1711 189 que pour dreßer le plan de cet ou¬

1608 3355 239 132 ẽ iiij
