2479 3508
333 348 1508 172 du Sultan, ayant eſté confirmé

335 501 1492 173 par les conſeils d’vn homme,

337 642 1506 180 qui pouuoit toutes choſes en

337 794 1508 174 ſon eſprit; il commanda au

331 940 1509 151 Baſſa de la Mer de ſe taire, &

339 1088 1510 168 à cette femme qu’Oſman

339 1232 1510 168 auoit conduite à ſes pieds, de

341 1384 1508 170 luy dire, quel intereſt elle pre¬

339 1532 1511 154 noit, en la fortune de cét hõ¬

339 1676 1504 170 me: afin qu’aprenant la choſe,

347 1826 1507 168 d'vne perſonne qui ſembloit

347 1970 1509 166 eſtre la moins capable de la

345 2118 1515 170 deſguiſer, il puſt auſſi en don¬

343 2266 1519 168 ner vn iugement plus equita¬

352 2412 1510 168 ble. Cette femme ayant ouy

358 2564 1504 164 ce commandement ne put

354 2706 1512 162 pourtãt ſe reſoudre d’y obeïr,

358 2850 1508 168 qu’auparauant elle n’euſt re¬

360 3002 1510 168 gardé Oſman, comme pour

615 196 877 177 Liure premier.

1691 196 146 177 31
