2479 3508
671 368 1399 154 dont la gloire & la force con¬

666 509 1401 151 ſiſte principalement, en la va¬

664 645 1400 149 leur des perſonnes nobles

665 781 1401 149 dont elle eſt remplie. Enfin

662 919 1393 149 ils agirent d’vne telle ſorte,

659 1055 1403 151 que mon pere fut declaré cri¬

656 1189 1411 135 minel, comme contreuenant

657 1325 1411 117 aux loix fondamentales de

653 1465 1413 131 l'Eſtat; & contraint de ſubir

652 1601 1413 155 les chaſtimens que ie viens de

651 1739 1407 135 dire: à cauſe que la Prouince

646 1875 1419 115 où il commandoit ſi abſolu¬

644 2017 1422 149 ment quand il eſtoit en grace,

645 2151 1417 149 ſe reuolta contre luy, & ne luy

644 2287 1413 153 laiſſa qu’à peine, la liberté de

643 2423 1419 115 chercher vn azile ailleurs. Car

638 2559 1421 117 i’oubliois de dire à ta Hauteſ¬

641 2699 1415 153 ſe, que cette meſme loy qui

637 2837 1418 155 vouloit la ruine entiere de

672 222 158 160 40

1016 222 825 160 L'Illuſtre Baſſa
