2479 3508
663 251 938 123 Liure Premier.

359 404 1556 139 des chaiſnes d'or, les mains der¬

364 546 1549 119 riere le dos. Ces illuſtres mal¬

360 700 1552 155 heureux eſtoient ſuiuis de cinq

363 840 1547 161 cents volontaires, que les Turcs

358 988 1545 157 appellent Dellis, montez ſur des

360 1136 1546 155 chenaux bardez & caparaſſon¬

357 1280 1547 155 nez de peaux de Lyon, auec la

357 1428 1542 155 queuë de ce genereux animal

348 1574 1545 153 ſur le chãfrain au lieu de penna¬

346 1720 1550 117 che: leurs habits eſtoient de la

337 1866 1557 159 peau d’vn Ours, leurs tocques

340 2008 1553 161 de celle d'vn Leopard bien mou¬

336 2156 1556 159 chetté, ſur ces tocques la queuë

339 2304 1545 155 d’vne Aigle, & ſur leurs Ron¬

339 2446 1548 163 daches les ailes du meſme oy¬

336 2594 1547 117 ſeau. Ils auoient le Cimetter¬

333 2742 1545 137 re au coſté, la malle d’armes

329 2882 1546 147 à l’arçon, & vne Lance à la

1818 225 102 201 9
