2479 3508
416 405 1521 135 commandé encor vne fois, de

424 553 1507 167 luy aprendre leurs differents,

421 699 1503 125 elle continua ſon diſcours.

409 847 1519 167 Puis qu’il faut (dit-elle) que

410 999 1523 161 i’obeiſſe, & que ie ne puis con¬

414 1143 1513 155 ſeruer vn mary, ſans deſcou¬

409 1289 1521 125 urir les malheurs de mon

403 1437 1526 165 pere, il faut diſ-ie que i’apren¬

402 1585 1527 163 ne à ta Hauteſſe, que ſon nom

402 1729 1524 165 eſt Arſalon, qu’il eſt né ſuiet

399 1877 1521 163 du Sophi de Perſe, & que dans

399 2023 1500 165 le temps qu’il eſtoit à ſa Cour,

396 2169 1521 167 il eſtoit Satrape d’Aderbion,

399 2314 1533 166 & ſi conſiderable aupres de

399 2461 1525 165 Tachmas, qu'il n'y auoit per¬

408 2609 1521 165 ſonne en cet Empire, qui le

400 2753 1529 171 fuſt dauantage que luy. Mais

403 2901 1533 125 comme ſon humeur à touſ¬

393 3053 1537 145 jours eſté violente en toutes

1406 3209 261 142 C iij

703 256 890 172 Liure premier.

1779 256 159 172 37
