2479 3508
577 327 1493 144 chaiſner, & de traiſner leurs

571 481 1498 148 drapeaux par terre. Mais com¬

570 619 1499 160 me le combat fut commencé,

569 767 1501 156 ce genereux Eſclaue qui auoit

573 915 1500 148 attiré les yeux de toute l'aſ¬

568 1057 1505 154 ſemblée ſur luy, à la priſe de

574 1203 1496 138 la feinte ville de Tauris, tom¬

573 1349 1501 152 ba tout à coup d’vn ieu, dans

572 1495 1501 152 vne penſée plus ſerieuſe; &

576 1641 1496 152 eſtant emporté du zele de ſa

571 1785 1505 156 Religion, il paſſa de la troupe

573 1933 1498 154 Turque dans la Chreſtienne,

576 2079 1499 152 & en changeant de parti, fit

571 2223 1503 154 changer la face des choſes. Les

573 2369 1500 156 Turcs qu'il auoit abandõnez,

570 2513 1503 122 taſcherent bien de le vaincre

568 2661 1506 156 auecques les autres, mais il les

569 2807 1503 152 mena batant iuſques dans les

574 2957 1497 156 porte de la ville; & quoy

575 201 211 123 24

920 143 895 181 L'Illuſtre Baſſa
