2479 3508
529.0 440.0 1516.0 142.0 inſtruments. Entre ces Eſcla¬

537.0 588.0 1512.0 170.0 ues, il y en eut vn dans la

540.0 736.0 1510.0 176.0 troupe Turque, qui par ſa

539.0 876.0 1514.0 174.0 bonne mine & par ſon adreſ¬

542.0 1022.0 1512.0 168.0 ſe, attira les yeux de toute l’aſ¬

539.0 1162.0 1520.0 180.0 ſemblée ſur luy: mais le grand

544.0 1306.0 1516.0 182.0 Viſir ne l'eut pas ſi toſt aper¬

543.0 1456.0 1517.0 180.0 ceu, qu'il fremit d’eſtonne¬

544.0 1602.0 1519.0 180.0 ment & de ioye, & qu'il ne

549.0 1750.0 1515.0 176.0 douta point du tout, que ce ne

548.0 1890.0 1519.0 180.0 fuit celuy qu’il penſoit con¬

553.0 2038.0 1515.0 174.0 noiſtre. Cependant la machi¬

554.0 2184.0 1513.0 176.0 ne & les deux troupes ayant

557.0 2330.0 1509.0 174.0 fait le tour du camp, cette

562.0 2470.0 1509.0 178.0 ville s'arreſta à l'oppoſite du

567.0 2614.0 1503.0 182.0 grand Seigneur, & les Per¬

568.0 2760.0 1501.0 178.0 ſiens ſe ietterent dans la pla¬

575.0 2906.0 1501.0 178.0 ce. Lors au ſon de tout ce qu’il

574.0 3060.0 1511.0 176.0 y auoit de Trompettes, d’Ata¬

520 312 166 129 20

900 254 921 178 L'Illuſtre Baſſa
