2479 3508
339 356 1547 156 ſes d’heron, & d’autant d’enſei¬

338 500 1548 184 gnes de pierreries: & le harnois

342 652 1545 138 de ſon cheual, tout couuert d’é¬

341 796 1543 154 meraudes, & de rubis. Il eſtoit

338 948 1543 140 ſuiui de tous les Baſſas, & de

336 1088 1541 174 tous les Beglierbeis de l’Empire,

337 1234 1551 172 apres leſquels vn Boluch Baſſi,

338 1384 1549 128 marchoit à la teſte de deux mille

338 1528 1551 170 Ianiſſaires, qui eſtoient les der¬

331 1676 1561 168 nieres trouppes, de cette ſuperbe

338 1822 1552 168 entrée. Apres que ce merueilleux

340 1972 1549 164 triomphe eut fait le tour de la

333 2114 1571 168 place de l’Hipodrome, tout ſe

340 2262 1553 164 rengea à droit & à gauche, & le

339 2408 1552 162 Sultan fut mettre pied à terre,

345 2556 1547 158 dans vne Tente de drap d’orfri¬

340 2700 1551 162 ſé, que l'on auoit dreſſée ſous les

341 2838 1539 132 feneſtres de la Sultane Reine.

353 2988 1537 128 tous les Grãds de la Porte reſte¬

663 187 851 160 Liure premier.

1745 195 149 147 13
