<?xml version="1.0" encoding="UTF-8"?>
<alto xmlns:xsi="http://www.w3.org/2001/XMLSchema-instance"
      xmlns="http://www.loc.gov/standards/alto/ns-v4#"
      xsi:schemaLocation="http://www.loc.gov/standards/alto/ns-v4# http://www.loc.gov/standards/alto/v4/alto-4-2.xsd">
  <Description>
    <MeasurementUnit>pixel</MeasurementUnit>
    <sourceImageInformation>
      <fileName>Scudery1641_Ibrahim_cb31341849n_corrected_0038.png</fileName>
      
    </sourceImageInformation>
  </Description>
  
  <Tags>
    <OtherTag ID="BT1" LABEL="Title" DESCRIPTION="block type Title"/><OtherTag ID="BT2" LABEL="Main" DESCRIPTION="block type Main"/><OtherTag ID="BT708" LABEL="Damage" DESCRIPTION="block type Damage"/><OtherTag ID="BT709" LABEL="Decoration" DESCRIPTION="block type Decoration"/><OtherTag ID="BT710" LABEL="DropCapital" DESCRIPTION="block type DropCapital"/><OtherTag ID="BT711" LABEL="Figure" DESCRIPTION="block type Figure"/><OtherTag ID="BT712" LABEL="Margin" DESCRIPTION="block type Margin"/><OtherTag ID="BT713" LABEL="MusicNotation" DESCRIPTION="block type MusicNotation"/><OtherTag ID="BT714" LABEL="Numbering" DESCRIPTION="block type Numbering"/><OtherTag ID="BT715" LABEL="RunningTitle" DESCRIPTION="block type RunningTitle"/><OtherTag ID="BT716" LABEL="Signatures" DESCRIPTION="block type Signatures"/><OtherTag ID="BT717" LABEL="Seal" DESCRIPTION="block type Seal"/><OtherTag ID="BT718" LABEL="Table" DESCRIPTION="block type Table"/><OtherTag ID="BT719" LABEL="Stamp" DESCRIPTION="block type Stamp"/>
    <OtherTag ID="LT261" LABEL="DropCapitalLine" DESCRIPTION="line type DropCapitalLine"/><OtherTag ID="LT262" LABEL="Interlinear" DESCRIPTION="line type Interlinear"/><OtherTag ID="LT263" LABEL="MusicLine" DESCRIPTION="line type MusicLine"/><OtherTag ID="LT264" LABEL="Rubric" DESCRIPTION="line type Rubric"/><OtherTag ID="LT265" LABEL="Default" DESCRIPTION="line type Default"/>
  </Tags>
  
  <Layout>
    <Page WIDTH="2479"
          HEIGHT="3508"
          PHYSICAL_IMG_NR="24"
          ID="eSc_dummypage_">
      <PrintSpace HPOS="0"
                  VPOS="0"
                  WIDTH="2479"
                  HEIGHT="3508">
        
        <TextBlock HPOS="800"
                   VPOS="114"
                   WIDTH="946"
                   HEIGHT="147"
                   ID="r_1_1"
                   TAGREFS="BT715">
          <Shape><Polygon POINTS="856 114 1732 121 1746 261 800 254"/></Shape>
          
          
          <TextLine ID="tl_1"
                    TAGREFS="LT265"
                    BASELINE="871 237 1717 227" 
                    HPOS="871"
                    VPOS="129"
                    WIDTH="846"
                    HEIGHT="110">
            <Shape><Polygon POINTS="871 129 1717 129 1717 239 871 239"/></Shape>
	    <String CONTENT="PREFACE."
                    HPOS="871"
                    VPOS="129"
                    WIDTH="846"
                    HEIGHT="110"></String>
          </TextLine>

          
        </TextBlock>
        
        <TextBlock HPOS="357"
                   VPOS="247"
                   WIDTH="1807"
                   HEIGHT="3246"
                   ID="r_1_2"
                   TAGREFS="BT2">
          <Shape><Polygon POINTS="377 247 2164 268 2164 3472 357 3493"/></Shape>
          
          
          <TextLine ID="tl_2"
                    TAGREFS="LT265"
                    BASELINE="407 383 791 387 903 409 1173 379 1821 377 1971 383 2141 399" 
                    HPOS="407"
                    VPOS="269"
                    WIDTH="1734"
                    HEIGHT="166">
            <Shape><Polygon POINTS="407 269 2141 269 2141 435 407 435"/></Shape>
	    <String CONTENT="obſeruer, en la compoſition de ces"
                    HPOS="407"
                    VPOS="269"
                    WIDTH="1734"
                    HEIGHT="166"></String>
          </TextLine>

          
          
          <TextLine ID="tl_3"
                    TAGREFS="LT265"
                    BASELINE="411 549 773 549 995 571 1245 539 1401 535 1523 537 1653 537 1883 519 2125 537" 
                    HPOS="411"
                    VPOS="427"
                    WIDTH="1714"
                    HEIGHT="170">
            <Shape><Polygon POINTS="411 427 2125 427 2125 597 411 597"/></Shape>
	    <String CONTENT="Ouurages, celle de la vrai-ſem¬"
                    HPOS="411"
                    VPOS="427"
                    WIDTH="1714"
                    HEIGHT="170"></String>
          </TextLine>

          
          
          <TextLine ID="tl_4"
                    TAGREFS="LT265"
                    BASELINE="409 701 463 701 789 733 1205 701 1547 695 1691 697 1947 699 2053 705 2141 693" 
                    HPOS="409"
                    VPOS="587"
                    WIDTH="1732"
                    HEIGHT="166">
            <Shape><Polygon POINTS="409 587 2141 587 2141 753 409 753"/></Shape>
	    <String CONTENT="blance, eſt ſans doute la plus ne¬"
                    HPOS="409"
                    VPOS="587"
                    WIDTH="1732"
                    HEIGHT="166"></String>
          </TextLine>

          
          
          <TextLine ID="tl_5"
                    TAGREFS="LT265"
                    BASELINE="413 861 821 869 1133 861 1333 871 1693 859 1819 855 2141 869" 
                    HPOS="412"
                    VPOS="745"
                    WIDTH="1727"
                    HEIGHT="149">
            <Shape><Polygon POINTS="412 859 412 748 447 768 494 754 526 760 540 745 610 745 648 774 722 774 748 754 780 774 912 774 935 754 1087 748 1113 774 1137 777 1169 777 1230 748 1300 748 1321 768 1347 760 1365 777 1406 751 1493 777 1546 760 1593 780 1622 780 1651 757 1689 780 1730 751 1786 751 1821 780 1850 780 1882 754 1903 771 1923 762 1944 777 1987 762 2002 777 2017 765 2049 780 2136 780 2139 868 2104 879 2090 868 2060 879 1935 868 1882 894 1824 894 1797 868 1756 868 1745 879 1675 868 1654 882 1619 868 1511 876 1470 865 1420 891 1362 868 1341 879 1262 865 1245 865 1219 891 1157 891 1143 879 1099 891 1081 876 1046 885 1023 871 991 891 958 871 938 885 865 868 803 871 786 888 704 874 660 888 461 888 438 865 412 876"/></Shape>
	    <String CONTENT="ceſſaire. Elle eſt comme la pierre"
                    HPOS="412"
                    VPOS="745"
                    WIDTH="1727"
                    HEIGHT="149"></String>
          </TextLine>

          
          
          <TextLine ID="tl_6"
                    TAGREFS="LT265"
                    BASELINE="385 1069 1165 1021 1305 1015 1427 1013 1999 1035 2139 1049" 
                    HPOS="385"
                    VPOS="907"
                    WIDTH="1754"
                    HEIGHT="162">
            <Shape><Polygon POINTS="385 907 2139 907 2139 1069 385 1069"/></Shape>
	    <String CONTENT="fondamentale de ce baſtiment; &amp;"
                    HPOS="385"
                    VPOS="907"
                    WIDTH="1754"
                    HEIGHT="162"></String>
          </TextLine>

          
          
          <TextLine ID="tl_7"
                    TAGREFS="LT265"
                    BASELINE="413 1183 515 1181 705 1185 813 1186 1037 1179 1257 1185 1493 1175 1803 1175 2137 1167" 
                    HPOS="412"
                    VPOS="1040"
                    WIDTH="1722"
                    HEIGHT="187">
            <Shape><Polygon POINTS="412 1181 412 1090 423 1084 496 1093 514 1110 578 1110 599 1096 622 1040 675 1110 707 1105 748 1067 780 1067 853 1107 1014 1107 1031 1096 1046 1105 1125 1064 1151 1064 1204 1105 1335 1105 1391 1061 1455 1061 1502 1102 1569 1102 1613 1078 1654 1090 1689 1058 1841 1058 1870 1081 1911 1058 1970 1055 2022 1055 2040 1072 2098 1061 2134 1075 2134 1181 2090 1178 2049 1213 1993 1213 1944 1186 1897 1216 1818 1216 1765 1181 1754 1192 1704 1183 1660 1204 1634 1189 1604 1219 1546 1219 1517 1192 1479 1207 1447 1183 1385 1183 1365 1201 1283 1192 1251 1207 1224 1186 1183 1186 1093 1221 1049 1221 996 1192 953 1192 909 1224 830 1224 760 1189 722 1227 672 1224 640 1192 464 1192 441 1210 412 1198"/></Shape>
	    <String CONTENT="ce n&#39;eſt que ſur elle qu&#39;il ſubſi¬"
                    HPOS="412"
                    VPOS="1040"
                    WIDTH="1722"
                    HEIGHT="187"></String>
          </TextLine>

          
          
          <TextLine ID="tl_8"
                    TAGREFS="LT265"
                    BASELINE="391 1393 573 1341 895 1343 1093 1341 1371 1335 1557 1333 1881 1333 1979 1335 2135 1323" 
                    HPOS="391"
                    VPOS="1233"
                    WIDTH="1744"
                    HEIGHT="160">
            <Shape><Polygon POINTS="391 1233 2135 1233 2135 1393 391 1393"/></Shape>
	    <String CONTENT="ſte. Sans elle rien ne peut tou¬"
                    HPOS="391"
                    VPOS="1233"
                    WIDTH="1744"
                    HEIGHT="160"></String>
          </TextLine>

          
          
          <TextLine ID="tl_9"
                    TAGREFS="LT265"
                    BASELINE="413 1501 463 1501 699 1477 993 1499 1217 1499 1477 1497 1669 1495 2137 1501" 
                    HPOS="413"
                    VPOS="1391"
                    WIDTH="1724"
                    HEIGHT="162">
            <Shape><Polygon POINTS="413 1391 2137 1391 2137 1553 413 1553"/></Shape>
	    <String CONTENT="cher; ſans elle rien ne ſcauroit"
                    HPOS="413"
                    VPOS="1391"
                    WIDTH="1724"
                    HEIGHT="162"></String>
          </TextLine>

          
          
          <TextLine ID="tl_10"
                    TAGREFS="LT265"
                    BASELINE="405 1709 575 1659 767 1687 957 1661 1086 1673 1319 1651 1915 1651 2137 1645" 
                    HPOS="400"
                    VPOS="1534"
                    WIDTH="1736"
                    HEIGHT="176">
            <Shape><Polygon POINTS="403 1707 400 1558 423 1566 552 1555 616 1590 701 1572 748 1596 780 1593 821 1549 903 1546 941 1569 982 1572 1008 1546 1090 1543 1116 1566 1145 1563 1169 1581 1210 1555 1262 1578 1321 1566 1341 1546 1376 1566 1409 1534 1429 1534 1482 1578 1505 1561 1549 1575 1590 1558 1683 1572 1727 1546 1815 1566 1856 1552 1894 1569 2131 1563 2136 1642 2136 1672 2110 1672 2093 1654 2046 1675 1841 1677 1803 1654 1730 1672 1713 1660 1680 1680 1622 1666 1546 1683 1485 1663 1426 1666 1414 1677 1382 1663 1303 1663 1280 1680 1254 1666 1213 1683 1169 1666 1131 1683 1110 1672 1061 1686 1040 1677 1026 1695 991 1686 979 1698 926 1698 897 1677 850 1675 780 1704 698 1677 622 1689 584 1680 517 1701 485 1683 447 1710 403 1707"/></Shape>
	    <String CONTENT="plaire; Et ſi cette charmante trõ¬"
                    HPOS="400"
                    VPOS="1534"
                    WIDTH="1736"
                    HEIGHT="176"></String>
          </TextLine>

          
          
          <TextLine ID="tl_11"
                    TAGREFS="LT265"
                    BASELINE="401 1871 699 1821 867 1819 1247 1821 1417 1815 1651 1817 1967 1815 2139 1821" 
                    HPOS="401"
                    VPOS="1707"
                    WIDTH="1738"
                    HEIGHT="164">
            <Shape><Polygon POINTS="401 1707 2139 1707 2139 1871 401 1871"/></Shape>
	    <String CONTENT="peuſe ne decoit l&#39;eſprit dans les"
                    HPOS="401"
                    VPOS="1707"
                    WIDTH="1738"
                    HEIGHT="164"></String>
          </TextLine>

          
          
          <TextLine ID="tl_12"
                    TAGREFS="LT265"
                    BASELINE="421 1983 509 1983 825 1981 933 2001 1205 1981 1669 1973 1777 1971 2035 1977 2139 1979" 
                    HPOS="421"
                    VPOS="1865"
                    WIDTH="1718"
                    HEIGHT="160">
            <Shape><Polygon POINTS="421 1865 2139 1865 2139 2025 421 2025"/></Shape>
	    <String CONTENT="Romans, cette eſpece de lecture le"
                    HPOS="421"
                    VPOS="1865"
                    WIDTH="1718"
                    HEIGHT="160"></String>
          </TextLine>

          
          
          <TextLine ID="tl_13"
                    TAGREFS="LT265"
                    BASELINE="425 2139 874 2157 971 2161 1147 2143 1389 2137 1551 2135 1659 2135 2139 2139" 
                    HPOS="423"
                    VPOS="2017"
                    WIDTH="1713"
                    HEIGHT="157">
            <Shape><Polygon POINTS="423 2136 423 2022 456 2028 470 2017 502 2017 537 2046 590 2017 631 2017 681 2049 771 2052 847 2020 906 2052 1040 2052 1116 2034 1178 2052 1204 2025 1236 2022 1280 2052 1312 2055 1362 2034 1382 2055 1414 2055 1464 2025 1517 2025 1561 2049 1587 2025 1622 2025 1657 2058 1698 2058 1736 2025 1794 2025 1841 2043 1900 2037 1946 2060 1990 2046 2063 2060 2131 2052 2136 2136 2122 2157 2107 2145 2040 2145 2008 2166 1955 2145 1926 2163 1868 2145 1806 2145 1792 2157 1756 2142 1701 2142 1672 2169 1540 2142 1493 2154 1452 2145 1435 2160 1414 2151 1394 2163 1371 2139 1321 2139 1295 2157 1087 2148 1031 2169 976 2160 958 2174 871 2157 853 2172 771 2174 678 2151 651 2172 479 2172 423 2142"/></Shape>
	    <String CONTENT="deſgouſte, au lieu de le diuertir."
                    HPOS="423"
                    VPOS="2017"
                    WIDTH="1713"
                    HEIGHT="157"></String>
          </TextLine>

          
          
          <TextLine ID="tl_14"
                    TAGREFS="LT265"
                    BASELINE="417 2305 501 2305 654 2314 1255 2301 1409 2293 1843 2295 2141 2277" 
                    HPOS="415"
                    VPOS="2172"
                    WIDTH="1724"
                    HEIGHT="175">
            <Shape><Polygon POINTS="415 2303 415 2195 505 2195 523 2212 549 2201 572 2215 610 2210 648 2224 695 2192 736 2192 762 2212 874 2227 947 2198 988 2212 1037 2186 1084 2186 1128 2224 1169 2224 1227 2183 1265 2180 1300 2201 1324 2180 1382 2180 1403 2201 1473 2218 1739 2215 1812 2195 1841 2212 1944 2212 2017 2172 2069 2210 2136 2201 2139 2309 2090 2321 2034 2321 1990 2300 1885 2306 1870 2294 1783 2303 1762 2326 1739 2326 1713 2306 1639 2324 1552 2306 1540 2321 1493 2297 1458 2315 1414 2309 1362 2326 1315 2300 1268 2300 1219 2309 1186 2335 1067 2338 1055 2326 1043 2338 926 2338 885 2309 877 2321 847 2309 830 2324 806 2309 762 2312 742 2329 722 2315 669 2324 622 2312 584 2347 526 2347 488 2315 418 2315"/></Shape>
	    <String CONTENT="I&#39;ay donc eſſayé de ne m&#39;en esloi¬"
                    HPOS="415"
                    VPOS="2172"
                    WIDTH="1724"
                    HEIGHT="175"></String>
          </TextLine>

          
          
          <TextLine ID="tl_15"
                    TAGREFS="LT265"
                    BASELINE="411 2456 657 2461 1071 2459 1157 2461 1273 2463 1426 2467 1885 2455 2145 2457" 
                    HPOS="409"
                    VPOS="2301"
                    WIDTH="1733"
                    HEIGHT="192">
            <Shape><Polygon POINTS="409 2455 409 2388 491 2356 540 2385 567 2367 602 2376 631 2359 643 2367 684 2356 710 2379 751 2364 812 2388 850 2373 923 2388 947 2373 973 2385 1002 2373 1020 2385 1110 2385 1125 2370 1140 2385 1189 2373 1201 2382 1213 2370 1239 2301 1321 2385 1353 2364 1382 2382 1397 2367 1411 2379 1435 2364 1458 2382 1490 2382 1531 2350 1678 2350 1727 2382 1774 2350 1906 2350 1920 2364 1941 2356 1999 2379 2116 2370 2139 2379 2142 2455 2136 2467 2063 2461 2052 2473 2025 2458 1970 2484 1903 2484 1850 2458 1759 2458 1689 2476 1637 2461 1613 2484 1540 2484 1517 2464 1470 2464 1449 2484 1426 2470 1379 2487 1333 2487 1312 2470 1295 2481 1251 2461 1195 2481 1151 2461 1107 2487 1017 2467 976 2484 932 2464 877 2484 844 2464 815 2487 789 2470 742 2481 710 2467 684 2487 657 2464 610 2464 575 2487 558 2476 537 2484 517 2467 496 2487 482 2478 470 2490 409 2493"/></Shape>
	    <String CONTENT="gner iamais: i&#39;ay obſerué pour"
                    HPOS="409"
                    VPOS="2301"
                    WIDTH="1733"
                    HEIGHT="192"></String>
          </TextLine>

          
          
          <TextLine ID="tl_16"
                    TAGREFS="LT265"
                    BASELINE="413 2623 563 2621 677 2635 841 2621 1175 2621 1279 2641 1439 2613 1991 2613 2143 2615" 
                    HPOS="413"
                    VPOS="2505"
                    WIDTH="1730"
                    HEIGHT="164">
            <Shape><Polygon POINTS="413 2505 2143 2505 2143 2669 413 2669"/></Shape>
	    <String CONTENT="cela, les mœurs, les couſtumes, les"
                    HPOS="413"
                    VPOS="2505"
                    WIDTH="1730"
                    HEIGHT="164"></String>
          </TextLine>

          
          
          <TextLine ID="tl_17"
                    TAGREFS="LT265"
                    BASELINE="413 2783 617 2779 671 2803 827 2781 1367 2799 1546 2778 1697 2775 2149 2751" 
                    HPOS="412"
                    VPOS="2654"
                    WIDTH="1733"
                    HEIGHT="167">
            <Shape><Polygon POINTS="412 2780 412 2683 423 2671 499 2671 537 2707 608 2680 663 2707 704 2669 762 2669 803 2698 818 2689 862 2707 885 2695 906 2707 950 2666 1026 2666 1113 2701 1137 2677 1219 2677 1251 2704 1353 2704 1376 2692 1400 2701 1438 2680 1464 2692 1508 2666 1593 2657 1672 2698 1812 2698 1859 2669 1894 2683 1938 2654 1999 2663 2046 2695 2125 2692 2145 2671 2145 2777 2075 2774 2028 2803 1990 2785 1952 2800 1906 2783 1894 2794 1821 2783 1774 2797 1751 2780 1683 2797 1596 2780 1520 2809 1385 2809 1359 2797 1330 2812 1303 2797 1268 2812 1245 2797 1122 2791 1084 2815 999 2815 964 2788 915 2812 871 2791 821 2791 798 2812 762 2794 722 2818 643 2821 619 2797 593 2794 415 2797"/></Shape>
	    <String CONTENT="loix, les religions, &amp; les inclina¬"
                    HPOS="412"
                    VPOS="2654"
                    WIDTH="1733"
                    HEIGHT="167"></String>
          </TextLine>

          
          
          <TextLine ID="tl_18"
                    TAGREFS="LT265"
                    BASELINE="423 2941 687 2941 889 2941 1297 2941 1359 2939 1516 2935 1787 2939 2153 2931" 
                    HPOS="420"
                    VPOS="2829"
                    WIDTH="1731"
                    HEIGHT="146">
            <Shape><Polygon POINTS="420 2940 429 2841 485 2861 567 2861 613 2841 637 2853 698 2841 719 2853 739 2835 815 2835 836 2856 862 2856 888 2835 929 2835 964 2861 985 2850 1014 2859 1034 2844 1061 2859 1087 2838 1134 2850 1154 2832 1236 2832 1262 2859 1379 2859 1420 2832 1452 2856 1482 2856 1499 2838 1581 2856 1639 2856 1654 2841 1821 2850 1841 2829 1894 2829 1917 2850 1964 2835 2005 2856 2069 2856 2116 2829 2148 2850 2151 2929 2142 2955 2119 2937 2081 2937 2040 2961 2028 2949 1938 2958 1920 2946 1900 2961 1853 2943 1815 2961 1786 2943 1751 2961 1686 2949 1660 2961 1628 2946 1520 2973 1382 2973 1362 2955 1324 2970 1242 2943 1207 2943 1186 2961 1163 2952 1125 2973 1008 2973 970 2952 929 2975 862 2975 833 2946 803 2949 786 2967 762 2949 730 2964 701 2946 543 2946 526 2961 499 2946 420 2949"/></Shape>
	    <String CONTENT="tions des peuples: &amp; pour donner"
                    HPOS="420"
                    VPOS="2829"
                    WIDTH="1731"
                    HEIGHT="146"></String>
          </TextLine>

          
          
          <TextLine ID="tl_19"
                    TAGREFS="LT265"
                    BASELINE="409 3151 635 3101 787 3103 1079 3143 1497 3097 1575 3095 1677 3093 1917 3095 2007 3097 2155 3067" 
                    HPOS="409"
                    VPOS="2983"
                    WIDTH="1746"
                    HEIGHT="168">
            <Shape><Polygon POINTS="409 2983 2155 2983 2155 3151 409 3151"/></Shape>
	    <String CONTENT="plus de vray-ſemblance aux cho¬"
                    HPOS="409"
                    VPOS="2983"
                    WIDTH="1746"
                    HEIGHT="168"></String>
          </TextLine>

          
          
          <TextLine ID="tl_20"
                    TAGREFS="LT265"
                    BASELINE="391 3313 567 3263 625 3281 715 3265 835 3276 1219 3261 1439 3257 1589 3257 2155 3245" 
                    HPOS="385"
                    VPOS="3133"
                    WIDTH="1769"
                    HEIGHT="196">
            <Shape><Polygon POINTS="388 3312 385 3198 456 3174 549 3171 631 3192 660 3174 692 3195 736 3201 795 3163 877 3192 891 3177 967 3180 991 3160 1011 3177 1102 3177 1131 3151 1178 3151 1204 3174 1277 3165 1333 3180 1368 3160 1391 3174 1452 3139 1496 3139 1555 3171 1596 3171 1645 3133 1678 3133 1718 3165 1818 3163 1844 3133 1894 3160 2028 3157 2058 3142 2113 3154 2148 3142 2154 3244 2119 3271 2031 3274 1984 3253 1961 3271 1923 3259 1894 3268 1812 3253 1768 3274 1739 3262 1716 3285 1666 3265 1645 3285 1534 3291 1487 3256 1441 3282 1417 3274 1406 3288 1365 3265 1330 3297 1297 3300 1236 3300 1204 3277 1172 3285 1102 3268 1081 3268 1043 3297 888 3274 841 3277 795 3317 722 3279 605 3294 476 3288 441 3329 391 3329"/></Shape>
	    <String CONTENT="ſes, i&#39;ay voulu que les fondemens"
                    HPOS="385"
                    VPOS="3133"
                    WIDTH="1769"
                    HEIGHT="196"></String>
          </TextLine>

          
          
          <TextLine ID="tl_21"
                    TAGREFS="LT265"
                    BASELINE="430 3423 545 3423 821 3425 1351 3423 1753 3419 2163 3455" 
                    HPOS="415"
                    VPOS="3305"
                    WIDTH="1748"
                    HEIGHT="168">
            <Shape><Polygon POINTS="415 3307 2163 3305 2163 3471 415 3473"/></Shape>
	    <String CONTENT="de mon Quurage fußent hiſtori¬"
                    HPOS="415"
                    VPOS="3305"
                    WIDTH="1748"
                    HEIGHT="168"></String>
          </TextLine>

          
        </TextBlock>
        
        <TextBlock HPOS="460"
                   VPOS="390"
                   WIDTH="118"
                   HEIGHT="97"
                   ID="eSc_textblock_d7927482"
                   TAGREFS="BT708">
          <Shape><Polygon POINTS="460 390 460 487 578 487 578 390"/></Shape>
          
        </TextBlock>
        

        
      </PrintSpace>
    </Page>
  </Layout>
</alto>
