2479 3508
393 399 1540 164 uant tes yeux (dit-elle en

398 545 1531 146 monſtrant Oſman) les deux

394 695 1530 170 plus malheureuſes perſonnes

391 847 1533 162 qui furent iamais. Nous auons

389 1001 1533 158 des ennemis, que nous ne

383 1141 1518 162 pouuons & que nous ne de¬

380 1283 1519 170 uons point haïr; à qui nous de¬

382 1435 1530 162 vons du reſpect; à qui nous

377 1575 1521 170 devons de l’obeïſſance; à qui

370 1725 1529 126 nous deuons de l’affection:

374 1875 1533 164 des ennemis diſ-ie, à qui nous

370 2021 1530 166 devons la vie; & pour qui nous

363 2155 1541 176 la perdrions encor avec ioye,

359 2309 1531 173 ſi l’occaſion s'en preſentoit.

367 2463 1528 166 C’eſt pourtant Seigneur, con¬

368 2609 1531 170 tre de ſi cheres perſonnes que

366 2745 1530 176 ie dois parler auiourd’huy: &

365 2905 1529 168 pour obtenir la iuſtice que

367 3059 1534 146 nous te demandons, & d'où

1356 3211 261 149 C ij

666 233 924 164 Liure premier.

1777 266 161 152 35
