2479 3508
906 119 807 103 PREFACE.

464 256 1672 157 que ſcay-ie, ſi dans ces euenemens

461 408 1680 165 la fortune n'a point fait autãt que

462 562 1676 160 luy? ſi ſa valeur n'eſt point vne

461 709 1680 170 valeur brutale? & s’il a ſouffert

464 864 1670 155 en honneſte homme, les malheurs

463 1024 1675 159 qui luy ſont arriueZ ce n'eſt point

453 1170 1683 164 par les choſes de dehors; ce n'eſt

453 1329 1681 158 point par les caprices du destin,

463 1477 1675 161 que ie veux iuger de luy; c'eſt par

465 1632 1675 163 les mouuemens de ſon ame, & par

459 1781 1679 161 les choſes qu'il dit: i'honnore tous

465 1940 1665 159 ceux qui eſcriuent auiourd’huy,

463 2092 1674 156 ie connoy leur perſonne, leur ou¬

461 2243 1679 159 urage, & leur merite: mais com¬

467 2393 1670 162 me l'apotheoſe n'eſt que pour les

470 2555 1668 154 morts, ils ne trouueront pas mau¬

465 2699 1676 163 uais, que ie ne les deifie pas puis

466 2856 1683 153 qu’ils viuent : & qu'en cette occa¬

443 3007 1696 164 ſion, ie ne propoſe pour exemple,

464 3156 1687 165 que le grand & l’incomparable
