2479 3508
438 357 1554 164 bales, veſtus de caſaques de da¬

428 509 1567 154 mas d’or en broderie, parurent

429 649 1561 172 les premiers dans la place de

426 797 1564 178 l’Hipodrome, & firent eſclatter

424 941 1569 170 par toute la ville, l’harmonie

429 1089 1561 170 guerriere, de leurs inſtruments

430 1235 1558 170 d’argent. Ils furent ſuiuis de

432 1381 1559 148 deux mille Archers à cheual,

425 1531 1567 122 auec des veſtes de ſatin incar¬

420 1679 1574 160 nat, couuertes de paſſement d’or,

426 1821 1567 164 l’Arc d’Ebene à la main gauche,

429 1967 1561 166 & le carquois d’yuoire pẽdu en

422 2117 1566 162 eſcharpe. Cinquante joüeurs de

418 2263 1571 160 Hautsbois, & cinquante joüeurs

421 2407 1563 148 de Cimbales, ſuiuirent cette

420 2553 1562 164 premiere trouppe, veſtus à la

428 2701 1557 162 Grecque de velours bleu en bro¬

419 2847 1563 166 derie d’argent. L’Aga des Ianiſ¬

416 2983 1568 176 ſaires marchoit ſeul à pied

1450 3153 253 135 A iij

716 192 909 150 Liure Premier.

1920 190 82 152 5
