2479 3508
322 269 1754 155 hauette pigliato tante coyonerie?

330 415 1742 157 Pour moy, ie tiens que plus les

323 581 1750 173 auantures ſont naturelles, plus

316 745 1755 167 elles donnent de ſatisfaction: &

316 907 1758 139 le cours ordinaire du Soleil, me

287 1071 1787 175 ſemble plus merueilleux, que les

311 1237 1756 163 eſtranges & funestes rayons des

313 1399 1736 163 Comettes. C'eſt par cette raiſon

306 1563 1781 167 encor que ie n'ay point causé tant

301 1721 1768 155 de nauffrages, comme il y en a

297 1885 1747 171 dans quelques anciens Romans:

301 2053 1766 163 & à parler ſerieuſement, du Bar¬

298 2211 1761 167 tas pourroit dire de ces Autheurs,

898 2377 1052 150 Eux de qui la parole,

435 2519 1627 153 Serre & laſchela bride aux po¬

539 2668 738 108 ſtillons d’Eole.

305 2809 1762 175 On diroit que ce Dieu leur a don¬

296 2971 1771 171 né les vens enfermez dans vn

302 3137 1754 163 Outre, cõme ils les donna à Viſ¬

263 3293 1795 175 ſe, tant ils les déchainent à point

728 130 876 104 PREFACE.
