2479 3508
808 87 822 112 PREFACE.

367 223 1713 162 Throne, & dans le cercueil: &

370 381 1711 182 qui par cette confuſion peu iudi¬

367 543 1711 174 cieuſe, embarraſſent celuy qui cõ¬

341 707 1744 162 ſidere leur Ouurage: Mais auec

372 857 1707 168 vne adreſſe incomparable, ils

373 1013 1709 168 ont commencé leur hiſtoire par le

371 1171 1712 168 milieu, afin de donner de la ſu¬

346 1333 1740 168 ſpenſion au Lecteur, dés l'ouuer¬

375 1493 1715 164 ture du liure: & pour s'enfermer

368 1645 1717 162 dãs des bornes raiſõnables, ils ont

357 1805 1725 168 fait (& moy apres eux) que l'hi¬

343 1959 1744 170 ſtoire ne dure qu'vne année, &

378 2119 1729 168 que le reſte eſt par narratiõ, ainſi

383 2275 1707 168 toutes les choſes ſe trouuant inge¬

378 2431 1713 166 nieuſement placées, & d’vne iu¬

354 2591 1736 166 ſte grandeur; il en reſulte indubi¬

379 2741 1711 176 tablement du plaiſir, pour celuy

388 2901 1703 170 qui les regarde, & de la gloire

377 3061 1713 166 pour celuy qui les a faites. Mais

385 3223 1708 166 entre toutes les regles qu'il faut
