2479 3508
517 249 167 154 22

872 249 877 154 L'Illuſtre Baſſa

525 407 1500 148 ſon adreſſe furent cauſe, que

521 549 1500 144 la Lune fit eclipſer le Soleil. Sa

523 697 1502 142 victoire fut ſuiuie d'vn grand

525 841 1502 106 cri des Ianiſſaires & de tout le

519 985 1512 148 peuple, & l'on n’entendit par

519 1127 1506 146 toute la place de l’Hipodro¬

525 1271 1498 148 ine, que viue Sultan Soliman.

521 1413 1504 152 Cependant ibrahim Baſſa, qui

519 1569 1512 140 n’auoit pas moins reconnu

517 1705 1512 150 ſon amy à ſon adreſſe qu'à ſon

519 1857 1510 144 viſage, eſtoit raui de voir que

521 2001 1504 150 toute la gloire de cette action,

517 2145 1498 146 ne luy puſt eſtre diſputée.

521 2291 1508 104 Comme le bruit de tant de

523 2431 1504 148 voix fut diſſipé, l’on vid pa¬

521 2577 1506 146 roiſtre vne troupe veſtuë à la

521 2723 1504 144 Chreſtienne, & remarquable

519 2867 1504 154 pour telle, par les Croix qui

527 3013 1496 148 paroiſſoient à ſes drapeaux.
