2479 3508
877 109 791 102 PREFACE.

433 238 1629 165 ment, n'a obtenu ſa grace du Ciel.

431 390 1642 171 Ausſi ay-ie obſerué pour cela,

426 542 1639 163 l’esgalité des mœurs, en toutes les

404 686 1658 179 perſonnes qui agiſſent: ſi ce n'est

429 844 1615 173 quand les pasſions les deſreglent,

425 998 1616 165 ou quand le remors les touche.

426 1138 1639 179 I'ay meſme eu ſoin de faire en ſor¬

422 1300 1640 167 te, que les fautes que les Grands

425 1454 1637 151 ont commiſes dans mon histoire,

399 1598 1665 179 fuſſent causées par l'amour, ou

409 1760 1648 171 par l'ambition, qui ſont les plus

420 1910 1645 171 nobles des paßions : & qu’elles

392 2062 1656 169 puſſent estre reiettées, ſur les mau¬

421 2216 1623 165 uais conſeils des flateurs, afin de

419 2370 1636 169 conſeruer touſiours, le reſpect que

419 2524 1648 173 l’on doit aux Roys. Vous y ver¬

420 2672 1639 183 reZ Lecteur (ſi ie ne me trompe,) la

420 2822 1642 163 bien-ſceance des choſes et des

417 2974 1645 183 conditions, aſſeZ exactement ob¬

387 3126 1672 173 ſeruée: et ie n'ay rien mis en mon
