2479 3508
396 355 1495 152 Elle repreſentoit certains

399 497 1492 158 Chreſtiens, qui viuants ſous

387 647 1493 156 l’Empire du Sophi, auoient

386 791 1507 158 creu eſtre obligez de deffen¬

385 937 1506 162 dre ce Prince, quoy qu’il ne

381 1087 1513 156 fuſt pas de leur Religion: & en

388 1235 1500 152 effet auoient combatu ſi ge¬

384 1377 1507 160 nereuſement pour luy, qu’ils

381 1525 1515 157 auoient eſté les premiers à la

374 1675 1518 155 guerre, & toutesfois les der¬

374 1821 1519 115 niers vaincus. Cette feinte

377 1971 1520 149 troupe auoit ordre du Baſſa de

379 2115 1515 157 la Mer, de reſiſter quelque

382 2259 1519 159 temps à celle des Turcs, qui

379 2405 1526 119 ſortit à l’heure meſme de la

383 2553 1521 135 ville, & de ſe laiſſer vaincre

390 2699 1511 160 en ſuite. Et ceux qui eſtoient

382 2843 1519 167 habillez à la Turque, auoient

395 2995 1511 118 commandement de les en¬

1356 3152 302 140 B iiij

654 198 848 138 Liure premier.

1759 304 129 26 23
