2479 3508
815 156 817 103 PREFACE.

392 287 1703 165 & ſans exciter les paßions, par

393 441 1709 169 les artifices de la Rethorique; ſont

394 601 1695 165 ennuyeux, en penſant eſtre plus

387 761 1703 159 diuertisſans. Cette narration ſe¬

386 911 1701 165 che & ſans art, eſt plus d'vne

383 1067 1701 169 vieille Chronique que d'vn Ro¬

386 1219 1697 167 man: qui peut bien s'embellir de

381 1375 1697 167 ces ornements, puis que l'Hiſtoire,

379 1529 1701 163 toute ſeuere eſt toute ſcrupuleuſe

382 1683 1697 165 qui elle eſt, ne laiſſe pas de les em¬

365 1839 1711 163 ployer. Apres auoir deſcrit vne

374 1993 1701 159 auanture, vn deſsain hardi, ou

377 2149 1697 161 quelque euenement ſurprenant,

378 2301 1693 167 capable de donner les plus beaux

357 2453 1719 151 ſentimens du monde: certains

378 2611 1697 159 Autheurs ſe ſont contentez de

375 2769 1691 163 nous aſſeurer qu'vn tel Heros

364 2919 1695 153 penſa de fort belles choſes ſans

371 3071 1700 159 nous les dire; & c'est cela ſeule¬

374 3229 1697 163 ment, que ie deſirois ſcauoir. Car

1599 3397 141 111 ĩ ij
