2479 3508
583 349 1455 149 apres ceux-cy, à la teſte de ſix

582 483 1459 151 mille de ſes compagnons; cou¬

583 623 1457 149 ver d’vne robbe de drap d’or

582 759 1457 149 frizé, vne enſeigne de pierreries,

588 895 1454 115 & vne maſſe d’Heron à ſon Tur¬

585 1029 1460 125 ban, auec vn baſton de la Chine

583 1165 1461 155 à la main, qui eſt la marque de

580 1305 1461 151 ſa charge: toute cette trouppe

581 1441 1461 149 eſtoit habillée de cette eſpece de

574 1573 1467 155 robe, qu’ils appellent Doliman,

576 1713 1460 115 auec le Cimeterre au coſté & le

576 1849 1463 153 mouſquet ſur l’eſpaule. Elle fut

571 1991 1467 147 ſuiuie de cinquante Tambours,

578 2125 1457 151 & de cinquante Fiffres, habillés

573 2263 1465 149 de juppes courtes, de taffetas

576 2397 1467 113 blanc en broderie de fleurs natu¬

577 2535 1465 155 relles rehauſſées d’or: apres ceux-

576 2673 1463 147 cy, cent Eſclaues noirs auec des

577 2811 1469 157 coliers d’argent & des carquans

584 198 94 120 6

953 178 841 158 L'Illustre Baſſa
