2479 3508
471 410 1561 187 les Maures font profeſſiõ. Auſſi.

480 554 1547 187 tort que chacun eut pris ſa place,

477 698 1554 146 le Gouuemeur de Conſtantino¬

474 842 1559 186 ple que les Turcs appellẽt Capitã

482 992 1554 184 Baſſa & qui eſt vn des quatre

472 1130 1565 188 premiers Officiers de l’Empire,

486 1277 1556 168 ſortit de la ville, & fut au Serrail

492 1421 1549 186 Daüt, maiſon de plaiſir du Grãd

494 1564 1551 192 Seigneur, qui n'en eſt éloignée

496 1709 1551 191 que de deux mille, pour aduertir

502 1863 1547 182 ſa Hauteſſe,qui s'y eſtoit renduë

499 2003 1550 187 le ſoir auparauant, que toutes

502 2144 1550 149 choſes eſtoient en eſtat de la re¬

505 2289 1551 147 ceuoir. A l’heure meſme Soli¬

504 2437 1555 183 man fut à cheual; & ce grand

501 2581 1561 188 Prince apres vne conqueſte ſi

504 2725 1559 187 glorieuſe, fut reuoir le ſurperbe

512 2876 1553 186 ſiege de ſon Empire. Cinquante

516 3022 1553 190 Trompettes, & cinquante Ata¬

476 306 99 132 4

830 228 938 187 L'Illuſtre Baſſa
