2479 3508
397 241 1680 156 Vrfé. Certainement il faut ad¬

385 401 1698 154 uoüer, qu'il a merité ſa reputa¬

393 561 1684 148 tion: que l'amour, que toute la ter¬

395 713 1692 150 re a pour luy eſt iuſte: & que tant

387 865 1698 156 de nations differentes, qui ont tra¬

383 1013 1702 156 duit ſon liure en leurs langues, ont

385 1173 1702 146 eu raiſon de le faire. Pour moy

383 1329 1704 154 ie confeſſe hautement, que ie ſuis

359 1485 1732 148 ſon adorateur: il y a vingt ans

391 1637 1700 152 que ie le connoy, & c'eſt à dire

387 1791 1696 158 qu'il y a vingt ans que ie l'aime.

395 1941 1700 156 En effect, il eſt admirable par

389 2101 1694 142 tout: il eſt fecond en inuentions,

389 2249 1698 152 & en inuentions raiſonnables:

395 2413 1698 148 tout y eſt merueilleux, tout y eſt

397 2547 1686 172 beau: & ce qui eſt le plus impor.

393 2725 1694 148 tant, tout y eſt naturel & vray

373 2867 1714 144 ſemblable. Mais entre tant de ra¬

403 3021 1684 162 res choſes, celle que i'eſtime le

397 3171 1690 168 plus, eſt qu'il ſcait toucher ſi deli¬

1401 3349 158 124 ĩ iij

813 105 812 100 PREFACE.
