2479 3508
594 348 1491 143 bales, éueilla tout le monde dans

591 488 1497 159 I’Imperiale ville de Conſtanti¬

594 630 1496 159 nople; & fit connoſtre à cha¬

596 768 1493 161 cun, que le triomphe du grand

595 908 1499 125 Soliman aloit commencer. Tout

597 1046 1491 163 le peuple courut à l'inſtant, à la

608 1188 1483 161 place de l'Hipodrome, & les

603 1328 1485 123 moins curieux voulurent voir la

601 1472 1485 159 magnifique entrée de ce Prince,

598 1612 1492 159 qui reuenoit vainqueur de la

614 1750 1477 121 Perſe. Roxelane Sultane Reine

603 1894 1487 149 ſuiuie de toutes les autres, partit

604 2034 1489 115 du Serrail dans des chariots d'é¬

602 2170 1487 141 carlatte en broderie d'or, & ſe

607 2306 1484 173 rendit à la ſuperbe loge, que

604 2432 1484 173 l’on auoit deſtinée pour elle.

606 2592 1489 119 Tous les Ambaſſadeurs des Prin¬

665 2730 1430 156 es Chreſtiens, y furent prendre

717 2872 1373 160 urs places; celuy de France eut

587 225 114 114 2

906 195 891 147 L'Illustre Baſſa
