<?xml version="1.0" encoding="UTF-8"?>
<alto xmlns:xsi="http://www.w3.org/2001/XMLSchema-instance"
      xmlns="http://www.loc.gov/standards/alto/ns-v4#"
      xsi:schemaLocation="http://www.loc.gov/standards/alto/ns-v4# http://www.loc.gov/standards/alto/v4/alto-4-2.xsd">
  <Description>
    <MeasurementUnit>pixel</MeasurementUnit>
    <sourceImageInformation>
      <fileName>Scudery1641_Ibrahim_cb31341849n_corrected_0053.png</fileName>
      
    </sourceImageInformation>
  </Description>
  
  <Tags>
    <OtherTag ID="BT1" LABEL="Title" DESCRIPTION="block type Title"/><OtherTag ID="BT2" LABEL="Main" DESCRIPTION="block type Main"/><OtherTag ID="BT708" LABEL="Damage" DESCRIPTION="block type Damage"/><OtherTag ID="BT709" LABEL="Decoration" DESCRIPTION="block type Decoration"/><OtherTag ID="BT710" LABEL="DropCapital" DESCRIPTION="block type DropCapital"/><OtherTag ID="BT711" LABEL="Figure" DESCRIPTION="block type Figure"/><OtherTag ID="BT712" LABEL="Margin" DESCRIPTION="block type Margin"/><OtherTag ID="BT713" LABEL="MusicNotation" DESCRIPTION="block type MusicNotation"/><OtherTag ID="BT714" LABEL="Numbering" DESCRIPTION="block type Numbering"/><OtherTag ID="BT715" LABEL="RunningTitle" DESCRIPTION="block type RunningTitle"/><OtherTag ID="BT716" LABEL="Signatures" DESCRIPTION="block type Signatures"/><OtherTag ID="BT717" LABEL="Seal" DESCRIPTION="block type Seal"/><OtherTag ID="BT718" LABEL="Table" DESCRIPTION="block type Table"/><OtherTag ID="BT719" LABEL="Stamp" DESCRIPTION="block type Stamp"/>
    <OtherTag ID="LT261" LABEL="DropCapitalLine" DESCRIPTION="line type DropCapitalLine"/><OtherTag ID="LT262" LABEL="Interlinear" DESCRIPTION="line type Interlinear"/><OtherTag ID="LT263" LABEL="MusicLine" DESCRIPTION="line type MusicLine"/><OtherTag ID="LT264" LABEL="Rubric" DESCRIPTION="line type Rubric"/><OtherTag ID="LT265" LABEL="Default" DESCRIPTION="line type Default"/>
  </Tags>
  
  <Layout>
    <Page WIDTH="2479"
          HEIGHT="3508"
          PHYSICAL_IMG_NR="39"
          ID="eSc_dummypage_">
      <PrintSpace HPOS="0"
                  VPOS="0"
                  WIDTH="2479"
                  HEIGHT="3508">
        
        <TextBlock HPOS="810"
                   VPOS="82"
                   WIDTH="908"
                   HEIGHT="134"
                   ID="r_1_1"
                   TAGREFS="BT715">
          <Shape><Polygon POINTS="852 82 1697 82 1718 216 810 209"/></Shape>
          
          
          <TextLine ID="tl_1"
                    TAGREFS="LT265"
                    BASELINE="853 185 1696 173" 
                    HPOS="853"
                    VPOS="83"
                    WIDTH="843"
                    HEIGHT="104">
            <Shape><Polygon POINTS="853 83 1696 83 1696 187 853 187"/></Shape>
	    <String CONTENT="PREFACE."
                    HPOS="853"
                    VPOS="83"
                    WIDTH="843"
                    HEIGHT="104"></String>
          </TextLine>

          
        </TextBlock>
        
        <TextBlock HPOS="351"
                   VPOS="218"
                   WIDTH="1818"
                   HEIGHT="3266"
                   ID="r_1_2"
                   TAGREFS="BT2">
          <Shape><Polygon POINTS="351 218 2169 218 2169 3484 351 3484"/></Shape>
          
          
          <TextLine ID="tl_2"
                    TAGREFS="LT265"
                    BASELINE="392 349 746 336 1152 338 1361 351 1634 330 1984 332 2154 327" 
                    HPOS="392"
                    VPOS="219"
                    WIDTH="1763"
                    HEIGHT="170">
            <Shape><Polygon POINTS="392 219 2155 219 2155 389 392 389"/></Shape>
	    <String CONTENT="langue françoiſe, vne façon de"
                    HPOS="392"
                    VPOS="219"
                    WIDTH="1763"
                    HEIGHT="170"></String>
          </TextLine>

          
          
          <TextLine ID="tl_3"
                    TAGREFS="LT265"
                    BASELINE="383 563 761 522 1097 498 1295 495 1569 492 1731 493 1855 495 1999 494 2149 472" 
                    HPOS="383"
                    VPOS="381"
                    WIDTH="1766"
                    HEIGHT="182">
            <Shape><Polygon POINTS="383 381 2149 381 2149 563 383 563"/></Shape>
	    <String CONTENT="parler, qu&#39;ils ont tirée de la Gre¬"
                    HPOS="383"
                    VPOS="381"
                    WIDTH="1766"
                    HEIGHT="182"></String>
          </TextLine>

          
          
          <TextLine ID="tl_4"
                    TAGREFS="LT265"
                    BASELINE="402 721 580 667 728 678 876 663 1014 663 1456 655 2158 704" 
                    HPOS="401"
                    VPOS="541"
                    WIDTH="1757"
                    HEIGHT="180">
            <Shape><Polygon POINTS="401 541 2158 541 2158 721 401 721"/></Shape>
	    <String CONTENT="que &amp; de la Latine. Et puis, i&#39;ay"
                    HPOS="401"
                    VPOS="541"
                    WIDTH="1757"
                    HEIGHT="180"></String>
          </TextLine>

          
          
          <TextLine ID="tl_5"
                    TAGREFS="LT265"
                    BASELINE="368 879 581 829 843 834 1143 834 1787 841 2017 818 2153 816" 
                    HPOS="368"
                    VPOS="707"
                    WIDTH="1785"
                    HEIGHT="172">
            <Shape><Polygon POINTS="368 707 2153 707 2153 879 368 879"/></Shape>
	    <String CONTENT="fait voir aſſez clairement, que ie"
                    HPOS="368"
                    VPOS="707"
                    WIDTH="1785"
                    HEIGHT="172"></String>
          </TextLine>

          
          
          <TextLine ID="tl_6"
                    TAGREFS="LT265"
                    BASELINE="389 993 505 991 720 1036 931 987 1163 986 1437 983 1887 983 1951 980 2159 979" 
                    HPOS="389"
                    VPOS="865"
                    WIDTH="1771"
                    HEIGHT="174">
            <Shape><Polygon POINTS="389 865 2160 865 2160 1039 389 1039"/></Shape>
	    <String CONTENT="ne l&#39;ay pas fait ſans deſſain: car"
                    HPOS="389"
                    VPOS="865"
                    WIDTH="1771"
                    HEIGHT="174"></String>
          </TextLine>

          
          
          <TextLine ID="tl_7"
                    TAGREFS="LT265"
                    BASELINE="386 1155 780 1152 1238 1150 1632 1140 1890 1147 2152 1142" 
                    HPOS="386"
                    VPOS="1031"
                    WIDTH="1766"
                    HEIGHT="172">
            <Shape><Polygon POINTS="386 1031 2152 1031 2152 1203 386 1203"/></Shape>
	    <String CONTENT="excepté quand il s&#39;eſt agi des"
                    HPOS="386"
                    VPOS="1031"
                    WIDTH="1766"
                    HEIGHT="172"></String>
          </TextLine>

          
          
          <TextLine ID="tl_8"
                    TAGREFS="LT265"
                    BASELINE="382 1317 659 1314 705 1312 947 1313 1391 1333 1543 1308 1693 1304 1883 1359 2153 1304" 
                    HPOS="382"
                    VPOS="1193"
                    WIDTH="1771"
                    HEIGHT="172">
            <Shape><Polygon POINTS="382 1193 2153 1193 2153 1365 382 1365"/></Shape>
	    <String CONTENT="Turcs aux Sultan, ou de luy à ſes"
                    HPOS="382"
                    VPOS="1193"
                    WIDTH="1771"
                    HEIGHT="172"></String>
          </TextLine>

          
          
          <TextLine ID="tl_9"
                    TAGREFS="LT265"
                    BASELINE="383 1479 674 1478 954 1497 1072 1474 1220 1476 1506 1475 2152 1466" 
                    HPOS="383"
                    VPOS="1359"
                    WIDTH="1769"
                    HEIGHT="162">
            <Shape><Polygon POINTS="383 1359 2152 1359 2152 1521 383 1521"/></Shape>
	    <String CONTENT="inferieurs; ie ne m’en ſuis iamais"
                    HPOS="383"
                    VPOS="1359"
                    WIDTH="1769"
                    HEIGHT="162"></String>
          </TextLine>

          
          
          <TextLine ID="tl_10"
                    TAGREFS="LT265"
                    BASELINE="352 1688 701 1654 879 1676 1284 1642 1536 1636 1870 1631 2152 1632" 
                    HPOS="352"
                    VPOS="1515"
                    WIDTH="1801"
                    HEIGHT="173">
            <Shape><Polygon POINTS="352 1515 2153 1515 2153 1688 352 1688"/></Shape>
	    <String CONTENT="ſerui, &amp; chacun s’en ſert à l’vn"
                    HPOS="352"
                    VPOS="1515"
                    WIDTH="1801"
                    HEIGHT="173"></String>
          </TextLine>

          
          
          <TextLine ID="tl_11"
                    TAGREFS="LT265"
                    BASELINE="389 1835 525 1835 641 1797 1091 1802 1359 1801 1501 1792 1799 1795 2157 1792" 
                    HPOS="389"
                    VPOS="1685"
                    WIDTH="1768"
                    HEIGHT="168">
            <Shape><Polygon POINTS="389 1685 2157 1685 2157 1853 389 1853"/></Shape>
	    <String CONTENT="&amp; à l’autre. Or de peur qu’on"
                    HPOS="389"
                    VPOS="1685"
                    WIDTH="1768"
                    HEIGHT="168"></String>
          </TextLine>

          
          
          <TextLine ID="tl_12"
                    TAGREFS="LT265"
                    BASELINE="380 1959 500 1959 800 1962 1120 1986 1370 1961 1630 2002 2168 1956" 
                    HPOS="379"
                    VPOS="1841"
                    WIDTH="1789"
                    HEIGHT="174">
            <Shape><Polygon POINTS="379 1841 2168 1841 2168 2015 379 2015"/></Shape>
	    <String CONTENT="ne m&#39;obiecte, que i’ay raproché"
                    HPOS="379"
                    VPOS="1841"
                    WIDTH="1789"
                    HEIGHT="174"></String>
          </TextLine>

          
          
          <TextLine ID="tl_13"
                    TAGREFS="LT265"
                    BASELINE="388 2169 859 2125 1159 2126 1391 2143 1615 2118 1825 2125 2157 2116" 
                    HPOS="388"
                    VPOS="2003"
                    WIDTH="1769"
                    HEIGHT="174">
            <Shape><Polygon POINTS="388 2003 2157 2003 2157 2177 388 2177"/></Shape>
	    <String CONTENT="quelques incidens, que l’Hiſtoire"
                    HPOS="388"
                    VPOS="2003"
                    WIDTH="1769"
                    HEIGHT="174"></String>
          </TextLine>

          
          
          <TextLine ID="tl_14"
                    TAGREFS="LT265"
                    BASELINE="381 2283 447 2283 683 2284 939 2289 1173 2284 1504 2331 1756 2297 2159 2278" 
                    HPOS="381"
                    VPOS="2169"
                    WIDTH="1779"
                    HEIGHT="172">
            <Shape><Polygon POINTS="381 2169 2160 2169 2160 2341 381 2341"/></Shape>
	    <String CONTENT="a fait voir plus esloignez; le grãd"
                    HPOS="381"
                    VPOS="2169"
                    WIDTH="1779"
                    HEIGHT="172"></String>
          </TextLine>

          
          
          <TextLine ID="tl_15"
                    TAGREFS="LT265"
                    BASELINE="380 2439 790 2446 1026 2451 1290 2452 1688 2448 1746 2445 1942 2499 2158 2443" 
                    HPOS="380"
                    VPOS="2333"
                    WIDTH="1778"
                    HEIGHT="172">
            <Shape><Polygon POINTS="380 2333 2158 2333 2158 2505 380 2505"/></Shape>
	    <String CONTENT="Virgille ſera mon garant: luy qui"
                    HPOS="380"
                    VPOS="2333"
                    WIDTH="1778"
                    HEIGHT="172"></String>
          </TextLine>

          
          
          <TextLine ID="tl_16"
                    TAGREFS="LT265"
                    BASELINE="386 2605 777 2612 1151 2612 1617 2638 1713 2612 1937 2607 2023 2658 2149 2584" 
                    HPOS="386"
                    VPOS="2489"
                    WIDTH="1763"
                    HEIGHT="176">
            <Shape><Polygon POINTS="386 2489 2149 2489 2149 2665 386 2665"/></Shape>
	    <String CONTENT="dans ſa diuine Eneide, a fait pa¬"
                    HPOS="386"
                    VPOS="2489"
                    WIDTH="1763"
                    HEIGHT="176"></String>
          </TextLine>

          
          
          <TextLine ID="tl_17"
                    TAGREFS="LT265"
                    BASELINE="383 2761 700 2770 1184 2796 1598 2772 2006 2766 2094 2768 2146 2746" 
                    HPOS="383"
                    VPOS="2657"
                    WIDTH="1763"
                    HEIGHT="170">
            <Shape><Polygon POINTS="383 2657 2146 2657 2146 2827 383 2827"/></Shape>
	    <String CONTENT="roiſtre Didon, quatre Siecles a¬"
                    HPOS="383"
                    VPOS="2657"
                    WIDTH="1763"
                    HEIGHT="170"></String>
          </TextLine>

          
          
          <TextLine ID="tl_18"
                    TAGREFS="LT265"
                    BASELINE="368 2976 586 2935 684 2932 785 2976 938 2947 1279 2984 1760 2935 2002 2934 2156 2930" 
                    HPOS="368"
                    VPOS="2815"
                    WIDTH="1789"
                    HEIGHT="183">
            <Shape><Polygon POINTS="368 2815 2157 2815 2157 2998 368 2998"/></Shape>
	    <String CONTENT="pres le ſien, ainſi i&#39;ay creu que ie"
                    HPOS="368"
                    VPOS="2815"
                    WIDTH="1789"
                    HEIGHT="183"></String>
          </TextLine>

          
          
          <TextLine ID="tl_19"
                    TAGREFS="LT265"
                    BASELINE="375 3136 787 3094 1071 3099 1217 3100 1727 3097 1911 3097 2043 3116 2153 3092" 
                    HPOS="375"
                    VPOS="2987"
                    WIDTH="1778"
                    HEIGHT="171">
            <Shape><Polygon POINTS="375 2987 2153 2987 2153 3158 375 3158"/></Shape>
	    <String CONTENT="pouuois faire de quelques mois, ce"
                    HPOS="375"
                    VPOS="2987"
                    WIDTH="1778"
                    HEIGHT="171"></String>
          </TextLine>

          
          
          <TextLine ID="tl_20"
                    TAGREFS="LT265"
                    BASELINE="388 3297 458 3297 596 3257 1368 3265 1938 3258 2150 3256" 
                    HPOS="387"
                    VPOS="3137"
                    WIDTH="1763"
                    HEIGHT="166">
            <Shape><Polygon POINTS="387 3137 2150 3137 2150 3303 387 3303"/></Shape>
	    <String CONTENT="qu&#39;il a fait de tant d’années: Et"
                    HPOS="387"
                    VPOS="3137"
                    WIDTH="1763"
                    HEIGHT="166"></String>
          </TextLine>

          
          
          <TextLine ID="tl_21"
                    TAGREFS="LT265"
                    BASELINE="390 3463 577 3413 691 3416 833 3420 1217 3426 1443 3427 1965 3420 2149 3420" 
                    HPOS="390"
                    VPOS="3305"
                    WIDTH="1759"
                    HEIGHT="178">
            <Shape><Polygon POINTS="390 3305 2149 3305 2149 3483 390 3483"/></Shape>
	    <String CONTENT="que ie ne deuois pas craindre de"
                    HPOS="390"
                    VPOS="3305"
                    WIDTH="1759"
                    HEIGHT="178"></String>
          </TextLine>

          
        </TextBlock>
        

        
      </PrintSpace>
    </Page>
  </Layout>
</alto>
