2479 3508
377 219 1747 186 que toutes les parties de mon Ou¬

382 381 1740 176 urage, tendent a cette concluſion;

384 541 1735 182 qu'il y ait vne forte liaiſon entre-

375 697 1732 184 elles; & qu'excepté les obſtacles

381 855 1749 188 que la fortune oppoſe aux deſirs de

386 1021 1738 170 mon Heros, toutes choſes aduan¬

390 1181 1743 150 cent, ou du moins tachent d'ad¬

395 1343 1736 176 uancer ſon mariage, qui eſt la fin

391 1505 1737 168 de mon trauail. Or ces grands

398 1663 1738 180 Genies de l'Antiquité, dont i'em¬

378 1823 1757 178 prunte les lumieres; Scachant que

401 1983 1738 178 l'ordonnance eſtoit vne des prin¬

397 2145 1742 161 cipales parties d'vn Tableau, en

397 2297 1742 179 ont dõné vne ſi belle à leurs pein¬

403 2424 1739 221 tures parlantes, qu'il y auroit

401 2623 1746 186 autant de ſtupidité que d’orgueil,

409 2781 1735 186 à ne les vouloir pas imiter. Ils

406 2952 1739 158 n'ont pas fait comme ces Peintres,

408 3101 1745 186 qui font voir en vne méme toile,

419 3261 1730 184 vn Prince dans le berceau, ſur le

833 64 900 134 PREFACE.
