2479 3508
410 387 1568 204 le premier rang: celuy de l'Em¬

414 537 1560 200 pereur le ſecond; & ceux d'Eſpa¬

408 684 1563 199 gne & de Pologne furent aſſis

407 825 1562 202 apres eux: & apres eux, les Bailes

406 977 1561 191 de Veniſe de Rhaguſe. Mais

409 1130 1557 166 ceux des Princes Mahometans,

404 1274 1562 155 comme eſtant de meſme crean¬

406 1417 1557 197 ce que Soliman eurent la gau¬

395 1570 1568 196 che, qui parmi les Turcs eſt tou¬

390 1713 1568 199 ſiours la place d’honneur: celuy

393 1867 1567 188 des Tartares y parut auec vne

393 2010 1565 186 põpe barbare, & couuert d’vne

393 2156 1562 153 coiffure & d’vne robe de Mar¬

389 2302 1564 164 thres Zebelines, toute ſa ſuitte

387 2454 1565 187 veſtuë de peaux d’Ours, de Re¬

387 2602 1561 189 nards, de Loups, & de Tigres: &

379 2747 1568 186 ceux de Maroc & de Fez s'y firẽt

374 2894 1569 194 voir, auec toute la magnificen¬

376 3041 1561 196 ce, & toute la galanterie, donc

1449 3230 207 130 A ij

716 225 888 157 Liure premier.

1914 286 88 111 3
