2479 3508
557 339 1528 169 ſa Hauteſſe, luy offrirent vn li¬

559 483 1526 171 ure de la loy couvert d'or & de

558 633 1530 172 Turquoiſes, & apres s’eſtre deſ¬

560 771 1526 176 coupé les bras & le viſage avec

561 923 1531 168 vn grand couteau, pour l'amour

561 1059 1530 174 du Prophete & du Sultan, ils ſe

559 1203 1530 176 retirerent, & firent place à ceux

556 1353 1534 174 qui les deuoient ſuiure. Les Mar¬

556 1499 1530 156 chands Turcs, Chreſtiens, &

553 1633 1539 184 Iuifs, meſlez enſemble, parurent

555 1779 1538 166 lors richement vertus, & au mi¬

552 1929 1539 176 lieu d’eux vn Char tiré par dou¬

558 2081 1538 162 ze Amours couronnez de fleurs,

554 2219 1542 174 ſur lequel eſtoit dreſſée vne bou¬

557 2367 1536 178 tique de drap d'or, & de tapis

555 2511 1540 172 de Perſe qu’ils preſenterent au

552 2651 1543 178 Sultan. Les Orpheures les ſui¬

551 2801 1543 134 uirẽt auec vn buffet de vaiſſelle

558 2943 1536 160 d’or cizelée, ſur vne machine

1890 3120 201 101 d’ar¬

558 190 161 125 16

967 166 889 170 L’Illuſtre Baſſa
