2479 3508
288 402 1520 126 veuilles nous en rendre vne de

296 539 1508 131 ta Iuſtice. Le Baſſa de la Mer

305 688 1500 161 ſçachant bien qu’il eſtoit le

294 835 1519 169 plus intereſſé en la choſe dont

296 988 1516 161 ils agiſſoit, s'aprocha du grãd

296 1125 1520 168 Seigneur pour le ſupplier auec

296 1281 1517 135 aſſez de vehemence, de n’eſ¬

297 1429 1515 157 couter pas les pleintes d’vn

297 1576 1520 157 homme, qui auoit eu la har¬

302 1731 1514 143 dieſſe de venir interrompre

298 1872 1516 151 ſon triomphe: que pour luy,

302 2015 1519 157 encor qu'il fuſt ſon fils, il ne

299 2169 1524 148 luy demandoit point de grace

303 2313 1510 147 de cette faute, & qu’au con¬

302 2455 1524 152 traire il ſeroit obligé à ſa Hau¬

309 2603 1515 149 teſſe, ſi elle vouloit luy donner

307 2752 1520 154 vn chaſtiment qui le puniſt de

309 2902 1516 133 ce crime, & de tous les autres

315 3047 1501 152 dont il eſtoit deſia coupable.

583 238 891 169 Liure premier.

1659 238 141 169 29
