2479 3508
365 381 1531 166 auoit creu que Tachmas l’en¬

366 535 1529 160 freindroit pour l’amour de

373 677 1518 166 luy: & que s’il ne le vouloit

367 827 1521 164 pas, ce manquement d’affe¬

370 977 1525 146 ction, ſeroit vne raiſon aſſez

367 1125 1529 158 forte, pour l’obliger à faire re¬

368 1269 1528 120 uolter la Prouince où il com¬

364 1419 1533 150 mandoit, & dont il croyoit

369 1567 1519 118 eſtre abſolument le Maiſtre.

370 1715 1529 152 La choſe n’alla pourtant pas

373 1865 1526 150 ainſi; car les ennemis que

371 2007 1525 156 mon pere s’eſtoit faits par ſes

372 2155 1527 138 violences, trouuant vne ſi

373 2301 1527 149 belle occaſion de luy nuire,

376 2449 1526 156 repreſenterent au Sophi, que

378 2583 1519 168 s’il luy pardonnoit cette fau¬

381 2741 1523 138 te, ce ſeroit l’authoriſer à l’ad¬

382 2889 1523 164 uenir; & que ce ſeroit meſme

385 3037 1512 158 renuerſer tout cét Empire,

1279 3199 335 129 C iiij

668 229 897 170 Liure premier.

1736 229 151 170 39
