2479 3508
605 379 1471 159 champ: mais le grand Viſir ſe

604 525 1471 141 releuant d’où il eſtoit aſſis, &

601 669 1479 157 ſe mettant à genoux, ſupplia

600 813 1481 155 le Sultan de ne vouloir point

602 959 1479 159 marquer de ſang le jour de

601 1103 1479 155 ſon triomphe; & de ſe ſouue¬

602 1249 1481 161 nir que la clemence eſt pro¬

599 1393 1489 157 prement la vertu des victo¬

598 1539 1485 157 rieux; qu’en ſauuant la vie à

601 1683 1485 145 cet inconſideré, il l'aſſeuroit

600 1829 1489 159 qu’il la perdroit pour ſon ſer¬

599 1977 1489 157 uice; & qu’il eſtoit d’vne naiſ¬

602 2119 1483 119 ſance & d’vne humeur à n’a¬

595 2271 1496 155 uoir iamais d’ingratitude. Que

599 2413 1491 147 le connoiſſant comme ſoy¬

596 2553 1495 159 meſme, il en reſpondoit à ſa

601 2701 1493 161 Hauteſſe; & que luy eſtant aſ¬

598 2845 1493 157 ſez obligé pour deuoir mou¬

597 2989 1493 165 rir pour le ſauuer, il ſupplioit

599 207 152 152 26

1002 190 828 172 L'illuſtre Baſſa
