2479 3508
866 68 810 101 PREFACE.

374 201 1731 159 faire. En effet, ceux qui font ſi

377 360 1713 167 ſouuent deffaire des armées entie¬

399 505 1696 160 res par vn homme ſeul, ont oublié

402 669 1684 151 ce Prouerbe qui dit: NVL CONTRE

399 820 1692 156 DEUX, & ne ſcauent pas que l'an¬

400 979 1692 167 tiquité nous aßeure, qu'Hercule

383 1125 1706 170 y ſeroit trop foible. Il eſt hors de

398 1283 1694 167 doute que pour repreſenter la ve¬

397 1433 1700 154 ritable ardeur heroique, il faut

398 1590 1690 158 luy faire executer quelque choſe

399 1745 1688 145 d'extraordinaire, comme par vn

404 1895 1682 162 tranſport de Heros: mais il ne

375 2047 1708 164 faut pas continuer de cette force,

386 2211 1712 154 parce qu'autrement ces actions in¬

393 2362 1694 148 croyables, degenerent en contes

402 2510 1694 153 ridicules, & ne touchent point

401 2666 1688 162 l'eſtprit. Cette faute en fait encor

398 2850 1698 87 commettre vne autre: car ceux

399 2976 1698 157 qui ne font qu'entaßer auantures

370 3130 1727 155 ſur auantures, ſans ornemens,
