2479 3508
353 390 1513 166 mon pere, vouloit encor qu'il

359 534 1502 168 paſſaſt ſa vie en vne priſon

357 684 1504 166 perpetuelle, & la perſonne

358 834 1505 164 qu’il auoit eſpouſée dans vne

350 986 1515 160 autre, de peur que demeurant

352 1126 1502 162 enſemble & ayãt des enfants,

352 1268 1504 166 cela ne puſt vn iour cauſer des

349 1420 1507 166 deſordres à l’Eſtat. Mon pere

345 1566 1512 168 ſe voyant en vne fortune ſi pi¬

347 1714 1506 166 toyable, n’entreprit point de

348 1862 1505 124 toucher le coeur de Tachmas

342 2014 1513 164 par prieres & par ſumiſſions;

336 2166 1520 140 mais au contraire, il luy en¬

340 2310 1520 164 uoya dire que ne meritant pas

344 2448 1506 168 d'eſtre ſerui par vn homme de

345 2590 1507 176 ſon courage, & de ſa valeur, il

341 2738 1516 158 ſortoit de ſes Eſtats, auec in¬

343 2896 1529 158 tention de n'y rentrer iamais,

343 3012 1523 205 que pour y porter la guerre.

616 239 864 175 Liure premier.

1711 239 155 175 41
