2479 3508
518 384 1534 155 & de Morions d’argent graué,

514 520 1532 143 de Rondaches d’or & de Tur¬

517 670 1538 151 quoiſes, de Cimeterres & de

517 804 1537 157 poignards dont les gardes & les

514 956 1541 147 fourreaux eſtoient d’Agathes &

513 1092 1538 137 de Cornalines, d’Arcs d'Ebene

509 1244 1541 153 marquetez d’or, de quarquois

512 1380 1535 159 d’or ſemez de perles, de piques,

503 1528 1544 135 de dards, & de fleches de bois

497 1674 1549 141 de Cedre & de Roſeau d’Inde,

498 1816 1546 119 le tout meſlé auec vn deſordre ſi

496 1960 1551 153 agreable & ſi plein d'art, & vue

495 2106 1547 139 confuſion ſi riche & ſi belle,

494 2246 1550 159 que rien n’approchoit de la ma¬

486 2392 1563 155 gnificence de ce trophée. Trente

493 2540 1547 151 Satrapes ſuperbement veſtus à

492 2680 1544 143 la Perſienne, auec leurs Caſelbas

490 2826 1547 153 ou Turbans rouges ſuiuoiẽt ce

495 2972 1536 141 Char, attachez deux à deux auec

514 201 108 164 8

833 192 941 167 L'Illuſtre Baſſa
