2479 3508
739 394 1372 147 fort loing du terme ou ie de¬

736 532 1375 157 uois voir la lumiere, lors que

738 672 1374 143 les viures manquerent entie¬

735 806 1379 121 rement à Arſalon. Et comme

733 940 1380 145 il auoit employé tout ſon ar¬

734 1078 1379 149 gent, à l’achapt de ſon vaiſ¬

738 1226 1374 109 ſeau, & aux munitions de

731 1356 1383 149 guerre & de bouche qu’il y

730 1492 1385 145 auoit miſes, il ne pouuoit ſon¬

732 1628 1378 147 ger à aborder en nulle part

729 1774 1387 135 pour en auoir. En vne aduan¬

739 1906 1374 131 ture ſi facheuſe, les ſoldats &

730 2042 1383 109 les Matelots conſulterent en¬

734 2178 1382 147 ſemble, & ayant gagné le Pi¬

729 2316 1385 149 lote, ils firent que malgré les

727 2462 1388 139 commandements que mon

724 2592 1389 141 pere luy faiſoit, il ne laiſſoit

724 2732 1394 142 pas de prendre la route d'vne

727 2868 1387 147 Iſle qu'ils deſcouuroient. La

741 246 207 159 44

1089 246 817 159 L'Illuſtre Baſſa
