2479 3508
449 220 1687 175 nommé. Ils font les tempeſtes &

441 372 1697 179 les nauffrages quãd il leur plaiſt;

442 530 1696 175 ils en exciteroyẽt ſur la mer paci¬

420 688 1723 175 fique, & trouueroyẽt des eſcueils

453 838 1685 165 & des rochers, en des lieux où les

443 984 1703 185 Pilottes les plus experts, n'en

458 1148 1688 173 ont iamais remarqué. Mais ceux

460 1308 1689 175 qui diſpoſent ainſi des vens, ne

409 1462 1742 187 ſcauent pas que le Prophete nous

467 1618 1687 173 aſſeure, que Dieu les tient dans

432 1770 1722 179 ſes Threſors: & que la Philoſo¬

448 1928 1707 181 phie, toute clair voyante qu'elle

465 2086 1692 175 est, n'a pu deſcouurir leur re¬

473 2246 1685 167 traitte. Ce n'eſt pas que ie pre¬

476 2394 1682 169 tende bannir, les naufrages des

482 2550 1679 174 Romans: ise les approuue aux

486 2706 1675 172 Ouurages des autres, & ie m'en

453 2862 1712 177 ſers dans le mien: ie ſcay meſme

483 3016 1677 176 que la Mer eſt la Scene la plus

466 3172 1702 179 propre à faire de grands change¬

1966 3356 200 68 mens

910 92 823 106 PREFACE.
