2479 3508
531 414 1502 167 deſpend l'heure & l'infortune

535 558 1498 169 de noſtre vie, il faut que ie

541 702 1496 129 deſcouure les cruautez de

535 844 1502 169 mon pere, & qu’Oſman accu¬

533 990 1508 169 ſe le ſien. Iuge apres cela Sei¬

539 1136 1504 169 gneur, ſi mes larmes ſont iu¬

542 1288 1499 159 ſtes, & ſi aymant nos ennemis

546 1428 1502 171 au point que nous faiſons, ce

546 1574 1504 167 n’eſt pas eſtre expoſée à vn

546 1718 1502 167 malheur extreme, que d’eſtre

552 1862 1498 167 contrainte de publier leur

554 2008 1500 151 honte, de les accuſer, & de de¬

552 2158 1501 123 mander iuſtice contre-eux?

558 2298 1503 129 Alibech ſe trouua lors telle¬

560 2446 1498 163 ment oppreſſée de douleur,

564 2590 1502 167 qu’elle fut quelque temps

562 2736 1504 165 ſans pouuoir parler: mais So¬

564 2878 1498 163 liman ayant loüé en elle vn

564 3028 1504 145 ſi beau ſentiment, & luy ayant

523 256 202 174 36

859 256 884 174 L'Illuſtre Baſſa
