2479 3508
886 93 793 110 PREFACE.

405 229 1721 168 liure, que les Dames ne puiſſent

412 389 1713 162 lire ſans baiſſer les yeux & ſans

421 553 1703 176 rougir. Que ſi vous ne voyeZ pas

413 697 1713 170 mon Heros, perſecuté d'amour

408 863 1717 172 par des femmes, ce n'eſt pas qu'il

415 1023 1707 166 ne fuſt aimable, et qu'il ne puſt

398 1181 1727 168 eſtre aimé: Mais c’eſt pour ne

421 1341 1706 166 choquer point la bien-ſceance, en

415 1501 1717 158 la perſonne des Dames, et la

422 1653 1709 166 vrai-ſemblance en celle des hom¬

425 1819 1703 162 mes, qui rarement font les cruels,

410 1973 1718 163 & qui n'y ont pas bonne grace.

424 2137 1699 158 Enfin, ſoit que les choſes doiuent

427 2283 1701 176 eſtre ainſi, ſoit que i'aye iugé de

432 2447 1703 166 mon Heros par ma foibleſſe; ie

433 2609 1700 166 n'ay point voulu mettre ſa fidelli¬

431 2769 1703 164 té, à cette dangereuſe eſpreuue: et

436 2929 1697 154 ie me ſuis contenté, de n'en faire

427 3085 1705 156 pas vn Hilas, ſans en vouloir

412 3237 1713 170 faire vn Hipolite. Mais per¬
