2479 3508
443 191 1698 164 catement les paſsions, qu'on peut

437 351 1696 150 l’apeller le Peintre de l'ame. Il va

433 505 1696 158 chercher dans le fond des cœurs,

433 665 1696 152 les plus ſecrets ſentimens; et dans

431 821 1698 154 la diuerſité des naturels qu'il re¬

407 977 1706 168 preſente, chacun trouue ſon por¬

423 1147 316 102 trait.

753 1287 1258 146 Enfin ſi parmi les mortels,

699 1427 1420 144 Quelqu’vn merite des Autels,

627 1559 1492 148 Vrfé ſeul a droit d’y pretendre.

417 1707 1698 154 Certainement il n'est rien de plus

415 1873 1704 148 important, dans cette espece de

415 2029 1702 158 compoſition, que d'imprimer for¬

409 2185 1708 152 tement l'Idée, ou pour mieux di¬

403 2333 1712 164 re l'Jmage des Heros, en l'eſprit

411 2497 1702 124 du Lecteur: mais en facon qu'ils

369 2653 1738 158 ſoyent comme de ſa connoisſance:

405 2817 1702 148 car c'eſt ce qui intereſse en leurs

399 2973 1710 152 auantures, & de là que vient

359 3123 1750 160 ſon plaiſir. Or pour les faire con¬

859 63 844 96 PREFACE.
