2479 3508
854 68 808 102 PREFACE.

369 201 1699 162 m'eſgarer, tant que te ſuiurois

374 351 1701 164 vn ſi bon guide. Ie ne ſcay encor

345 511 1727 164 ſi quelqu'vn ne trouuera point

372 667 1699 162 mauuais, que mon Heros &

371 819 1699 164 mon Heroine ne ſoyent point

379 973 1696 162 Rois: mais outre que les gene¬

378 1131 1694 160 reux, ne mettent gueres de dif¬

343 1283 1721 166 ference, entre porter des couron¬

372 1439 1701 164 nes & les meriter; outre que mon

369 1595 1699 172 Iuſtinian, eſt d’vne Race qui a te¬

372 1747 1701 170 nu l'Empire d’Orient; l’exemple

375 1905 1695 168 d’Athenagoras, doit ce me ſem¬

380 2057 1691 176 ble luy fermer la bouche: puisque

372 2215 1698 164 Theogene & Charide, ne ſont

381 2373 1694 166 que de ſimples Citoyens. Enfin

374 2527 1701 166 Lecteur, les Cenſeurs peuuent ſe

373 2687 1701 172 mettre en repos de ce coſté là, &

376 2827 1699 178 m'y laiſſer: car ie les aſſeure, que

371 2993 1709 170 Iuſtinian eſt de condition à com¬

374 3153 1707 170 mander à toute la terre ; qu'I¬
