2479 3508
377 201 1707 214 que, mes principaux perſõnages

383 411 1695 168 marquez, dans l'hiſtoire verita¬

379 559 1701 187 ble comme perſonnes illuſtres, &

388 722 1684 154 les guerres effectiues. c'eſt ſans

375 877 1701 178 doute par cette voye, que l’on

364 1035 1713 173 peut arriuer à ſa fin: Car lors que

365 1198 1716 161 le menſonge & la verité, ſont

367 1351 1708 173 confondus par vne main adroite,

361 1494 1722 193 l’eſprit à peine à les demesler, &

359 1667 1708 175 ne ſe porte pas aiſement, a de¬

327 1815 1733 175 ſtruire ce qui luy plaiſt. Au con¬

358 1980 1704 176 traire, quand l’inuention ne ſe

332 2133 1729 176 ſert point de cet artifice, que le

355 2298 1706 170 menſonge ſe produit à découuert;

355 2453 1713 172 cette fauceté großiere ne fait au¬

350 2612 1698 175 cune impreßion en l’ame, & ne

349 2765 1702 172 donne aucun plaiſir. En effect,

352 2923 1706 179 commẽt ſeray-je touché des infor¬

350 3081 1699 162 tunes de la Reine de Guindaye,

356 3241 1696 208 & du Roy d'Aſtrobacie; puis que

794 114 829 112 PREFACE.
