2479 3508
826 143 834 109 PREFACE.

350 277 1702 167 que d'auoir bien fait ſans y ſon¬

339 423 1742 167 ger. Il n'eſt rien que la temerité

353 594 1713 174 n'oſe entreprendre & dont la for¬

354 748 1716 179 tune ne puiſſe venir à bout: mais

353 903 1722 175 quand on ſe fie en ces deux gui¬

356 1061 1722 160 des, ſi l’on ne s’égare, on peut s'eſ¬

344 1216 1740 178 garer; Et de cette ſorte, quand

364 1385 1716 169 meſme les euenemens ſont heu¬

365 1547 1717 163 reux, l’on n'en merite point de

362 1692 1722 173 gloire. Chaque art a ſes regles cer¬

374 1861 1717 170 taines, qui par des moyens in¬

347 2008 1740 164 faillibles y meinent à la fin que

373 2176 1724 171 l'on ſe propoſe: & pourueu qu'vn

377 2326 1719 178 Architecte prenne bien ſes alli¬

388 2481 1710 164 gnemens, il eſt aſſeuré de la beau¬

388 2646 1715 168 té de ſon baſtiment. Ne croyez pas

392 2802 1719 174 Lecteur, que ie veuille conclure de

389 2966 1728 168 là, que mon ouurage ſoit accom¬

381 3113 1742 184 ply, parce que i'ay ſuiuy les reigles

397 3280 1719 173 qui le pouuoient rendre tel: ie
