2479 3508
870 105 814 113 PREFACE.

428 243 1718 175 mens: & que quelques vns l’ont

442 393 1688 173 nomée le Theatre de l'inconſtan¬

442 559 1681 151 ce. Mais comme tout excez eſt vi¬

443 705 1748 178 cieux, ie ne m'ẽ ſuis ſerui que mo¬

435 859 1702 177 derement, pour conſeruer le vrai¬

419 1013 1716 173 ſemblable. Or le meſme deſſain a

423 1171 1720 175 fait außi, que mõ Heros n'eſt point

441 1321 1696 181 accablé, de cette prodigieuſe quã-

433 1473 1704 177 tité d'accidens, qui arriuent à

434 1629 1708 179 quelques autres: dautant que ſe¬

436 1785 1708 176 lon mon ſens, cela s'esloigne de la

436 1937 1730 162 vrai-ſemblance: la vie d'aucun

436 2087 1720 188 homme n'ayant iamais eſté tra¬

442 2245 1712 168 uerſee. il vaut mieux à mon ad¬

454 2395 1698 178 uis, ſeparer les aduantures; en

450 2549 1704 178 former diuerſes hiſtoires; & faire

452 2707 1700 178 agir pluſieurs perſonnes; afin de

448 2861 1703 168 paroiſtre fecond & iudicieux

449 3015 1708 174 tout enſemble d'eſtre touſiours

443 3159 1718 192 dans cette vrai-ſemblance ſi neceſ¬

1782 3356 37 90 ĩ
