2479 3508
626 377 1451 160 main, au bout de laquelle il y

593 508 1485 149 auoit vne plume d’Aigle, qui

631 649 1451 120 tenoit lieu de banderole. Cette

640 789 1441 148 biſarre trouppe eſtoit ſuiuie,

639 929 1447 146 d’vn meſlange de Trompettes,

642 1059 1447 136 d’Atabales, de Hautsbois, de

641 1197 1449 146 Tambours à l’Europeane, de

634 1335 1461 148 Cimbales, & de Fiffres, qui com¬

639 1473 1459 148 poſoient vne muſique, qui n’e¬

644 1613 1455 148 ſtoit gueres moins extrauagan¬

647 1747 1447 150 te, que l’équipage de ceux qui

646 1879 1451 150 les deuançoient. Cent Pages à

653 2019 1441 144 cheual ſuiuoient ceux-cy, mon¬

656 2155 1445 130 tez ſur des Barbes blancs, & ve¬

657 2289 1444 118 ſtus de velours blanc chamarré

660 2433 1443 150 d’argẽt: derriere ces Pages vingt

655 2567 1443 150 Azapes menoient en main dix

662 2697 1442 141 cheuaux enharnachez à la Roya¬

662 2829 1441 163 le, dõt le dernier que l'on appel¬

628 260 143 105 10

973 201 845 164 L'Illustre Baſſa
