4058 6899
1143 303 2506 482 COMEDIE.
3359 412 3512 541 17

1401 519 2359 664 HORACE,

231 658 334 769 A
379 688 520 768 ne
553 692 840 777 vous
869 660 1120 786 rien
1157 674 1561 795 cacher
1609 678 1747 795 de
1783 680 1899 796 la
1941 693 2308 811 vérité
2354 736 2674 858 pure,

224 812 476 968 I’ay
526 816 1041 946 d’amour
1092 877 1233 948 en
1288 878 1465 957 ces
1512 842 1817 963 lieux
1868 888 2005 966 eu
2038 866 2539 975 certaine
2568 899 3168 1010 auanture,

220 974 368 1094 Et
398 947 890 1109 l'amitié
926 999 1481 1167 m'oblige
1526 1004 1586 1119 à
1638 1049 1927 1128 vous
1964 1056 2099 1128 en
2154 1015 2441 1139 faire
2474 1066 2774 1186 part.

1216 1172 2462 1309 ARNOLPHE.

218 1302 524 1442 Bon,
562 1317 903 1481 voicy
950 1324 1091 1442 de
1126 1368 1651 1448 nouueau
1691 1342 2187 1505 quelque
2233 1388 2569 1472 conte
2612 1355 3154 1518 gaillard,

218 1464 365 1581 Et
398 1506 519 1584 ce
562 1469 805 1598 fera
839 1487 1297 1653 dequoy
1359 1532 1779 1618 mettre
1819 1502 2003 1622 fur
2039 1549 2279 1628 mes
2319 1516 2888 1638 tablettes.

1353 1666 2346 1795 HORACE,

220 1784 1464 1980 Mais,degrace,qu’ait
1497 1835 1886 1947 moins
1929 1874 2107 1952 ces
2147 1839 2541 1963 chofes
2585 1842 2748 1966 foi
2771 1892 2885 1975 et
2919 1851 3481 1981 fecrettes,

1201 1990 2464 2133 ARNOLPHF.

229 2116 477 2248 Oh.

1352 2322 2330 2471 HORACE,

562 2471 881 2585 Vous
916 2475 1523 2637 n’ignorez
1562 2533 1761 2649 pas
1804 2502 2141 2659 qu'en
2187 2547 2365 2623 ces
2415 2506 3017 2637 occafions

216 2626 409 2735 Vn
460 2609 809 2745 fecret
850 2638 1247 2764 éuenté
1284 2687 1675 2813 rompt
1719 2697 1933 2780 nos
1972 2677 2716 2823 prétentions,

218 2780 343 2894 le
384 2804 1267 2964 vousauoüeray
1321 2809 1941 2988 doncauèc
1990 2827 2370 2989 pleine
2401 2828 3022 2979 franchife,

207 2942 634 3109 Qificy
670 2958 1008 3079 d’vne
1061 2978 1486 3098 Beauté
1525 3018 1808 3102 mon
1849 3029 2108 3108 ame
2157 3005 2408 3116 s’eft
2453 2997 2890 3161 éprite:-

207 3110 470 3228 Mes
513 3125 848 3273 petits
897 3123 1200 3251 foins
1245 3138 1738 3265 d’abord
1777 3191 1983 3272 ont
2029 3199 2161 3274 eu
2213 3199 2461 3279 tant
2499 3167 2637 3278 de
2675 3166 2865 3280 lue
2875 3204 3105 3307 ces.

201 3270 466 3416 Que
503 3319 602 3392 te
649 3320 830 3398 me
865 3285 1086 3408 fuis
1139 3299 1419 3418 chez
1453 3314 1679 3426 elle
1729 3355 2141 3442 ouvert
2189 3369 2343 3445 vn
2395 3324 2699 3445 doux
2749 3334 3125 3464 accésj

205 3442 344 3561 Et
394 3439 642 3558 iàns
680 3484 937 3610 trop
980 3493 1161 3573 me
1199 3505 1642 3612 vanter,
1687 3519 1831 3636 ny
1881 3485 2075 3644 luy
2129 3484 2413 3607 faire
2457 3533 2677 3607 vne
2730 3496 3178 3650 injure*.

206 3600 472 3715 Mes
514 3599 965 3731 affaires
1006 3659 1071 3774 y
1112 3621 1367 3745 font
1410 3675 1547 3749 en
1582 3633 1813 3760 fort
1862 3643 2243 3768 bonne
2278 3657 2772 3817 pofture.

1036 3799 2223 3940 ARNOLPHE
2309 3828 2673 3963 riante

204 3918 353 4039 Et
406 3927 720 4049 c’eft?

526 4099 1259 4238 HORACE
1321 4136 1497 4288 luy
1535 4174 2103 4270 montrant
2143 4160 2244 4269 le
2281 4147 2544 4313 logis
2587 4159 2695 4273 à*
2723 4156 3132 4316 Agnès*

716 4279 808 4384 V
826 4312 896 4384 n
927 4284 968 4429 j
997 4319 1279 4405 eune
1309 4298 1628 4448 objet
1680 4313 1882 4463 qui
1931 4309 2194 4474 loge
2267 4355 2408 4429 en
2457 4355 2578 4429 ce
2619 4315 2963 4478 logis,

204 4412 540 4529 Dont
582 4462 862 4547 vous
911 4480 1275 4597 voyez
1315 4456 1613 4621 d’icy
1662 4508 1885 4623 que
1927 4471 2081 4591 les
2125 4514 2437 4593 murs
2481 4461 2737 4596 font
2787 4489 3225 4649 rougis,

208 4579 644 4739 Simple
691 4589 755 4700 à
793 4600 906 4710 la
957 4613 1345 4753 vérité,
1406 4666 1607 4782 par
1649 4630 2109 4755 l’erreur
2139 4636 2389 4758 fans
2429 4639 2911 4763 fécondé

202 4744 528 4857 D’vn
572 4760 1091 4880 Homme
1124 4783 1326 4933 qui
1363 4790 1477 4900 la
1515 4794 1865 4913 cache
1907 4841 2047 4914 au
2085 4840 2741 4925 commerce
2767 4807 2913 4926 du
2976 4812 3446 4954 monde,

204 4897 524 5020 Mais
558 4917 754 5072 qui
784 4918 1071 5048 dans
1098 4935 1807 5105 l’ignorance
1850 4984 2009 5077 oit
2045 4966 2289 5082 l’on
2337 5011 2603 5089 veut
2639 4968 3230 5115 l’afleruir,

198 5064 458 5185 Pait
502 5070 893 5200 briller
932 5092 1119 5213 des
1164 5118 1619 5233 attraits
1657 5128 2179 5281 capables
2211 5130 2347 5248 de
2397 5149 2744 5277 rauir,

196 5234 396 5342 Vn
432 5240 603 5351 air
654 5282 899 5366 tout
944 5293 1622 5428 engageant,
1673 5287 1775 5396 ie
1811 5326 1951 5402 ne
1983 5293 2249 5454 fçay
2298 5336 2611 5457 quoy
2655 5303 2793 5415 de
2829 5302 3272 5446 tendre,

190 5388 529 5513 Dont
564 5401 649 5518 il
684 5417 955 5530 n’eft
1013 5463 1337 5580 point
1373 5436 1513 5552 de
1553 5480 1875 5561 cœur
1908 5493 2108 5614 qui
2149 5457 2258 5572 fe
2292 5457 2651 5620 puifle
2695 5464 3320 5585 defendre:-

188 5548 1321 5724 Mais.peut-eftre-il
1363 5602 1638 5716 n’eft
1682 5647 1878 5763 pas
1918 5657 2140 5775 que
2181 5663 2464 5737 vous
2515 5645 2917 5780 n’ayez
2955 5630 3475 5753 bienveir

200 5715 3373 5976 Ce jeune Aſtre d'amour de tant d'attraits pourueu:
198 5855 1967 6113 C'eſt Agnés qu'on l'appelle.
