4058 6899
1209 302 2589 484 COMEDIE.

292 493 615 610 Vous
650 522 833 610 me
869 495 1362 624 femblez
1405 504 1892 671 chagrin
1929 566 1960 642 ;
2011 507 2570 638 feroit-ce
2613 513 2968 676 qu’en
3013 513 3288 653 effet

287 659 608 781 Vous
649 654 1600 828 defaprùuueriez
1645 674 1750 791 le
1791 674 2218 796 deffein
2259 721 2484 843 que
2519 690 2754 849 i’ay
2791 675 3068 810 fait?

1303 840 2570 986 ARNOLPHE,

279 975 610 1133 Non,
655 988 919 1110 c’eft
959 1035 1174 1157 que
1211 989 2080 1167 iefongeois..,-

1415 1168 1544 1281 H
1611 1178 1726 1288 O
1777 1170 2397 1298 RACE.

1695 1339 1922 1452 Cet
1959 1345 2526 1457 entretien
2575 1382 2860 1470 vous
2905 1350 3216 1490 lafle;

265 1468 681 1618 Adieu,
731 1483 1066 1651 i'iray
1103 1488 1386 1612 chez
1435 1532 1722 1610 vous
1759 1503 2202 1618 tanroft
2261 1544 2554 1622 vous
2595 1515 3002 1642 rendre
3038 1559 3429 1685 grâce*

1263 1664 2524 1794 ARNOLPHL

265 1802 500 1932 Ah!
541 1806 1127 1946 faut-il....

1121 1996 2022 2113 HORACE
2111 2037 2690 2128 reuenanU

1130 2155 1775 2298 Derechef,
1830 2162 2341 2280 veuillez
2390 2168 3167 2322 eftredifcreç,

251 2301 399 2421 Et
444 2310 861 2433 n’allez
898 2353 1137 2480 pas,
1178 2321 1321 2441 de
1378 2362 1761 2484 grâce,
1810 2335 2269 2446 éuenter
2314 2371 2603 2451 mon
2644 2333 3049 2468 feerct.

1268 2496 2521 2622 ARNOLPHE,

250 2629 509 2765 Que
554 2645 657 2760 ie
698 2639 941 2764 fens
988 2644 1267 2764 dans
1306 2690 1589 2769 mon
1634 2690 2060 2780 ame....

1092 2820 2017 2940 HORACE
2092 2863 2674 2951 rcuen&vt*

1858 2991 1999 3102 Et
2054 2986 2235 3107 fur
2282 3033 2531 3107 tout
2582 2991 2645 3107 à
2692 3034 2979 3112 mon
3018 3004 3338 3144 Pere,

240 3119 478 3264 Qui
526 3125 753 3239 s'en
802 3124 1137 3258 feroic
1177 3148 1809 3302 peut-eftre
1858 3194 2009 3269 vn
2054 3156 2345 3308 fujet
2380 3156 2527 3274 de
2572 3158 2982 3278 colere.

526 3300 1589 3434 ARNOlPHEr/
1616 3352 1953 3464 ayant
1997 3334 2281 3484 qu'il
2306 3334 2741 3445 renient
2768 3367 3198 3468 encore*

240 3447 480 3568 Oh.
550 3465 604 3576 ..
692 3458 895 3578 Oh
933 3480 1151 3629 que
1198 3481 1423 3630 i'&y
1474 3470 1951 3597 fouffert
1992 3485 2407 3603 durant
2458 3525 2635 3602 cet
2676 3495 3287 3615 entretien!

236 3615 667 3739 Jamais
714 3633 1157 3754 trouble
1198 3637 1661 3801 d’efprit
1702 3684 1840 3758 ne
1882 3642 2056 3764 fut
2109 3647 2371 3816 égal
2416 3689 2558 3763 au
2596 3687 2948 3764 mien.

232 3791 547 3901 Auec
593 3786 967 3948 quelle
1012 3799 1790 3962 imprudence,
1854 3817 1965 3921 &
2009 3815 2392 3972 quelle
2429 3815 2740 3936 hafte
2785 3823 3344 3958 extrême,

228 3942 681 4068 JIm'efi
735 3998 1014 4074 venu
1063 4003 1456 4087 conter
1497 4009 1794 4088 cette
1835 3970 2240 4093 affaire
2295 3981 2361 4092 à
2415 3985 3216 4134 moy-mémel

228 4105 520 4225 Bien
563 4156 780 4282 que
817 4156 1094 4244 mon
1135 4170 1462 4249 autre
1501 4171 1780 4250 nom
1825 4137 1926 4251 le
1967 4141 2354 4258 tienne
2387 4146 2670 4258 dans
2719 4148 3244 4287 l’erreur,

222 4271 776 4439 Etourdy,
831 4303 1557 4416 montra-t'il
1597 4308 2012 4415 ïamais
2053 4343 2302 4420 tant
2357 4308 2492 4425 de
2529 4300 2968 4428 fureur?

217 4437 528 4558 Mais
569 4484 918 4601 ayant
973 4494 1218 4571 tant
1267 4460 1790 4601 fouftert,
1863 4465 2402 4586 iedeuois
2463 4509 2650 4585 me
2701 4475 3496 4614 contraindre.

211 4600 676 4766 Iniques
717 4609 777 4720 à
821 4620 1508 4743 m'éclaircir
1549 4631 1684 4742 de
1725 4665 1852 4738 ce
1882 4675 2102 4791 que
2139 4637 2242 4748 ie
2287 4637 2540 4752 dois
2595 4637 3173 4780 craindre,

213 4775 315 4882 A
365 4769 800 4923 pouffer
831 4778 1366 4942 jusqu'au
1401 4790 1680 4905 bout
1721 4784 1928 4910 fon
1971 4836 2380 4958 caquet
2419 4798 3021 4938 indiscret.

209 4922 358 5042 Et
399 4923 852 5090 fçauoir
900 4946 1600 5096 pleinement
1631 4955 1878 5072 leur
1921 5002 2578 5081 commerce
2619 4959 3015 5082 fecret.

211 5088 766 5214 Tâchons
807 5104 866 5215 à
913 5111 1014 5220 le
1051 5117 1675 5267 rejoindre,
1721 5116 1800 5233 il
1845 5128 2116 5243 n’eft
2162 5164 2356 5286 pas
2401 5128 2652 5244 loin
2695 5132 2796 5243 ie
2830 5127 3215 5291 pense.

207 5256 862 5381 Tirons-en
907 5269 1042 5385 de
1089 5316 1214 5390 ce
1255 5278 1474 5401 fait
1517 5283 1588 5396 T
1607 5289 2032 5405 entière
2077 5283 2754 5409 confidence
2776 5379 2811 5428 ,

203 5412 338 5528 le
379 5426 842 5546 tremble
883 5435 1030 5548 du
1069 5441 1594 5561 malheur
1634 5455 1852 5610 qui
1887 5456 2203 5572 m'en
2248 5493 2516 5615 peut
2549 5461 3035 5594 arriuer»

199 5574 334 5699 Et
375 5583 610 5710 l'on
645 5589 1124 5717 cherche
1159 5597 1637 5727 fouuent
1678 5626 1927 5780 plus
1972 5641 2331 5780 qu’on
2372 5660 2517 5734 ne
2552 5659 2821 5741 veut
2876 5658 3401 5747 trouuer*

897 5906 975 6063 J
973 5900 1195 6052 Fin
1261 5883 1451 6053 du
1533 5906 2191 6067 Premier
2257 5907 2698 6078 Acte.
