4058 6973
812 250 1345 475 epi
1435 207 2069 435 str
2142 212 2401 419 e:

98 607 361 851 fur
422 569 956 796 Gloire
1038 596 1101 812 ,
1182 587 1440 783 &
1515 500 2276 825 qualité^
2328 496 2642 782 fur
2698 472 3174 786 quali
3187 580 3260 634 -

106 961 466 1146 te^.
535 878 989 1089 Fous
1093 912 1301 1047 en
1372 902 1672 1030 aue
1684 883 1826 1075 %
1930 954 1989 1051 ,
2050 803 2272 999 M
2315 846 2452 991 A
2499 836 2647 985 D
2699 830 2828 982 A
2875 831 3043 976 M
3087 817 3279 1013 E,’

117 1187 331 1399 du
399 1153 1023 1432 cojlédu
1083 1198 1493 1414 rang
2023 1097 2221 1296 de
2287 1078 2465 1292 la
2533 1060 3173 1375 naijfan
3195 1187 3296 1234 -

129 1559 293 1717 te
359 1616 442 1715 y
493 1465 780 1742 qui
848 1505 1276 1655 vous
1289 1419 1711 1716 font
1788 1369 2779 1680 refpeéterde
2854 1417 3310 1567 toute

156 1763 318 1970 la
378 1820 818 1958 terre.
884 1748 1361 1950 Vous
1425 1782 1625 1912 en
1701 1753 2159 1945 aue%
2222 1670 2453 1879 du
2549 1654 2964 1939 cojlé
3050 1647 3340 1855 des

166 2064 739 2257 Graces
766 2180 829 2278 y
834 2073 1040 2264 &
1027 2092 1077 2157 t
1117 2001 1403 2222 del
1398 2064 1440 2121 ,
1445 1994 2022 2284 Efprit
2033 2139 2091 2213 i
2109 2018 2371 2214 &
2435 1960 2662 2167 du
2712 1965 3323 2236 Corps,

177 2357 453 2637 qui
525 2397 937 2537 'vous
962 2310 1365 2612 font
1444 2293 2160 2496 admirer
2205 2263 2408 2467 de
2487 2310 3019 2459 toutes
3125 2231 3359 2441 les

158 2624 1818 2922 perfonnes,quivous
1882 2617 2569 2844 vojent.
2647 2554 3137 2761 Fous
3165 2601 3373 2729 en

200 2906 868 3171 attendu
896 2889 1300 3174 cojlé
1349 2888 1555 3091 de
1617 2867 2091 3075 famé
2194 2936 2253 3146 ,
2315 2858 2615 3144 qui
2693 2832 2752 3106 ,
2800 2826 2993 3104 fi
3052 2818 3386 3024 l'on

222 3206 453 3491 ofe
505 3188 1037 3487 parler
1073 3179 1591 3453 ainfi,
1629 3240 2061 3374 vous
2090 3146 2500 3447 font
2573 3192 3148 3405 aymer
3206 3115 3404 3315 de

239 3562 583 3696 tous
659 3558 1043 3686 ceux
1103 3491 1383 3772 qui
1423 3528 1710 3670 ont
1772 3447 2638 3662 l'honneur
2683 3419 3417 3700 Rappro¬

240 3766 592 3983 cher
622 3780 804 3980 de
868 3849 1280 3980 vous
1324 3785 1376 3965 :
1434 3782 1620 3961 le
1656 3826 2148 3958 veux
2213 3732 2564 3936 dire
2596 3777 2991 3927 cette
3021 3709 3425 3909 dou¬

250 4148 606 4275 ceur
629 4061 1150 4347 pleine
1215 4056 1402 4256 de
1480 4035 2293 4260 Charmes
2388 4017 2447 4270 ,
2539 4013 2949 4214 dont
2989 4063 3433 4206 vous

261 4364 937 4648 daigne%
1171 4405 1927 4632 temperer
2136 4316 2319 4524 la
2472 4291 2990 4583 fierté
3168 4277 3450 4489 des

248 4651 853 4932 grands
932 4662 1377 4847 titres
1461 4703 1776 4929 que
1849 4686 2292 4824 vous
2332 4656 2950 4896 porter
2984 4661 3048 4803 ;
3100 4639 3438 4780 cet¬

281 4997 442 5127 te
511 4925 990 5137 bonté
1054 4991 1502 5134 toute
1607 4914 2494 5199 obligeante
2582 4967 2643 5124 ;
2750 4941 3149 5080 cette
3186 4856 3471 5154 af¬

261 5207 916 5508 fabilité
940 5208 1763 5506 genereufe
1846 5351 1897 5448 }
2032 5275 2343 5490 que
2403 5251 2871 5390 vous
2964 5154 3490 5460 faites

284 5515 1009 5782 paroijlre
1117 5569 1549 5784 pour
1609 5552 1977 5698 tout
2094 5487 2249 5690 le
2369 5463 2940 5683 monde
3068 5531 3124 5657 %
3250 5458 3504 5651 Et

330 5872 482 5998 te
504 5795 898 6072 font
918 5776 2370 6087 particulièrement
2430 5842 2678 5967 ces
2708 5757 3497 5952 dernieres

2379 6026 2894 6324 ã iiij
