4058 7091
547 377 693 526 ï8
990 342 1941 513 L’ESCOLE
2054 332 2419 487 DES
2550 311 3421 501 FEMMES,

1366 529 2746 693 ARNOLPHEa
2762 554 3094 693 paru

1816 708 2058 840 Ah!
2103 716 2214 829 Le
2260 738 2644 824 crcue.

1659 867 2649 1009 HORACE,
2861 865 3173 979 Pour
3224 851 3897 995 l'Homme,

571 1085 1057 1229 C’eftjie
1093 1061 1579 1233 croy,de
1630 1058 1745 1176 la
1786 1026 3316 1195 2oufie,ou5ouche,qu'on
3358 1018 3470 1141 le
3505 1050 3909 1161 nome,

566 1265 703 1382 le
737 1295 880 1376 ne
917 1290 1106 1371 me
1152 1243 1380 1366 fuis
1425 1266 1628 1398 pas
1664 1222 1906 1347 fort
1942 1203 2372 1336 arrefté
2405 1203 2596 1326 fur
2641 1199 2752 1322 le
2796 1237 3142 1332 nom;

576 1421 1008 1560 Riche,
1053 1413 1124 1532 à
1158 1451 1282 1528 ce
1318 1423 1675 1573 qn’on
1728 1393 1965 1504 m'a
2005 1379 2230 1521 dit,
2266 1374 2567 1493 mais
2611 1369 2809 1488 des
2852 1363 3103 1527 plus
3153 1345 3592 1497 fenfez,
3641 1388 3918 1502 non,

571 1598 725 1714 Et
761 1589 1003 1708 l'on
1044 1599 1355 1698 m'en
1391 1608 1461 1689 a
1497 1560 1819 1727 parlé
1855 1587 2331 1674 comme
2373 1545 2653 1668 ci'vu
2698 1526 3303 1660 Ridicule.

581 1768 747 1888 Le
795 1741 1852 1879 connoiflez-vous
1891 1721 2288 1887 point?

1352 1920 1448 2030 A
1502 1915 1614 2031 R
1676 1901 1976 2025 NO
2039 1890 2244 2010 LP
2303 1873 2580 2007 HE
2653 1872 2724 2001 à
2752 1906 3103 2039 parc*

2333 2056 2507 2172 La
2545 2037 3097 2169 fâcheufe
3133 2024 3547 2202 pilule!

1790 2218 2781 2359 HORACE.

590 2432 783 2562 Eh
827 2472 861 2567 i
909 2462 1204 2557 vous
1259 2458 1408 2540 ne
1454 2414 1750 2538 dites
1786 2438 2096 2524 mot.

1639 2556 2887 2700 ARNOLPHF.

2167 2734 2345 2856 Eh
2387 2740 2683 2893 oiiy,
2728 2727 2839 2846 ie
2878 2716 3543 2870 lcconnoy.

1776 2900 2785 3038 HORACE,

644 3107 947 3240 C’eft
993 3146 1150 3236 vn
1190 3092 1443 3241 fou,
1481 3086 1948 3216 n’eft-ce
1980 3098 2244 3241 pas?

1657 3233 2951 3382 ARNOLPHE,

1933 3413 2293 3539 Eh....

1780 3575 2770 3714 HORACE,

2139 3746 2536 3906 Qifen
2581 3740 3323 3865 dites-vous?
3368 3737 3753 3891 quoy?

621 3942 857 4071 Eh?
908 3941 1169 4071 c’eft
1215 3936 1281 4061 à
1327 3931 1583 4057 dire
1620 3928 1905 4089 oiiy.
1987 3926 2473 4046 Ialoux?
2523 3907 2589 4032 à
2641 3907 2939 4032 faire
2981 3903 3249 4018 rire.

623 4126 897 4238 Sot?
943 4122 1051 4238 ie
1095 4147 1332 4270 voy
1377 4098 1671 4272 qu'il
1723 4136 1871 4217 en
1919 4094 2079 4217 eft
2121 4136 2249 4213 ce
2279 4127 2512 4257 que
2562 4082 2780 4208 Ton
2837 4073 3078 4190 m'a
3143 4107 3308 4232 pu
3340 4058 3640 4184 dire.

624 4284 978 4403 Enfin
1030 4268 1634 4407 l'aimable
1684 4278 2086 4431 Agnes
2128 4303 2198 4379 a
2240 4259 2498 4378 feeu
2552 4238 3356 4403 m’aflujettir,

639 4454 956 4575 C'eft
1012 4492 1164 4573 vn
1203 4444 1464 4607 joly
1519 4440 1902 4599 bijou,
1952 4473 2249 4598 pour
2290 4468 2439 4549 ne
2486 4456 2775 4543 vous
2838 4443 3181 4578 point
3225 4397 3714 4539 mentir,

623 4623 785 4743 Et
840 4664 965 4740 ce
1009 4615 1367 4739 feroit
1421 4605 1827 4763 péché,
1873 4602 2313 4770 qu’vne
2365 4587 2815 4716 Beauté
2854 4580 2937 4700 fi
2977 4615 3235 4699 raie

634 4799 859 4915 Eut
902 4781 1290 4910 lairtee
1323 4816 1472 4897 au
1517 4811 2030 4939 pouuoir
2064 4767 2210 4886 de
2251 4811 2428 4887 cet
2474 4773 3028 4886 Homme
3072 4742 3576 4866 bizarre.

638 4961 960 5077 Pour
1000 4984 1610 5113 moy,cous
1650 4980 1898 5058 mes
1934 4898 4000 5080 effortSjto’mesvcruxlespPdour,

639 5137 993 5247 Vont
1029 5122 1095 5237 à
1148 5140 1457 5239 m'en
1494 5108 1903 5232 rendre
1934 5108 2454 5247 maiftre,
2500 5142 2639 5223 en
2665 5094 2995 5261 dépit
3031 5089 3189 5208 du
3221 5085 3699 5246 jaloux;

646 5287 809 5413 Et
848 5284 1355 5456 l'argent
1391 5323 1617 5448 que
1644 5279 1791 5399 de
1841 5318 2131 5395 vous
2172 5279 2883 5442 l'emprunte
2915 5295 3204 5381 auec
3240 5235 3885 5388 franchise,

650 5454 998 5583 N'eft
1045 5498 1268 5623 que
1307 5493 1604 5618 pour
1650 5482 2078 5569 mettre
2122 5444 2186 5561 à
2228 5439 2512 5565 bout
2549 5475 2844 5560 cette
2890 5431 3196 5593 jufte
3236 5406 3908 5579 entreprise.

659 5622 1360 5794 Vo’fçauez
1402 5626 2030 5785 mieuxque
2066 5621 2324 5736 moi
2378 5595 3269 5784 quelsquefoiét
3314 5630 3527 5711 nos
3568 5572 4036 5721 efforts,

665 5790 941 5943 Que
981 5797 1483 5956 l'argent
1529 5786 1689 5906 eft
1727 5786 1847 5907 la
1889 5777 2143 5906 clef
2159 5781 2307 5907 de
2350 5820 2619 5906 tous
2675 5777 2839 5900 les
2885 5766 3323 5939 grands
3363 5749 3897 5892 refforts,

672 5967 824 6083 Et
859 6002 1086 6127 que
1127 6001 1252 6078 ce
1284 5959 1610 6078 doux
1645 5953 2008 6077 métal
2067 5958 2273 6120 qui
2322 5950 2659 6115 frape
2701 5982 2962 6067 tant
3016 5937 3154 6063 de
3193 5929 3581 6066 teftes,

674 6133 856 6255 En
892 6170 1361 6276 amour,
1396 6166 1866 6253 comme
1908 6167 2054 6247 en
2092 6162 2551 6292 guerre,
2602 6152 3044 6243 auance
3107 6108 3278 6233 les
3314 6084 4036 6262 conquefte*.
