4058 6899
1148 286 1501 443 CO
1592 295 1939 444 ME
2020 302 2151 445 D
2228 321 2287 454 I
2368 305 2520 467 Ë.
3403 388 3561 531 iy

1530 512 1628 616 A
1692 503 1795 615 G
1842 506 1958 621 N
2014 512 2104 626 E
2158 517 2255 630 5.

1415 669 1745 819 Oiiy,
1801 674 2427 819 Monfieur,
2484 689 3263 863 Dieumercy.

1279 831 2497 967 ARNOLPHE.

270 973 414 1091 Et
450 1007 719 1139 moy
764 974 903 1095 de
948 998 1694 1133 vousaeuoir,
1740 1002 1851 1113 ie
1888 1002 2117 1123 fuis
2162 1007 2419 1133 bien
2457 1012 3037 1142 aifeaufïî:

262 1149 586 1261 Vous
626 1178 914 1261 vous
948 1145 1224 1265 elles
1276 1156 2222 1310 toüjours,côme
2262 1188 3003 1327 onvoit,bien
3057 1192 3506 1358 portée?

1517 1330 1779 1445 AG
1839 1335 2259 1452 NES.

265 1469 591 1592 Hors
631 1469 791 1590 les
827 1507 1198 1633 puces,
1244 1484 1444 1648 qui
1481 1496 1851 1609 m'ont
1897 1492 2005 1614 la
2045 1502 2297 1618 nuit
2329 1507 2949 1669 inquiétée.

1264 1657 2498 1788 ARNOLPHE.

269 1792 507 1914 Ah!
548 1835 834 1919 vous
869 1844 1204 1924 aurez
1248 1810 1532 1928 dans
1574 1858 1790 1974 peu
1829 1825 2470 1990 quelqu'vn
2501 1883 2796 2004 pour
2844 1848 2998 1969 les
3038 1847 3512 1980 chaflerï

1517 1991 2260 2114 AGNES,

253 2123 577 2251 Vous
618 2159 799 2245 me
840 2120 1147 2252 ferez
1197 2135 1622 2299 plaifir.

1230 2313 1664 2433 ARN
1730 2324 1842 2437 O
1908 2324 2112 2442 LP
2170 2333 2468 2450 HE.

1751 2487 1874 2598 le
1914 2486 2022 2609 le
2067 2501 2326 2655 puis
2370 2496 2632 2618 bien
2671 2501 3094 2666 penfen

253 2605 515 2760 Que
561 2616 1267 2756 faites-vous
1305 2638 1609 2760 donc
1659 2640 1831 2764 là?

1498 2816 2236 2940 AGNES.

1630 2981 1751 3093 le
1788 3014 1979 3098 me
2026 2985 2245 3107 fais
2292 2986 2483 3108 des
2530 3000 3202 3146 Cornettes,

245 3113 490 3230 Vos
541 3114 1132 3250 Chemifes
1179 3129 1314 3254 de
1362 3142 1651 3277 nuit,
1719 3152 1829 3255 &
1887 3190 2088 3270 vos
2152 3152 2602 3278 Coiffes
2638 3156 2898 3283 font
2938 3166 3307 3291 fartes.

1231 3314 1325 3418 A
1383 3313 1491 3426 R
1537 3309 1651 3423 N
1719 3312 1835 3427 O
1897 3318 1979 3428 L
2047 3323 2121 3431 P
2177 3326 2305 3437 H
2363 3324 2479 3436 E.

240 3439 448 3556 Ha
488 3467 516 3559 !
578 3452 891 3573 voila
921 3463 1124 3621 qui
1178 3505 1323 3583 va
1372 3467 1633 3587 bien
1673 3534 1703 3610 j
1781 3478 2136 3615 allez,
2177 3524 2657 3610 montez
2709 3489 3236 3644 là-haut.

238 3605 438 3722 Ne
492 3651 772 3731 vous
810 3661 1324 3783 ennuyez
1349 3638 1733 3792 point,
1782 3646 1889 3760 ie
1940 3652 2625 3816 reuiendtay
2686 3666 3172 3805 tantofl,

231 3765 538 3892 E&ie
583 3814 862 3900 vous
898 3790 1422 3958 parleray
1468 3802 2050 3930 d^aJfaires
2086 3818 2901 3974 importantes.

1097 3970 1377 4082 Tom
1417 3965 1776 4127 eftans
1815 4009 2300 4114 rentrer*

230 4099 819 4230 Héroïnes
858 4113 1009 4230 du
1044 4156 1460 4287 temps,
1511 4136 2169 4263 Mefdames
2215 4147 2375 4264 les
2419 4155 3098 4315 Sçauantes,

227 4261 866 4397 Poufieufes
916 4280 1052 4397 de
1092 4292 1642 4416 tendresse
1696 4318 1804 4420 &
1858 4308 1989 4425 de
2032 4313 2398 4429 beaux
2438 4312 3117 4458 femimens,

223 4423 357 4534 le
393 4426 680 4549 défie
721 4438 781 4553 à
821 4442 938 4559 la
973 4441 1198 4572 fois
1245 4495 1494 4582 tous
1542 4509 1756 4586 vos
1798 4482 2117 4609 Vers,
2166 4518 2374 4596 vos
2430 4490 3001 4620 Romans,

222 4597 467 4705 Vos
513 4599 990 4743 Lettres,
1043 4619 1461 4743 Billets
1507 4630 1860 4772 doux,
1915 4679 2242 4758 toute
2281 4646 2665 4763 voftre
2701 4647 3222 4780 Science,

218 4755 410 4874 De
454 4755 824 4890 valoir
874 4807 1167 4901 cette
1198 4780 1759 4920 honnefte
1806 4813 1918 4915 &
1969 4803 2483 4972 pudique
2520 4814 3206 4976 ignorance*
