4144 7057
577 452 777 571 44
1078 342 2023 535 L’ESCOLE
2136 310 2498 478 DES
2628 282 3488 466 FEMMES,

604 592 888 728 Afin
929 589 1072 705 de
1116 566 1745 700 conceuoir
1780 552 1897 663 la
1943 521 2292 657 chofe
2339 517 3035 663 dauantage.

601 774 1256 907 DîS-moy,
1306 777 1377 852 n
1413 721 1710 850 efîr-iî
1753 745 1952 874 pas
1995 671 2665 855 vray,quad
2706 709 2835 786 tu
2872 667 3171 785 tiens
3212 685 3417 767 ton
3460 675 3901 810 potage,

589 931 883 1079 -Que
925 913 1002 1034 lï
1034 904 1540 1080 quelque
1586 869 2028 1006 affamé
2069 853 2479 985 venoit
2513 876 2813 1004 pour
2840 868 2997 946 en
3034 852 3569 976 manger,

621 1106 828 1226 Tu
864 1080 1223 1209 ferois
1254 1106 1393 1194 en
1433 1061 1855 1184 colere,
1903 1044 2022 1157 &
2081 1011 2647 1147 voudrois
2684 1006 2797 1122 le
2832 991 3377 1157 charger?

1592 1162 2997 1342 GEORGETTE.

639 1430 984 1587 Giiy,
1022 1420 1151 1538 ie
1184 1419 1800 1563 comprens
1845 1366 2126 1496 cela.

1945 1511 2693 1658 ALAIN.

1947 1696 2264 1830 C’eft
2299 1687 2940 1851 juftement
2984 1688 3249 1779 tout
3288 1680 3784 1773 comme.

652 1934 839 2059 La
886 1933 1371 2045 Femme
1413 1899 1575 2020 eft
1627 1929 1770 2011 en
1807 1867 2084 2001 effet
2129 1868 2243 1986 le
2284 1885 2715 2022 potage
2752 1838 2901 1959 de
2936 1833 3628 1950 l'Homme}

657 2098 817 2219 Et
850 2084 1251 2261 quand
1302 2113 1454 2191 vn
1488 2071 2035 2190 Homme
2079 2029 2341 2162 vok
2383 2018 2895 2143 d'autres
2935 2004 3424 2121 Homes
3476 1974 3959 2143 parfois,

664 2265 921 2409 Qui
944 2251 1405 2371 veulent
1436 2236 1727 2357 dans
1769 2216 1892 2337 fa
1925 2208 2284 2365 foupe
2320 2183 2620 2310 aller
2662 2202 3173 2330 tremper
3218 2158 3525 2274 leurs
3558 2148 3979 2314 doigts,

673 2431 799 2551 Il
838 2463 985 2546 en
1014 2443 1486 2540 montre
1528 2382 1874 2518 auffi-
1893 2373 2128 2499 toft
2173 2401 2399 2492 vne
2437 2349 2827 2473 colere
2898 2328 3467 2453 extrême.

1646 2559 1755 2683 G
1821 2505 3063 2671 EORGETTE.

698 2748 1363 2920 Ouyrmais
1398 2758 2018 2906 pourquoy
2030 2705 2481 2830 chacun
2520 2679 2713 2806 n'é
2760 2663 3137 2798 fait-il
3173 2694 3375 2826 pas
3393 2649 3543 2775 de
3579 2639 3995 2774 même?

697 2938 849 3052 Et
884 2966 1107 3092 que
1134 2951 1427 3038 nous
1474 2940 1611 3022 en
1654 2922 2116 3046 voyons
2157 2870 2364 3035 qui
2411 2837 3056 3027 paroiffent
3085 2840 3578 2992 joyeux,

702 3103 999 3224 Lors
1028 3127 1257 3258 que
1277 3080 1582 3201 leurs
1596 3073 2126 3186 Femmes
2163 3039 2424 3161 font
2462 3052 2745 3145 auec
2780 3010 2949 3133 les
2990 2976 4003 3124 biauxMonfieux?

1984 3188 2724 3342 ALAIN.

726 3422 1045 3554 C’eft
1088 3457 1315 3587 que
1360 3406 1811 3532 chacun
1869 3393 2066 3512 n’a
2099 3413 2306 3547 pas
2340 3396 2647 3489 cette
2686 3329 3107 3470 amitié
3152 3325 3654 3500 goulue,

720 3595 993 3750 Qui.
1022 3608 1291 3708 n'en
1340 3615 1614 3703 veut
1654 3606 1884 3734 que
1924 3588 2220 3721 pour
2249 3535 2509 3693 foy.

1670 3735 1787 3859 G
1848 3677 3122 3851 EORGETTE.

2413 3870 2547 3994 Si
2602 3863 2717 3983 ie
2754 3875 3029 4016 n’ay
3066 3846 3185 3969 la
3218 3835 3668 3974 berluè*,

744 4102 875 4222 le
922 4094 1033 4217 le
1078 4127 1309 4256 voy
1354 4084 1558 4261 qui
1636 4108 2127 4203 retirent.

2058 4204 2788 4359 ALAIN.

1919 4414 2167 4534 Tes
2218 4418 2521 4548 yeux
2561 4369 2828 4496 font
2861 4362 3201 4488 bons,
3250 4333 3519 4461 c’eft
3562 4327 3812 4493 luy.

1722 4580 1835 4710 G
1892 4529 3142 4695 EORGETTE.

783 4779 1056 4925 Voy
1102 4792 1577 4887 comme
1612 4749 1709 4875 il
1745 4748 1907 4875 eft
1952 4719 2500 4902 chagrin.

2085 4922 2200 5049 A
2260 4899 2491 5015 LA
2551 4875 2827 5011 IN.

2275 5055 2600 5190 C’cft
2636 5031 2938 5215 qu’il
2982 5074 3050 5160 a
3092 5026 3240 5151 de
3272 5018 3799 5169 l’ennuy.

3385 6130 4132 6339 SCENE
