4073 7160
529 474 707 583 ÎO

1007 369 1966 561 L’ESCOLE
2082 343 2450 510 DES
2561 309 3369 484 FEMMES

1252 2121 2620 2465 ACTE
2938 2083 3395 2392 IL

608 2843 1750 3108 SCENE
2023 2764 3949 3050 PREMIERE.

1574 3362 2090 3531 ARN
2148 3337 2612 3500 OLP
2673 3330 3043 3491 HE.

1485 3815 1570 3934 L
1612 3796 1990 3932 m’eft,
2040 3783 2279 3902 lors
2317 3813 2551 3943 que
2590 3767 2750 3931 i’y
2813 3738 3201 3927 penfc,
3276 3764 4011 3903 auanrageux

1703 3969 1969 4093 fans
2005 3955 2433 4085 doute,

1507 4147 1995 4267 D’auoir
2047 4117 2413 4291 perdu
2449 4147 2697 4232 mes
2733 4104 2986 4267 pas,
3060 4102 3175 4208 8c
3231 4122 3393 4253 pu
3454 4092 4014 4238 manquer

1733 4309 1854 4429 fa
1904 4328 2290 4420 route:

1538 4496 1784 4612 Car
1819 4461 2182 4607 enfin,
2226 4462 2373 4584 de
2405 4487 2703 4571 mon
2744 4472 3084 4559 cœur
3123 4427 3237 4552 le
3288 4418 3748 4548 trouble
3783 4412 4023 4532 im¬

999 4679 1522 4844 périeux»

667 4855 1098 4986 N’euft
1149 4875 1304 5006 pu
1344 4828 1457 4952 fe
1503 4817 2157 4947 renfermer
2199 4822 2463 4923 tout
2503 4783 2883 4908 entier
2925 4776 2989 4898 à
3039 4767 3207 4893 fes
3258 4806 3611 4937 yeux,

675 5024 797 5144 Il
839 5018 1079 5139 euft
1133 5010 1358 5134 fait
1389 5000 1828 5125 éclater
1861 4984 2260 5109 l’ennu
2274 5013 2341 5133 y
2400 4960 2610 5130 qui
2655 4993 2848 5076 me
2890 4955 3378 5090 deuore,

678 5195 842 5311 Et
886 5190 996 5306 ie
1035 5225 1181 5303 ne
1229 5163 1797 5294 voudrois
1845 5192 2045 5316 pas
2089 5138 2389 5313 qu'il
2432 5121 2762 5253 lccût
2814 5166 2941 5242 ce
2986 5112 3284 5283 qu'il
3339 5118 3802 5283 ignore.

689 5359 1034 5483 Mais
1073 5353 1182 5468 ie
1236 5383 1378 5465 ne
1423 5334 1650 5458 fuis
1694 5368 1896 5490 pas
1931 5326 2484 5445 Homme
2526 5294 2599 5416 à
2637 5294 3015 5465 gober
3054 5290 3163 5411 le
3207 5314 3812 5414 morceau,

692 5528 851 5651 Et
896 5510 1281 5641 laitier
1323 5551 1477 5627 vn
1523 5501 1956 5657 champ
1989 5485 2287 5612 libre
2326 5505 2556 5596 aux
2604 5505 2974 5588 vœux
3011 5462 3170 5582 du
3223 5442 3995 5582 Datnoifeait,

705 5697 964 5813 l'en
1020 5721 1320 5804 veux
1360 5708 1832 5834 rompre
1876 5668 1986 5783 le
2025 5656 2418 5788 cours,
2468 5654 2587 5766 8c
2630 5635 2891 5760 fans
2937 5625 3378 5771 tarder,
3429 5609 4067 5784 apprendre

708 5846 1283 6023 lufqu'où
1316 5838 2143 6002 Inintelligence
2218 5823 2750 5943 entr'eux
2794 5845 2856 5922 a
2904 5807 3062 5971 pii
3114 5792 3740 5922 s’étendre:

710 6027 897 6187 l'y
940 6059 1319 6188 prens,
1356 6053 1650 6182 pour
1699 6041 1994 6124 mon
2034 5992 2620 6119 honneur,
2667 6018 2831 6100 vn
2867 5970 3355 6096 notable
3400 5953 3922 6095 intereft,

717 6195 857 6325 le
895 6196 1019 6322 la
1065 6181 1551 6361 regarde
1616 6187 1763 6305 eu
1807 6185 2339 6313 femme,
2380 6187 2614 6279 aux
2646 6183 3082 6314 termes
3114 6132 3556 6313 quelle
3602 6171 3748 6257 en
