4058 7006
532 368 610 504 8
970 348 1902 499 I/ESCOLE
2032 343 2396 490 DES
2506 339 3356 524 FEMMES,

1540 546 2878 669 CHRISALDE.

516 725 1212 870 Quelabus,
1254 721 1392 837 de
1444 721 1888 881 quitter
1930 710 2036 828 le
2100 744 2386 862 vray
2432 745 2712 817 nom
2764 711 2906 827 de
2940 705 3104 823 Tes
3146 710 3538 846 Peres,

522 904 847 1020 Pour
884 931 1025 1008 en
1070 885 1547 1001 vouloir
1596 880 2101 1039 prendre
2138 914 2295 992 vn
2350 869 2671 1035 bafty
2716 875 2901 991 fur
2944 869 3139 991 des
3218 870 3859 1008 chimères?

527 1068 725 1184 De
773 1053 1435 1218 laplufpart
1477 1049 1671 1161 des
1709 1082 1989 1204 gens
2037 1040 2299 1156 c’eft
2337 1038 2453 1156 la
2501 1034 3461 1205 démangeaison;

521 1232 677 1348 Et
715 1222 967 1340 fans
1019 1257 1305 1339 vous
1357 1202 1971 1328 embraffer
2023 1202 2313 1324 dans
2369 1207 2481 1320 la
2529 1198 3399 1369 comparaison,

531 1396 667 1508 le
715 1386 1009 1552 fçais
1053 1425 1203 1503 vn
1259 1371 1729 1512 Païfan,
1789 1396 2149 1538 qu’on
2197 1371 2771 1532 appelloit
2813 1411 3085 1537 gros
3133 1372 3577 1512 Pierre,

531 1556 791 1696 Qui
831 1573 1579 1709 n’ayac,pour
1627 1540 2515 1702 coutbie,qu'vn
2559 1531 3477 1701 feulquartierde
3517 1574 3854 1682 terrez

546 1734 652 1842 Y
714 1720 840 1836 fit
884 1753 1140 1832 tout
1188 1709 1246 1821 â
1294 1725 1808 1827 l’entour
1848 1700 2144 1822 faire
2198 1748 2348 1822 vn
2398 1699 2686 1821 folié
2728 1701 3380 1840 bourbeux,

540 1888 696 2004 Et
734 1890 870 2006 de
914 1873 1516 2000 Moniteur
1554 1873 1704 1991 de
1742 1872 1888 1990 1*1
1912 1874 2062 1986 fie
2114 1912 2260 1986 en
2302 1869 2536 2030 prit
2582 1869 2684 1985 le
2732 1913 3012 1985 nom
3060 1908 3684 2031 pompeux.

1590 2041 2850 2160 ARNOLPHE.

546 2226 890 2328 Vous
926 2207 1468 2374 pourriez
1534 2246 1836 2328 vous
1882 2202 2240 2368 palier
2284 2202 2998 2363 d'exemples
3040 2193 3180 2315 de
3220 2198 3336 2314 la
3378 2198 3674 2320 forte

544 2382 881 2498 Mais
927 2375 1243 2493 enfin
1282 2371 1421 2487 de
1466 2373 1585 2487 la
1636 2372 2095 2489 Souche
2138 2372 2299 2488 eft
2352 2372 2459 2484 le
2509 2415 2791 2483 nom
2839 2409 3061 2531 que
3108 2366 3215 2482 ie
3258 2404 3641 2526 porte;

555 2550 745 2700 l’y
801 2549 1059 2658 vois
1101 2539 1237 2657 de
1299 2539 1415 2657 la
1457 2538 1899 2676 ration,
1945 2544 2101 2696 i'y
2157 2573 2565 2652 trouue
2617 2535 2811 2657 des
2857 2568 3263 2695 appas.

555 2714 711 2826 Et
757 2705 1439 2873 nfappeller
1481 2705 1623 2821 de
1673 2704 2125 2846 l’autre,
2181 2708 2337 2820 eft
2389 2747 2531 2821 ne
2577 2701 3215 2865 m’obliger
3287 2732 3535 2860 pas.

1569 2872 2887 2991 CHRISALDE.

573 3037 1276 3202 Cependant
1317 3037 1434 3153 la
1477 3032 1986 3198 plufpart
2027 3076 2236 3154 ont
2287 3041 2622 3198 peine
2669 3037 2728 3149 à
2779 3047 2946 3193 s'y
3007 3022 3704 3168 fofimettre,

560 3210 720 3328 Et
758 3250 866 3322 ie
912 3239 1136 3361 voy
1182 3203 1618 3323 mefme
1676 3244 2034 3322 encor
2076 3206 2270 3322 des
2316 3201 2464 3322 ad
2482 3201 2806 3321 relies
2858 3205 2998 3319 de
3056 3210 3612 3322 Lettre...

1626 3375 2878 3497 ARNOLPHE.

560 3534 706 3652 le
754 3530 860 3652 le
908 3529 1338 3655 fouffre
1380 3535 1956 3660 aifément
1998 3544 2134 3666 de
2172 3540 2380 3706 qui
2424 3543 2698 3661 n’eft
2746 3577 2946 3705 pas
2996 3530 3520 3670 inftruit;

574 3700 908 3830 Mais
956 3741 1430 3835 vous....

1603 3880 1705 3995 C
1767 3876 2053 3994 HR
2115 3876 2945 3999 ISALDE.

1047 4039 1357 4153 Soit.
1415 4036 2029 4163 Là-delTus
2085 4084 2381 4158 nous
2423 4079 2975 4163 n'aurons
3017 4040 3351 4207 point
3389 4032 3525 4152 de
3563 4032 3929 4173 bruir,

585 4200 745 4322 Et
787 4200 895 4318 ie
937 4201 1435 4366 prendra
1453 4249 1517 4365 y
1573 4207 1675 4327 le
1733 4204 1989 4326 foin
2033 4210 2965 4331 d'accouftumer
3031 4200 3231 4327 ma
3267 4200 3733 4320 bouche

593 4380 705 4490 A
743 4412 889 4486 ne
931 4369 1193 4534 plus
1251 4413 1545 4491 vous
1569 4413 2115 4491 nommer
2157 4418 2385 4540 que
2427 4375 3041 4501 Moniteur
3085 4374 3225 4497 de
3267 4370 3379 4490 la
3441 4360 3929 4486 Souche.

1645 4548 2912 4669 ARNOLPHE.

604 4698 990 4824 Adieu
1048 4745 1074 4819 :
1144 4707 1266 4823 le
1300 4703 1622 4867 frape
1680 4712 1922 4872 icy,
1974 4750 2270 4872 pour
2308 4716 2758 4834 donner
2800 4713 2902 4833 le
2950 4717 3186 4833 bon
3224 4712 3548 4866 jour,

604 4872 758 4988 Et
802 4872 1048 4988 dire
1086 4867 1772 5016 feulement,
1814 4920 2048 5042 que
2080 4886 2188 4998 ie
2234 4876 2468 5001 fuis
2506 4881 2646 5003 de
2688 4925 3138 5007 retour.

1230 5045 2526 5168 CHRISALDE
2606 5069 2696 5171 s*
2712 5099 2844 5177 en
2920 5055 3290 5177 allant
3292 5126 3322 5162 *

612 5210 845 5330 Ma
892 5209 1093 5369 foy
1138 5213 1257 5325 ie
1302 5209 1411 5325 le
1452 5209 1749 5330 tiens
1790 5210 1995 5330 fou
2046 5214 2187 5332 de
2250 5257 2637 5336 toutes
2688 5219 2845 5335 les
2892 5218 3521 5331 maniérés.

1665 5387 2923 5504 ARNOLPHE.

627 5546 739 5664 Il
783 5548 937 5664 eft
985 5585 1135 5663 vn
1177 5585 1387 5707 peu
1429 5536 1783 5668 bielle
1835 5542 2023 5664 fur
2071 5551 2647 5670 certaines
2693 5557 3283 5673 matières.

637 5709 1039 5832 Chofe
1091 5711 1569 5877 étrange
1631 5710 2115 5856 devoir,
2173 5755 2631 5838 comme
2683 5759 2819 5837 au
2839 5759 2959 5837 ce
3011 5710 3515 5881 palfton^.

633 5894 837 5996 Vn
879 5879 1341 6001 chacun
1375 5885 1531 6003 eft
1577 5876 2043 6012 chauffé
2075 5884 2221 6012 de
2273 5886 2491 6012 son
2549 5895 3095 6045 opinion!

647 6048 1030 6181 Hola*
