4058 6850
1216 281 2573 433 COMEDIE.
3452 348 3529 488 5

245 467 387 595 Et
423 480 599 594 s’il
651 474 893 595 faut
939 500 1407 642 qu’auec
1473 480 1691 600 cJîe
1741 519 1899 591 on
1949 481 2229 623 joue
2281 518 2423 595 au
2483 473 3155 618 Corbillon,

244 645 382 761 Et
438 650 784 802 qu’on
830 645 1232 761 vienne
1274 641 1333 755 à
1392 645 1586 794 luy
1634 637 1999 779 dire,à
2058 642 2262 756 fon
2308 683 2602 784 tour,
2652 650 2920 802 qu’y
2976 669 3511 769 met~on£

254 807 378 917 le
418 848 704 920 veux
749 806 1162 963 qu'elle
1208 806 1756 963 réponde,
1808 843 2022 921 vne
2068 844 2362 920 tarte
2414 807 2470 917 à
2522 807 2632 921 la
2674 835 3104 939 crcwe;

249 967 415 1081 En
471 1010 619 1086 vu
659 1008 949 1110 mot,
999 971 1417 1128 qu’elle
1463 967 1685 1082 foit
1727 970 2073 1087 d'vue
2115 976 2745 1128 ignorance
2791 981 3355 1114 extrême;

244 1133 383 1243 Et
436 1132 685 1249 c'est
740 1127 1025 1248 allez
1076 1175 1361 1290 pour
1400 1132 1662 1270 elle,
1722 1136 1785 1247 à
1836 1171 2117 1248 vous
2158 1174 2295 1248 en
2336 1137 2599 1248 bien
2644 1138 3065 1294 parler,

244 1303 424 1413 De
466 1288 920 1460 fçauoir
962 1336 1266 1456 prier
1312 1301 1662 1422 Dieu,
1722 1297 2306 1432 m'aimer,
2366 1302 2830 1440 coudre,
2890 1313 2994 1413 &
3046 1303 3346 1426 Lier.

1253 1542 2357 1664 CHRISALD
2437 1553 2561 1667 E.

244 1789 490 1907 Vne
536 1790 992 1900 Femme
1038 1784 1478 1947 stupide
1552 1788 1704 1900 est
1752 1784 2050 1899 donc
2106 1784 2484 1899 vostre
2530 1793 3108 1909 Marotte?

1275 1950 2490 2065 ARNOLPHE.

249 2109 1497 2273 Tant,quei'aimerois
1553 2114 1945 2227 mieux
1987 2148 2201 2226 vne
2253 2114 2603 2254 laide,
2645 2116 2907 2230 bien
2951 2111 3283 2254 forte,

242 2267 693 2424 Qnjvne
744 2285 1201 2396 Femme
1246 2271 1479 2391 fort
1518 2276 1856 2415 belle,
1910 2310 2187 2390 auec
2242 2276 2825 2442 beaucoup
2872 2271 3378 2442 d’efpnt.

1246 2442 1898 2560 CHRIS
1970 2446 2546 2570 ALDE.

253 2588 755 2754 l’efprit,
811 2611 911 2717 6c
971 2602 1081 2718 la
1117 2602 1671 2722 beauté,,.

1264 2776 2471 2892 ARNOLPHE.

1808 2933 2616 3062 L'honnesteté
2686 2932 3042 3071 fuffit,

1225 3089 2509 3223 CHRISALDE.

239 3258 547 3374 Mais
585 3296 1167 3378 comment
1213 3267 2351 3426 voulez-vous,apres
2409 3289 3137 3430 tout,qu’vne
3179 3264 3493 3383 belle

242 3414 594 3534 PuilTe
640 3428 1048 3544 iamais
1104 3420 1554 3583 fçauoir
1604 3470 1720 3544 ce
1774 3471 1996 3591 que
2044 3434 2300 3548 c'est
2342 3439 2824 3591 qu’eftre
2872 3429 3486 3549 honuefte?

239 3595 604 3700 Outre
639 3589 922 3747 qu'il
965 3594 1114 3704 est
1159 3609 1450 3705 allez
1491 3632 2134 3751 ennuyeux,
2191 3640 2414 3756 que
2449 3599 2556 3709 ie
2601 3636 2926 3753 croy,

229 3751 723 3865 D'aiioir
773 3791 1087 3869 toute
1127 3754 1237 3870 fa
1289 3759 1465 3869 vie
1515 3798 1729 3874 vne
1771 3759 2069 3875 befte
2111 3798 2381 3875 auec
2417 3759 2673 3912 foy,

234 3906 1017 4034 Pcnfez-vous
1088 3916 1195 4034 le
1250 3921 1507 4035 bien
1566 3921 2088 4078 prendre,
2148 3934 2255 4034 &
2312 3967 2533 4087 que
2578 3920 2759 4040 fur
2808 3925 3193 4044 vostre
3238 3920 3487 4045 idée

240 4077 392 4186 La
432 4072 850 4195 feureté
888 4085 1166 4196 d’vn
1204 4081 1516 4201 front
1568 4081 1918 4242 puiiTe
1964 4090 2244 4204 estre
2300 4090 2570 4205 bien
2612 4082 3098 4205 fondée?

233 4241 481 4347 Vne
533 4252 977 4358 Femme
1019 4246 1477 4405 d’efprit
1511 4288 1775 4410 peut
1817 4245 2191 4366 trahir
2223 4246 2427 4366 fon
2475 4251 2925 4385 deuoio

241 4393 543 4512 Mais
585 4402 667 4513 il
703 4397 983 4542 faut,
1042 4450 1327 4564 pour
1364 4411 1469 4527 le
1514 4454 1937 4549 moins,
1978 4416 2395 4574 qu’elle
2436 4411 2631 4531 ofe
2676 4416 2783 4530 le
2834 4411 3355 4546 vouloir;

240 4553 372 4663 Et
414 4554 520 4668 la
560 4568 978 4719 stupide
1018 4614 1148 4682 au
1204 4573 1422 4687 lien
1464 4614 1720 4734 peut
1774 4615 2334 4738 manquer
2384 4578 3132 4720 d'ordinaire,

235 4715 514 4834 Sans
555 4762 690 4839 en
735 4738 1058 4848 auoir
1103 4734 1553 4876 l’enuie,
1615 4752 1720 4852 &
1785 4737 2036 4858 fans
2077 4737 2466 4900 penfer
2507 4747 2608 4857 le
2653 4738 2991 4861 faire.

1251 4907 2467 5024 ARNOLPHE.

234 5049 327 5155 À
376 5082 490 5160 ce
532 5044 699 5165 bel
744 5092 1394 5220 argument,
1444 5063 1503 5174 à
1552 5106 1668 5178 ce
1714 5063 2220 5183 difeours
2252 5064 2810 5227 profond,

240 5211 400 5316 Ce
447 5248 660 5372 que
708 5225 1378 5382 Pantagruel
1420 5229 1478 5336 à
1538 5234 2050 5391 Panurge
2102 5233 2576 5391 répond.

229 5367 1005 5538 Prenez-moy
1047 5390 1185 5494 de
1237 5427 1413 5499 me
1453 5394 1923 5544 joindre
1963 5395 2027 5506 à
2077 5404 2427 5510 Féme
2489 5422 2815 5514 autre
2857 5433 3075 5557 que
3113 5385 3461 5523 fotte;

224 5526 803 5675 Prefchez,
852 5551 1517 5697 patrocinez
1562 5550 2007 5713 jufqu’à
2054 5556 2169 5670 la
2218 5560 2910 5695 Pentecofte,

226 5697 534 5806 Vous
570 5696 868 5817 ferez
910 5706 1318 5863 ébahy,
1364 5714 1748 5871 quand
1804 5759 2080 5835 vous
2120 5716 2414 5840 ferez
2476 5767 2626 5840 au
2678 5726 3004 5859 bout,

513 5900 783 5987 vous
821 5905 963 5995 ne
999 5890 1501 5995 m’aurez
1543 5876 1785 5996 rien
1823 5878 2368 6039 perfuadé
2403 5885 2555 6005 du
2605 5924 2887 6006 tout.

2640 6066 2777 6204 A
2914 6057 3085 6241 iij#
