4058 6907
1157 272 1521 435 CO
1609 288 2452 472 MEDIE

3347 414 3501 558 r;

750 1114 2057 1403 SCENE
2401 1188 2860 1418 III.

579 1591 1397 1801 ALAIN,
1566 1637 3088 1865 GEORGETTE,

1112 1948 2478 2125 GEORGETTE.

1335 2138 1914 2426 ISÆ.On
1960 2316 2321 2459 Dieu,
2393 2332 2690 2488 qu’il
2723 2344 2885 2467 eft
2915 2360 3435 2494 terrible!

177 2406 374 2525 Ses
407 2422 860 2585 regards
889 2437 1266 2563 m*ont
1308 2449 1537 2578 fait
1584 2508 1905 2626 peur,
1946 2484 2243 2603 mais
2290 2528 2513 2611 vue
2555 2537 2830 2665 peur
2871 2514 3432 2678 horrible*

165 2570 319 2692 Et
349 2581 756 2712 iamais
793 2597 900 2717 ie
935 2641 1080 2724 ne
1114 2618 1293 2737 vis
1342 2662 1499 2743 vn
1532 2631 1793 2790 plus
1840 2636 2279 2769 hideux
2324 2655 2974 2811 Chreftien,

1431 2802 2143 2931 ALAIN.

170 2898 343 3022 Ce
388 2906 974 3054 Monfieur
1013 2936 1164 3057 l’a
1213 2941 1601 3097 fâché,
1647 2966 1759 3078 ie
1795 3005 1907 3087 te
1944 2980 2055 3093 le
2092 2973 2451 3101 difois
2488 2987 2801 3121 bien.

1092 3115 2491 3270 GEORGETTE.

155 3221 469 3353 Mais
499 3282 719 3406 que
755 3254 1198 3393 diantre
1248 3282 1612 3407 eft-ce
1652 3289 1812 3436 là,
1853 3331 2342 3469 qu’auec
2386 3350 2641 3444 tant
2676 3325 2817 3450 de
2857 3334 3299 3477 rudeflc

160 3389 272 3502 Il
318 3431 598 3521 nous
639 3416 852 3539 fait
887 3465 1028 3554 au
1074 3437 1381 3607 logis
1410 3453 1839 3617 garder
1888 3478 2272 3599 noftre
2320 3478 3040 3625 Maiftrcffe?

156 3554 483 3675 D'où
514 3575 828 3698 vient
854 3598 1116 3753 qu’à
1149 3641 1405 3731 tout
1440 3623 1549 3736 le
1583 3637 2022 3760 monde
2054 3647 2145 3763 il
2180 3681 2451 3765 veut
2496 3688 2751 3777 tant
2780 3665 2898 3779 la
2940 3674 3392 3832 cacher*

154 3708 307 3832 Et
336 3731 629 3888 qu'il
664 3778 798 3859 ne
831 3748 1330 3922 fçauroit
1362 3790 1629 3906 voir
1670 3797 2237 3957 personne
2272 3848 2421 3927 en
2464 3826 3163 3989 approcher?

1417 3964 2134 4097 ALAIN.

153 4038 460 4169 C’eft
498 4101 719 4231 que
755 4116 1044 4209 cette
1078 4101 1484 4229 aâion
1531 4117 1639 4241 le
1670 4161 1913 4251 met
1973 4178 2113 4255 en
2138 4146 2672 4302 jaloufïe.

1068 4272 2448 4453 GEORGETTE.

140 4360 446 4497 Mais
468 4388 743 4517 d'où
781 4419 1093 4540 vient
1136 4441 1424 4598 qu’il
1454 4455 1610 4571 eft
1641 4461 1877 4618 pris
1912 4463 2055 4584 de
2097 4512 2397 4603 cette
2421 4479 2791 4613 fantai
2806 4491 3006 4620 fie?

1398 4617 2106 4754 ALAIN.

133 4688 428 4817 Cela
472 4718 944 4865 vient....
1005 4753 1290 4877 Cela
1319 4774 1678 4921 vient,
1720 4786 1863 4907 de
1914 4836 2037 4916 ce
2073 4813 2377 4969 qu'il
2425 4827 2588 4945 eft
2625 4827 3081 4987 jaloux.

1053 4926 2400 5097 GEORGETTE.

128 5014 1378 5255 Oiiy;nraispourquoy
1417 5096 2755 5313 l’efl>il?&pourqudyce
2783 5203 3359 5316 couroux?

1373 5272 2067 5416 ALAIN.

122 5338 427 5471 C’eft
468 5407 684 5527 que
715 5384 1499 5553 lajaloufie....
1545 5435 2519 5615 Entens-tubien,
2572 5487 3249 5669 Georgette,

111 5498 307 5626 Eft
347 5541 1080 5692 vnechofe....
1127 5576 1400 5707 la....
1446 5599 1657 5755 qui
1686 5598 1906 5734 fait
1941 5646 2304 5782 qu’on
2332 5640 3120 5811 s’inquiète....

108 5660 248 5783 Et
271 5689 471 5836 qui
501 5698 864 5836 chafle
894 5727 1060 5851 les
1087 5774 1364 5899 gens
1411 5753 1941 5898 d’autour
1970 5787 2321 5912 d'vne
2352 5811 2858 5939 maifon.

108 5818 236 5945 ïe
269 5860 566 5979 m'en
610 5879 859 6002 vais
914 5927 1033 6017 te
1055 5894 1468 6040 bailler
1509 5957 1738 6055 vne
1774 5958 2625 6123 comparaifon,
