4058 7014
569 494 683 646 4
1039 391 1980 573 L’ESCOLE
2102 378 2459 535 DES
2570 350 3420 521 FEMMES,

572 663 1093 769 Comme
1127 618 1323 741 fur
1353 620 1523 733 les
1571 600 1955 719 Maris
1998 566 2484 704 acculer
2542 562 2688 680 de
2722 551 3429 684 fouiïïance,

566 819 766 935 De
807 831 1065 916 tout
1107 816 1485 941 temps
1541 767 1930 894 voftre
1979 755 2414 911 langue
2458 773 2524 849 a
2564 725 2942 850 daubé
2984 720 3877 874 d’importance,

564 974 977 1109 Qu’on
1025 987 1311 1077 vous
1346 983 1417 1061 a
1470 973 1687 1057 veu
1738 918 2344 1047 concr’eux
2388 943 2544 1022 vn
2596 885 3042 1018 Diable
3080 871 3698 1004 déchaîné-,

570 1157 909 1265 Vous
949 1123 1315 1246 deuez
1358 1092 1899 1223 marcher
1934 1079 2608 1235 droit,pour
2649 1053 3062 1177 n’eftre
3111 1049 3452 1210 point
3498 1034 3883 1182 berné;

570 1308 727 1427 Et
771 1296 957 1420 s’il
1009 1281 1277 1409 faut
1308 1309 1533 1439 que
1570 1261 1763 1381 fur
1802 1285 2100 1371 vous
2134 1280 2288 1357 on
2327 1238 2502 1352 ait
2548 1233 2668 1347 la
2707 1214 3260 1342 moindre
3307 1198 3660 1369 prife,

588 1479 901 1595 Gare
931 1455 1363 1624 qu’aux
1395 1418 2104 1556 Carrefours
2143 1446 2310 1530 on
2346 1441 2492 1522 ne
2537 1429 2826 1525 vous
2879 1359 3586 1549 tympanife,

582 1646 916 1762 Et....

1605 1719 2894 1882 ARNOLPHE.

745 1967 1065 2085 Mon
1107 1928 1868 2075 Dieu,noftre
1915 1928 2442 2067 Amy,ne
2487 1929 2782 2013 vous
2821 1862 3495 2003 tourmëtez
3542 1851 3908 2019 point;

585 2138 901 2259 Bien
939 2111 1265 2280 hupé
1300 2102 1508 2272 qui
1538 2122 1978 2259 pourra
2027 2097 2720 2222 m’attraper
2761 2049 2956 2171 fur
2999 2082 3129 2163 ce
3171 2024 3635 2201 poinâ.

591 2309 727 2423 le
765 2290 1045 2463 fçay
1083 2286 1249 2403 les
1296 2300 1620 2390 tours
1670 2247 2041 2384 rufez,
2108 2251 2224 2359 &
2258 2238 2424 2355 les
2462 2220 2938 2346 (ubtiles
2991 2232 3478 2331 trames,

591 2477 1299 2616 Dont,pour
1342 2468 1640 2558 nous
1696 2459 1838 2542 en
1881 2393 2796 2579 placer.fçauent
2847 2377 3109 2503 vfer
3147 2372 3313 2492 les
3365 2365 3918 2491 Femmes,

609 2637 765 2753 Et
802 2649 1269 2748 comme
1308 2642 1470 2724 on
1512 2595 1668 2716 eft
1718 2586 2028 2747 dupé
2069 2613 2274 2742 par
2306 2567 2622 2688 leurs
2659 2553 2874 2677 dex
2889 2574 3356 2674 tentez*

611 2811 1071 2923 Contre
1114 2812 1292 2899 cet
1338 2765 1876 2889 accident
1926 2754 2165 2901 i'ay
2209 2742 2444 2902 pris
2481 2765 2727 2844 mes
2767 2715 3336 2843 feuretez,

605 2970 765 3089 Et
820 2954 1109 3077 celle
1144 2980 1366 3112 que
1408 2913 1968 3090 fépoufe,
2017 2952 2084 3029 a
2125 2939 2458 3029 toute
2495 2896 3241 3013 l’innocence

607 3132 871 3283 Qui
904 3151 1177 3288 peut
1218 3103 1626 3231 fauuer
1669 3125 1958 3205 mon
2002 3075 2330 3197 front
2366 3070 2514 3184 de
2549 3055 3081 3217 maligne
3127 3029 3755 3159 influence.

1620 3223 2963 3383 CHRISALDE.

609 3464 777 3595 Et
816 3494 1043 3630 que
1080 3431 2096 3620 prétendez-vous
2133 3406 2572 3575 qu’vne
2636 3398 2969 3511 Sotte
3037 3415 3181 3500 en
3226 3406 3383 3494 vn
3448 3396 3829 3486 mot...

1659 3554 2915 3718 ARNOLPHE.

619 3788 1139 3975 Epoufer
1184 3817 1404 3913 vne
1446 3779 1833 3897 Sotte,
1875 3755 2036 3874 eft
2087 3778 2382 3911 pour
2429 3730 2843 3850 n’cftre
2889 3717 3233 3884 point
3279 3708 3545 3824 Sot:

619 3981 687 4097 I
719 4020 781 4096 e
820 3967 1178 4101 crois-
1208 3991 1351 4072 en
1392 3943 1634 4063 bon
1678 3918 2360 4049 Chreftien,
2435 3899 2819 4018 voftre
2859 3876 3297 4013 moitié
3369 3866 3615 3989 fort
3654 3846 3954 4018 fage;

625 4141 969 4267 Mais
1014 4165 1245 4242 vne
1281 4121 1762 4236 Femme
1814 4083 2222 4206 habile
2265 4073 2420 4192 eft
2469 4106 2621 4183 vn
2655 4049 3197 4180 mauuais
3232 4026 3762 4206 préfage,

633 4315 791 4431 Et
847 4306 955 4419 ie
986 4292 1266 4462 fçay
1308 4316 1436 4397 ce
1482 4262 1774 4437 qu’il
1825 4247 2218 4373 coufte
2263 4236 2332 4359 à
2375 4238 2524 4357 de
2565 4229 3133 4348 certaines
3184 4242 3516 4376 gens,

643 4483 965 4597 Pour
1008 4456 1343 4580 auoir
1386 4442 1620 4608 pris
1682 4432 1844 4545 les
1900 4427 2206 4540 leurs
2249 4441 2535 4527 auec
2575 4435 2845 4555 trop
2885 4388 3029 4508 de
3078 4380 3505 4498 talens.

639 4646 966 4796 Moy
1007 4620 1380 4748 i’irois
1423 4643 1618 4729 me
1661 4593 2150 4754 charger
2195 4577 2549 4697 d'vne
2601 4547 3332 4726 Spirituelle,

645 4806 901 4955 Quû
940 4837 1085 4918 ne
1122 4776 1694 4956 paileroit
1733 4764 1984 4882 rien
2017 4788 2246 4920 que
2298 4733 2762 4868 Cercle,
2830 4735 2941 4843 &
2991 4755 3219 4885 que
3267 4692 3759 4833 Ruelle?

651 4976 909 5125 Qui
945 4971 1090 5088 de
1135 4939 1529 5081 Profe,
1578 4948 1688 5053 &
1742 4929 1882 5046 de
1946 4939 2275 5056 Vers,
2327 4904 2679 5029 feroit
2727 4896 2871 5014 de
2911 4891 3241 5010 doux
3283 4870 3684 5008 écrits,

653 5149 809 5265 Et
850 5170 1077 5308 que
1112 5107 1842 5242 vifiteroient
1886 5083 2484 5246 Marquis,
2548 5077 2659 5185 &
2719 5060 3099 5183 beaux
3141 5040 3631 5206 Efprits,

667 5297 1142 5436 Tandis
1174 5320 1447 5450 que,
1490 5273 1752 5395 fous
1794 5267 1904 5382 le
1941 5285 2223 5377 nom
2268 5249 2426 5367 du
2466 5243 2819 5390 Mary
2867 5223 3013 5348 de
3061 5210 3679 5337 Madame,

669 5474 811 5592 le
856 5455 1216 5592 ferois
1279 5470 1750 5565 comme
1789 5469 1954 5556 yn
1992 5422 2378 5555 Saint,
2423 5446 2647 5576 que
2687 5431 3103 5564 pas-vn
3148 5417 3293 5498 ne
3336 5365 3898 5491 réclamé?

677 5642 1307 5767 Non,non,
1358 5611 1466 5734 ie
1505 5648 1648 5729 ne
1691 5633 1998 5726 veux
2035 5591 2374 5754 point
2409 5578 2693 5700 d'vn
2743 5557 3119 5725 Efprit
3158 5542 3361 5715 qui
3402 5532 3634 5653 fort
3678 5522 4005 5651 haut,

679 5811 839 5926 Et
885 5812 1356 5927 Femme
1404 5779 1610 5948 qui
1651 5755 2254 5923 compofe,
2303 5789 2442 5866 en
2489 5735 2795 5903 fçait
2833 5735 3087 5893 plus
3124 5706 3423 5885 qu’il
3468 5740 3607 5817 ne
3652 5688 3949 5817 faut.

687 5976 824 6102 Je
870 5987 1328 6129 pretens
1382 5987 1608 6117 que
1644 5938 1766 6058 la
1815 5934 2332 6057 mienne,
2377 5953 2519 6034 en
2565 5905 3011 6029 clartez
3040 5924 3263 6052 peu
3302 5865 3849 5999 fublime,

692 6127 1158 6270 Mefme
1185 6155 1336 6242 ne
1358 6101 1786 6284 £jache
1817 6136 2022 6270 pas
2063 6132 2192 6217 ce
2231 6123 2462 6257 que
2497 6074 2764 6203 c'eft
2807 6079 2999 6238 qu’
3021 6093 3245 6189 vne
3285 6041 3693 6177 Rime;
