4058 7006
563 373 666 501 6
1034 298 1991 476 I/ESCOLE
2112 285 2481 438 DES
2580 257 3434 447 FEMMES,

1537 536 2913 704 CHRISALDE,

561 786 698 910 le
726 820 870 906 ne
922 815 1074 905 vo
1106 815 1242 900 us
1273 773 1456 900 dis
1494 758 1750 929 plus
1798 787 2096 876 mot.

1649 985 2083 1117 ARN
2142 985 2257 1099 O
2316 975 2401 1091 L
2466 970 2721 1087 PH
2780 960 2911 1090 L.

1977 1163 2481 1284 Chacun
2558 1192 2627 1268 a
2677 1149 2795 1271 fa
2846 1135 3461 1265 méthode*

567 1379 754 1500 En
802 1380 1812 1498 Femme,comme
1858 1375 2000 1454 en
2042 1334 2469 1470 tout,ie
2514 1355 2821 1441 veux
2860 1309 3241 1431 fuiure
3275 1342 3477 1427 ma
3521 1304 3912 1454 mode^

561 1544 702 1662 le
756 1576 944 1657 me
984 1570 1225 1687 voy
1278 1521 1600 1644 riche
1644 1506 1990 1644 allez,
2038 1535 2339 1658 pour
2382 1481 2930 1650 pouvoir,
2974 1512 3203 1640 que
3241 1478 3347 1592 ie
3408 1512 3728 1638 croy,

574 1699 1064 1829 Choifîr
1104 1733 1330 1817 vne
1374 1674 1850 1813 moitié,
1900 1667 2112 1838 qui
2162 1665 2569 1779 tienne
2620 1684 2889 1768 tout
2943 1643 3087 1760 de
3135 1679 3482 1802 rnoy.

569 1877 732 1996 Et
771 1869 914 1987 de
950 1874 1154 2026 qui
1223 1859 1334 1976 la
1369 1839 1928 1982 soumise,
1997 1849 2108 1953 &
2166 1830 2555 1991 pleine
2589 1810 3390 1977 dépendance,

576 2037 928 2166 N'ait
981 2024 1048 2150 à
1104 2064 1292 2143 me
1336 2007 1966 2180 reprocher
2002 2036 2385 2117 aucun
2423 1987 2738 2122 bien,
2783 2017 2938 2136 ny
2991 1969 3617 2089 naiüànce.

574 2221 784 2320 Vn
844 2206 1030 2316 air
1075 2198 1440 2324 doux,
1503 2197 1620 2297 &
1668 2174 1994 2339 pofé,
2044 2198 2460 2334 parmy
2527 2149 3033 2267 d’autres
3078 2134 3536 2275 enfans,

579 2361 1232 2526 M'infpira
1273 2357 1412 2471 de
1469 2351 1972 2474 l’amour
2014 2371 2310 2499 pour
2360 2321 2622 2455 elle,
2683 2313 2887 2431 dés
2924 2342 3341 2469 quatre
3378 2341 3635 2422 ans:

586 2549 754 2657 5a
805 2539 1142 2652 Mere
1175 2515 1290 2643 fe
1328 2548 1890 2638 trouvant
1953 2507 2102 2624 de
2146 2482 2705 2658 pauvreté
2744 2465 3222 2643 prellèe,

600 2712 794 2827 De
837 2699 956 2817 la
1001 2695 1197 2850 luy
1243 2679 1886 2808 demander
1939 2671 2034 2789 il
2084 2705 2280 2783 me
2322 2665 2583 2774 vint
2629 2656 2747 2768 la
2784 2631 3246 2807 pensée.

591 2875 750 2991 Et
799 2868 918 2984 la
951 2861 1338 2981 bonne
1395 2838 2052 3010 Payfanne,
2092 2857 2743 2995 apprenant
2788 2848 3075 2929 mon
3120 2791 3468 2937 defir,

592 3057 712 3167 A
752 3031 1156 3155 s'ofter
1204 3055 1518 3141 cette
1562 3011 1992 3169 charge
2026 3040 2218 3121 eut
2271 3001 2874 3140 beaucoup
2927 2974 3071 3087 de
3126 2963 3553 3134 plaifir.

594 3212 952 3329 Dans
1004 3232 1154 3314 vn
1200 3187 1492 3347 petit
1553 3186 2158 3309 Couvent,
2213 3162 2468 3284 loin
2499 3152 2638 3276 de
2684 3181 3009 3269 toute
3048 3143 3626 3308 pratique,

602 3378 746 3491 le
783 3370 898 3487 la
939 3359 1068 3479 fis
1133 3359 1564 3487 éleuer,
1613 3341 1946 3463 félon
1988 3373 2192 3454 ma
2234 3325 2870 3487 politique,

616 3537 938 3663 C'eft
983 3529 1050 3646 à
1093 3524 1350 3644 dire
1384 3513 2068 3637 ordonnant
2114 3494 2454 3667 quels
2499 3486 2816 3608 foins
2862 3519 3013 3595 on
3074 3460 3834 3633 employroit,

616 3711 938 3825 Pour
987 3697 1102 3816 la
1142 3688 1552 3810 rendre
1613 3678 1996 3796 idiore
2044 3702 2464 3789 autant
2506 3655 2796 3826 qu’il
2845 3640 2962 3768 fe
3004 3682 3235 3810 pou
3258 3644 3588 3762 noie.

620 3884 948 3999 Dieu
988 3895 1431 4018 mercy,
1483 3853 1594 3970 le
1633 3847 2024 3966 fuccés
2068 3877 2136 3956 a
2183 3828 2513 3989 fuiuy
2566 3861 2854 3938 mon
2914 3847 3404 3937 attente,

614 4045 780 4163 Et
829 4031 1315 4202 grande,
1360 4030 1464 4139 ie
1513 4017 1672 4140 l'a
1682 4054 1751 4173 y
1814 4025 2112 4129 veuë
2151 4003 2222 4120 à
2274 3991 2434 4119 tel
2482 3986 2892 4154 poinét
2943 3986 3622 4120 innocente,

622 4208 900 4349 Que
940 4205 1175 4355 i'ay
1221 4189 1523 4347 beny
1571 4185 1686 4302 le
1745 4180 2008 4300 Ciel
2053 4167 2518 4293 d'auoir
2558 4156 2982 4278 trouvé
3020 4184 3322 4267 mon
3357 4142 3626 4284 fait,

638 4383 958 4497 Pour
1012 4405 1204 4483 me
1247 4358 1552 4482 faire
1602 4392 1826 4468 vne
1888 4359 2358 4467 Femme
2416 4372 2564 4448 au
2614 4326 2822 4491 gré
2861 4316 3006 4439 de
3060 4310 3892 4433 monfouhait.

632 4551 774 4661 ïe
818 4542 1051 4694 i'ay
1094 4534 1406 4652 donc
1450 4522 1870 4642 retirée
1909 4564 1939 4650 ;
2012 4521 2122 4626 &
2180 4538 2652 4622 comme
2698 4529 2894 4609 ma
2927 4488 3474 4604 demeure

640 4730 751 4835 A
805 4745 1060 4824 cent
1094 4698 1460 4820 fortes
1503 4686 1644 4806 de
1682 4679 2126 4801 monde
2196 4678 2352 4792 efl
2402 4696 2894 4786 ouverte
2947 4652 3010 4767 à
3060 4688 3386 4771 toute
3433 4648 3829 4791 heure,

644 4883 784 4997 le
818 4875 1061 5032 I'ay
1109 4861 1402 4986 mife
1450 4860 1512 4969 à
1565 4856 2025 4978 l’écart,
2074 4878 2546 4964 comme
2585 4837 2676 4950 il
2721 4827 2976 4945 faut
3016 4861 3274 4940 tout
3312 4861 3428 4978 pr
3453 4822 3844 4955 évoir.

642 5052 1001 5169 Dans
1053 5074 1354 5154 cette
1394 5060 1720 5143 autre
1776 5011 2305 5152 Maifon,
2344 5000 2502 5124 où
2536 4997 2732 5119 nul
2780 5039 2932 5115 ne
2976 5028 3164 5107 me
3214 5028 3540 5108 vient
3580 4987 3893 5124 voir;

652 5216 808 5333 Et
851 5246 1150 5370 pour
1191 5242 1340 5318 ne
1379 5194 1712 5355 point
1764 5184 2140 5350 gafter
2179 5180 2304 5296 fa
2345 5174 2720 5294 bonté
2768 5155 3399 5298 naturelle,

656 5381 793 5501 ïe
835 5382 1022 5533 n’y
1077 5376 1373 5490 tiens
1409 5397 1634 5524 que
1668 5359 1866 5476 des
1904 5391 2194 5511 gens
2228 5382 2488 5467 tout
2524 5329 2810 5454 avili
2849 5330 3316 5494 /impies
3358 5320 3824 5492 qu'elle.

662 5560 997 5665 Vous
1041 5579 1237 5657 me
1272 5536 1598 5656 direz
1643 5556 2267 5687 pourquoy
2311 5545 2614 5631 cette
2658 5518 3338 5622 narration?

678 5714 1001 5834 C'eft
1057 5748 1349 5867 pour
1385 5734 1676 5815 vous
1727 5691 2130 5806 rendre
2166 5682 2638 5799 inftrait
2681 5672 2826 5790 de
2866 5707 3066 5781 ma
3107 5657 3844 5834 précaution,

674 5888 841 5998 Le
887 5875 1359 5998 refaitat
1394 5865 1536 5985 de
1583 5898 1889 6002 tout,
1935 5860 2096 5974 ell
2147 5870 2492 6019 qu’en
2542 5859 2855 5997 Amy
2903 5831 3347 5977 fidelle,

684 6052 865 6172 Ce
896 6039 1179 6189 foir,
1224 6044 1339 6167 ie
1375 6068 1667 6166 vous
1706 6025 2093 6154 invite
2126 6024 2193 6147 à
2242 6015 2663 6195 louper
2727 6044 3012 6137 auec
3055 6011 3336 6133 elle-
