4058 6899
1217 261 2575 418 COMEDIE,
3391 333 3525 478 jj

270 460 804 585 l'admire
846 461 990 590 de
1032 466 1136 591 le
1184 474 1442 592 voir
1502 503 1650 582 au
1687 470 2098 629 poind
2148 460 2302 580 où
2340 466 2444 585 le
2492 461 2858 606 voila,

257 642 613 791 Apres
650 671 871 790 que
907 636 1009 752 ie
1051 636 1279 800 i’ay
1335 671 1541 761 veu
1592 670 1789 792 pas
1834 628 2083 792 plus
2128 627 2499 792 grand
2538 674 2759 794 que
2801 628 3073 753 cela.

1412 798 2368 919 HORACE.

269 970 589 1084 Vous
631 1002 1033 1127 voyez.

1264 1132 1674 1251 ARN
1736 1137 1850 1247 O
1910 1134 1992 1246 L
2058 1135 2302 1248 PH
2354 1130 2494 1241 E.

1017 1293 1531 1432 Mais,de
1578 1335 1989 1456 grâce,
2035 1303 2147 1413 O
2167 1333 2501 1414 ronce
2553 1303 2925 1423 voftre
2971 1302 3293 1452 Pere>

238 1451 542 1570 Mon
580 1452 804 1575 bon
870 1469 980 1576 &
1026 1451 1298 1575 cher
1342 1468 1694 1612 Amy,
1739 1498 1964 1617 que
2002 1459 2498 1576 i’eftime
2554 1478 2658 1580 &
2720 1512 3158 1611 reuere,

236 1615 499 1756 Que
545 1615 975 1742 fait-il?
1026 1663 1247 1785 que
1283 1626 1693 1742 dit-il?
1731 1626 2055 1741 eft-il
2107 1634 2641 1785 toujours
2690 1635 3243 1795 gaillard?

236 1791 338 1898 A
380 1820 628 1900 tout
670 1826 790 1903 ce
825 1796 1022 1945 qui
1066 1793 1170 1903 le
1212 1787 1678 1926 touche,
1722 1787 1808 1903 il
1846 1783 2142 1950 fçait
2191 1830 2408 1950 que
2444 1797 2550 1912 ie
2581 1840 2910 1960 prens
2957 1841 3248 1961 part.

231 1941 567 2065 Nous
613 1988 747 2065 ne
783 1992 1065 2074 nous
1107 1993 1151 2069 s
1169 1992 1495 2070 ornes
1549 1992 1821 2070 veus
1869 1954 2263 2113 depuis
2304 1997 2711 2117 quatre
2748 1964 3491 2107 ansensebîe*

1361 2124 1488 2237 H
1549 2126 1664 2236 O
1735 2131 1840 2239 R
1901 2136 1994 2236 A
2057 2131 2340 2239 Cdi.

227 2273 481 2433 Ny,
522 2282 719 2440 qui
756 2281 1005 2445 plus
1044 2287 1247 2428 eft,
1306 2282 1595 2402 écrit
1636 2278 1879 2402 i’vn
1926 2278 1991 2398 h
2034 2287 2483 2427 l'autre,
2530 2326 2717 2407 me
2762 2287 3235 2422 femble.

222 2415 562 2579 îleft,
617 2449 1160 2611 Seigneur
1207 2448 1852 2612 Arnolphe,
1901 2491 2250 2566 encor
2291 2449 2546 2613 plus
2613 2492 2834 2617 gay
2881 2501 3102 2622 que
3133 2500 3472 2599 nous,

223 2597 371 2712 Et
419 2603 817 2725 i'auois
858 2611 989 2726 de
1050 2610 1169 2731 la
1202 2653 1461 2774 part
1500 2654 1727 2736 vne
1774 2621 2155 2731 Lettre
2196 2658 2487 2778 pour
2534 2663 2863 2760 vous;

218 2763 538 2883 Mais
573 2768 960 2931 depuis
997 2820 1198 2941 par
1249 2820 1464 2898 vne
1497 2815 1818 2898 autre
1857 2782 1950 2898 il
2001 2786 2668 2945 m’apprend
2713 2783 2836 2901 fa
2871 2834 3310 2936 venue,

213 2925 367 3040 Et
402 2928 515 3045 la
560 2935 937 3054 railbn
978 2986 1323 3064 encor
1362 2986 1503 3063 ne
1548 2948 1851 3064 m’en
1896 2948 2059 3064 eft
2096 2986 2297 3107 pas
2338 2986 2835 3069 connue.

207 3095 1022 3250 Sçauez-vous
1059 3112 1256 3273 qui
1303 3111 1940 3272 peut-eftre
1977 3153 2136 3231 vn
2173 3113 2316 3230 de
2367 3153 2574 3232 vos
2625 3119 3249 3272 Citoyens,

208 3251 447 3396 Qui
488 3300 1009 3388 retourne
1046 3314 1185 3391 en
1222 3318 1393 3397 ces
1440 3277 1751 3397 lieux
1788 3318 2069 3397 auec
2110 3277 2703 3441 beaucoup
2756 3281 2891 3398 de
2938 3290 3296 3426 biens,

203 3415 532 3577 Qujl
569 3432 814 3546 s'ell
851 3475 990 3550 en
1031 3480 1594 3601 quatorze
1649 3484 1860 3563 ans
1915 3448 2312 3605 acquis
2363 3447 2644 3564 dans
2691 3447 3474 3616 l'Amerique?

1226 3614 2444 3731 ARNOLPHE.

193 3741 538 3878 Non;
593 3766 910 3892 Vous
941 3777 1342 3891 a-t*on
1383 3779 1708 3935 point
1749 3777 1922 3896 dit
1969 3814 2312 3897 corne
2347 3818 2508 3893 on
2549 3772 2658 3896 le
2701 3786 3244 3900 nomme?

1344 3943 2306 4067 HORACE.

2901 4110 3453 4272 Emique.

1178 4275 2412 4401 ARNOLPHE.

189 4409 513 4540 Non.

1298 4609 2274 4734 HORACE.

631 4760 938 4875 Mon
977 4766 1252 4886 Pere
1293 4779 1604 4890 m'en
1639 4779 2007 4935 parle,
2071 4785 2180 4887 &
2235 4775 2526 4942 qu’il
2563 4784 2716 4901 eft
2763 4809 3229 4918 reuenu,

184 4907 685 5038 Comme
720 4921 899 5039 s'il
940 4922 1327 5048 deuoit
1364 4942 1817 5057 m'eftre
1862 4947 2621 5062 entièrement
2676 4984 3106 5081 connu,

173 5069 324 5180 Et
365 5079 818 5205 m’écrit
851 5108 1190 5252 qu’en
1229 5098 1694 5218 chemin
1767 5103 2350 5224 enfemble
2381 5107 2526 5228 ils
2563 5108 2674 5228 fe
2713 5117 2936 5232 vôt
2971 5146 3439 5251 mettre,

174 5231 477 5353 Pour
518 5288 671 5366 vn
702 5250 915 5376 fait
960 5260 1599 5419 important
1644 5307 1865 5433 que
1906 5312 2047 5385 ne
2082 5273 2255 5386 dit
2292 5279 2627 5433 point
2662 5274 2783 5395 fa
2828 5283 3248 5400 Lettre,

1187 5439 2431 5557 ARNOLPHE.

170 5551 539 5693 l’aura
550 5615 615 5738 y
656 5594 1485 5717 certainement
1520 5601 1954 5750 grande
1996 5608 2274 5757 joye
2320 5602 2383 5719 à
2430 5603 2536 5723 le
2576 5613 2888 5752 voir,

169 5713 310 5836 Et
341 5770 622 5889 pour
655 5750 762 5871 le
803 5759 1289 5912 régaler,
1335 5770 1441 5880 ie
1487 5757 1801 5927 firay
1845 5803 2127 5881 mon
2173 5770 2707 5928 pouuoir.

640 5930 986 6089 Apres
1064 5940 1388 6070 (luoir
1454 5955 1632 6075 leu
1674 5958 1785 6075 U
1834 5965 2236 6080 Lettre-
