4058 7031
1660 236 1773 383 P
1872 227 2022 377 Jl
2128 222 2249 369 E
2348 221 2453 369 F
2572 203 3203 363 AGE.

814 441 1372 615 monde,
1389 439 1542 593 &
1577 448 1817 647 qui
1862 482 2102 585 me
2160 422 2421 576 fait
2456 422 3089 572 l’hôneur
3121 427 3297 572 de
3349 430 4041 626 m’aymcr,

799 694 1326 806 trouva
1390 645 1526 795 le
1566 652 2022 854 projet
2106 610 2454 781 aflfez
2485 620 2575 775 à
2613 616 2862 771 fon
2914 610 3237 826 gré,
3282 677 3562 780 non
3617 628 4029 795 feule¬

808 890 1222 1011 ment
1251 901 1606 1064 pour
1639 894 1874 996 me
1911 834 2563 993 follicitcr
2598 828 2840 1019 d’y
2883 863 3411 984 mettre
3454 834 3587 992 la
3619 848 4051 1037 main,

805 1062 1155 1207 mais
1197 1104 1706 1208 encore,
1735 1090 2091 1250 pour
2123 1035 2316 1221 l’y
2360 1076 2884 1193 mettre
2939 1024 2988 1173 1
3000 1042 3862 1231 uy-melme,
3903 1068 4039 1210 8c

800 1264 944 1409 ie
1008 1246 1228 1412 fus
1321 1239 1881 1408 eltonné
1992 1298 2268 1449 que
2348 1249 2708 1392 deux
2788 1245 3151 1386 iours
3241 1298 3624 1448 apres
3668 1253 3769 1399 il
3833 1315 4048 1420 me

797 1461 1421 1615 monftra
1477 1445 2465 1611 toutél’affeire
2550 1435 3261 1624 executée,
3301 1458 3717 1608 d’vne
3774 1515 4047 1622 ma¬

794 1671 1186 1814 niéré
1223 1774 1269 1844 ,
1305 1665 1391 1816 à
1421 1661 1554 1811 la
1582 1651 2109 1837 vérité,
2150 1646 2866 1850 beaucoup
2909 1639 3213 1850 plus
3254 1654 3873 1838 Galante,
3910 1680 4042 1830 8c

790 1859 1111 2070 plus
1154 1860 2038 2076 Spirituelle,
2074 1910 2342 2066 que
2383 1862 2514 2008 ie
2555 1904 2734 2003 ne
2806 1899 3110 2054 puis
3178 1842 3606 2039 faire,
3711 1896 4038 2030 mais

800 2062 995 2222 où
1059 2071 2103 2258 ietrouuaydes
2155 2057 4035 2276 chofestropaduantageufes

787 2326 1152 2478 pour
1201 2316 1612 2463 rnoy,
1648 2283 2156 2425 &.i’eus
2187 2317 2607 2476 peur.
2655 2250 2932 2471 que
2967 2251 3068 2414 Ci
3111 2267 3240 2417 ie
3287 2276 4051 2477 produifoij,

785 2475 1021 2626 cét
1072 2481 1732 2687 Ouurage
1768 2469 2469 2630 fuimoftre
2500 2468 3365 2641 Theatre.on
3405 2529 3581 2628 ne
3633 2501 4024 2646 m’ac-

778 2677 1206 2829 eufaft
1269 2680 1834 2838 d’abord
1901 2682 2437 2841 d’avoir
2494 2663 3063 2829 mendié
3101 2675 3301 2828 les
3341 2670 4040 2899 loiianges,

774 2886 1206 3086 qu’on
1259 2940 1410 3041 m
1450 2932 1550 3071 y
1606 2886 2254 3042 donnoit.
2302 2875 3150 3083 Cependant
3223 2878 3509 3036 cela
3555 2897 4029 3060 m'era-

779 3085 1354 3302 pefcha,
1407 3145 1647 3303 par
1679 3095 2275 3311 quelque
2332 3077 3446 3271 conlidcration,
3523 3101 4041 3266 d’acbe-

784 3355 1036 3470 uer
1072 3347 1228 3468 cie
1299 3319 2104 3532 qacianeift
2136 3284 2976 3464 commencé
3028 3368 3072 3480 ;
3116 3299 3471 3454 mais
3520 3341 3819 3459 tant
3860 3320 4036 3470 de

792 3578 1144 3733 gens
1181 3585 1420 3681 me
1456 3507 2052 3731 preflènt
2096 3555 2420 3668 tous
2455 3501 2660 3659 les
2728 3512 3120 3706 jours
3220 3502 3396 3653 de
3464 3501 3592 3659 le
3644 3500 4024 3702 faire,

777 3782 1057 3934 que
1101 3738 1241 3881 ie
1298 3780 1468 3876 ne
1521 3721 1841 3923 Içay
1894 3779 2048 3878 ce
2085 3730 2329 3933 qui
2365 3765 2545 3868 en
2592 3716 2960 3874 fera,
3005 3718 3165 3850 St
3189 3754 3573 3864 cette
3593 3721 4024 3867 incer¬

774 3942 1229 4086 titude
1275 3932 1462 4084 eft
1499 3927 1957 4109 eatife,
2054 3930 2486 4133 queie
2562 3960 2750 4059 ne
2778 3947 3158 4067 mets
3213 3931 3626 4117 point
3701 3928 4030 4074 dans

776 4132 1962 4313 cettePreface.ce
1998 4126 2422 4338 qu’on
2463 4160 2867 4276 verra
2898 4119 3139 4270 dâs
3178 4119 3307 4269 la
3346 4125 4014 4323 Critique»

775 4398 955 4498 en
995 4398 1215 4497 cas
1263 4401 1535 4556 que
1568 4357 1699 4495 ie
1752 4398 1991 4499 me
2044 4325 2563 4485 refolue
2595 4316 2722 4472 à,
2755 4317 2879 4467 la
2915 4315 3259 4477 faire
3343 4327 4011 4532 paroiftre.

767 4542 1005 4698 S’il
1035 4538 1332 4701 faut
1368 4604 1644 4756 que
1688 4544 1992 4699 cela
2012 4551 2359 4712 (oit,
2396 4549 2532 4683 ie
2572 4525 2691 4683 le
2744 4536 2947 4687 dis
2989 4582 3584 4711 encore,
3633 4540 4015 4687 cefe¬

765 4799 917 4902 ra
952 4754 1721 4908 feulement
1789 4798 2145 4958 pour
2186 4788 2700 4948 vanger
2749 4737 2880 4887 le
2961 4730 3428 4942 public
3481 4741 3660 4888 du
3706 4740 4024 4891 cha¬

761 4967 1082 5166 grin
1121 4954 1622 5111 délicat
1645 4960 1822 5110 de
1862 4954 2529 5106 certaines
2569 4992 2905 5151 gens
2938 5008 2994 5125 ;
3030 4994 3253 5097 car
3289 4993 3641 5152 pour
3686 4999 4022 5138 moy

758 5179 906 5314 ie
943 5171 1309 5313 m’en
1338 5169 1702 5315 tiens
1763 5154 2106 5315 affez
2171 5149 2639 5360 vangé
2702 5148 3106 5358 parla
3177 5136 4010 5312 Reuffite.de

760 5413 1002 5519 ma
1035 5365 1811 5545 Comedie,
1911 5374 2055 5518 &
2094 5367 2230 5517 ie
2266 5353 2899 5509 fouhaite
2926 5410 3199 5562 que
3235 5393 3699 5508 toutes
3743 5348 3997 5507 cel¬

759 5559 1047 5740 les,
1091 5585 1551 5781 queie
1615 5614 2221 5775 pourray
2299 5553 2640 5716 faire
2701 5672 2755 5738 ,
2879 5560 3344 5714 foient
3404 5552 4020 5716 traittées

756 5818 1004 5970 par
1089 5826 1344 5924 eux
1409 5885 1455 5943 ,
1533 5827 2100 5931 comme
2173 5762 2832 5963 cellc-cy,
2916 5812 3829 5978 pourueuqye
3888 5756 4039 5922 la.

758 5974 1097 6137 relie
1169 5974 1541 6139 fuiue
1577 5988 1753 6143 de
1818 5970 2392 6143 mefmc.
