4038 6834
1525 325 1662 509 E
1745 319 1882 504 P
1985 306 2070 495 I
2157 309 2270 502 S
2345 284 2534 493 T
2621 306 2806 491 R
2901 309 3102 497 E.

726 589 1807 822 Altesse
2026 605 3071 832 Royale
3171 744 3228 832 t
3318 582 3631 859 fur
3762 588 3911 792 le

716 929 1097 1101 titre
1160 895 1345 1091 de
1436 877 2265 1076 L’ECOLE
2384 918 2737 1072 DES
2860 889 3889 1120 FEMMES,

738 1176 991 1418 Cir
1058 1166 1555 1463 lojfre
1594 1159 2011 1457 quil
2062 1241 2499 1362 'vous
2570 1238 2763 1359 en
2766 1161 3055 1446 fer
3058 1188 3359 1375 oit.
3430 1173 3915 1364 Mais

704 1533 1136 1758 pour
1220 1542 1585 1742 moy
1684 1479 1768 1700 ,,
1875 1478 3008 1689 MADAME
3128 1463 3189 1688 ,
3259 1463 3404 1647 ie
3480 1525 3904 1653 vous

725 1775 1230 1954 auoiie
1305 1820 1690 1955 mon
1773 1729 2338 2028 faible,
2485 1751 2666 1931 le
2705 1817 2902 1935 ne
2957 1732 3366 2021 fçay
3433 1761 3910 2010 point

723 2113 972 2249 cet
1043 2111 1316 2239 art
1379 2090 1568 2238 de
1651 2096 2312 2227 trouuer
2378 2020 2640 2219 des
2691 2080 3404 2302 rapports
3483 2093 3912 2237 entre

712 2333 981 2530 des
1097 2319 1613 2602 chofes
1664 2324 2173 2592 (ipeu
2232 2303 3609 2585 proportionnéesj
3664 2320 3914 2597 à

714 2612 1475 2906 quelques
1602 2591 2071 2805 belles
2142 2589 2879 2799 lumières
2979 2676 3035 2885 ,
3178 2671 3483 2884 que
3606 2676 3919 2808 mes

728 2895 1605 3184 Confrères
1703 2888 1929 3088 les
1996 2893 2389 3079 Aut
2395 2872 2861 3086 heurs
2940 2964 3189 3085 me
3219 2887 3917 3088 donnent

714 3245 1082 3385 tous
1153 3190 2166 3463 lesioursftr
2245 3169 2430 3365 de
2489 3173 3082 3452 pareils
3153 3179 3646 3451 fujets
3682 3196 3738 3401 ,
3777 3196 3914 3380 ie

711 3553 920 3674 ne
1031 3554 1376 3755 voy
1451 3496 1928 3754 point
2027 3542 2188 3658 ce
2255 3532 2576 3737 que
2695 3481 2872 3667 V
2963 3508 3104 3657 O
3195 3515 3288 3664 S
3367 3510 3500 3651 T
3591 3513 3732 3657 R
3811 3524 3916 3664 E

704 3761 1870 3963 Altesse
2084 3761 3122 3954 Royale
3197 3772 3930 4032 pourvoit

711 4072 1183 4254 auoir
1302 4034 1411 4251 à
1534 4030 2267 4307 démejler
2371 4114 2771 4244 aucc
2834 4037 3011 4238 la
3158 4036 3923 4244 Comedie

704 4417 1021 4634 que
1088 4355 1229 4540 ie
1300 4330 1593 4606 luy
1668 4342 2425 4617 prefente.
2520 4355 2813 4536 On
2900 4331 3277 4600 nef
3332 4386 3645 4607 pas
3728 4408 3917 4524 en

678 4657 1155 4914 peine
1194 4639 1259 4911 ,
1318 4638 1727 4911 fans
1789 4623 2290 4820 doute
2382 4704 2439 4856 ,
2530 4683 3311 4820 comment
3398 4610 3530 4811 il
3517 4613 3934 4910 faut

659 4921 1104 5206 faire
1147 4971 1592 5195 pour
1656 4986 2084 5121 vous
2163 4905 2692 5115 louer.
2783 4925 3056 5102 La
3155 4926 3808 5136 matière
3860 5056 3924 5136 s

701 5225 1070 5406 MA
1129 5243 1438 5400 DA
1505 5261 1926 5451 ME,
1993 5193 2186 5482 «e
2213 5192 2706 5481 faute
2789 5265 3098 5486 que
3169 5250 3530 5475 trop
3561 5265 3918 5392 aux

711 5572 1156 5758 yeux
1271 5642 1344 5735 y
1455 5484 1680 5734 K?
1838 5491 2024 5692 de
2111 5480 2803 5778 quelque
2931 5479 3327 5753 cofé
3439 5501 3927 5762 qu’on

701 5864 1137 5990 vous
1253 5780 1889 6066 regarde
1969 5854 2029 6027 ,
2184 5848 2401 5974 on
2477 5836 3285 5980 rencontre
3368 5761 3921 5974 Gloire
