4058 7195
480 483 643 593 rr
1009 357 1965 553 L’ESCOLE
2076 323 2449 489 DES
2535 301 3409 469 FEMMES,

474 626 1210 778 Quiconque
1251 583 1762 713 rcmüra,
1812 596 2021 724 par
2068 547 2188 664 la
2233 558 2609 658 mort>
2658 504 3513 634 iel'aflomme.

489 814 904 934 Corne
952 739 1875 923 elUcequechez
1930 749 2224 871 moy
2268 691 2530 823 s’eft
2562 677 3168 808 introduit
3207 666 3872 788 cetHome?

489 966 739 1096 Eh?
788 943 1241 1124 parlezj
1282 903 1980 1086 dépefchez,
2041 873 2380 1014 vifte,
2434 869 3385 1031 promptement,
3423 823 3703 971 toft,

499 1146 811 1269 Sans
850 1109 1291 1244 refvcr,
1354 1116 1886 1219 veut-on
1919 1064 2233 1190 dire?

1004 1428 1691 1581 ALAIN
1787 1427 1907 1541 &
2005 1414 2113 1531 G
2176 1343 3444 1517 EORGETTE.

2027 1733 2272 1881 Ah,
2342 1715 2543 1849 ah.

1490 2115 1605 2241 G
1670 2051 2979 2228 EORGETTE.

2464 2244 2628 2363 Le
2675 2260 3020 2353 cœur
3065 2251 3258 2340 me
3299 2201 3612 2332 faut,

1895 2414 2652 2564 ALAIN.

562 2662 699 2787 le
747 2683 1182 2778 meurs.

1628 2742 2929 2920 ARNOLPHE.

1259 3156 1391 3274 le
1423 3146 1657 3272 fuis
1704 3179 1849 3260 en
1888 3157 2148 3263 eau,
2192 3132 2706 3278 prenons
2755 3130 2920 3214 vn
2967 3117 3186 3253 peu
3235 3063 3867 3209 d'haleine,

582 3344 696 3472 11
746 3343 1014 3472 faut
1069 3369 1302 3506 que
1350 3330 1460 3447 ie
1495 3333 2138 3437 m'cuente,
2189 3292 2303 3402 &
2348 3313 2579 3442 que
2614 3271 2722 3382 ie
2771 3298 2966 3380 me
3003 3246 3662 3421 promeine.

583 3513 1228 3658 Aurois-je
1270 3488 1743 3628 deuiné,
1793 3460 2198 3651 quand
2251 3452 2597 3609 iefay
2654 3474 2879 3561 veu
2922 3424 3266 3594 petit,

585 3663 1584 3848 Qujlcroiftroit
1650 3689 1946 3822 pour
2001 3633 2306 3759 cela?
2355 3607 3191 3779 Cielîquemo
3238 3568 3956 3743 cœurpâcift

593 3868 727 3982 le
760 3844 1105 4024 penfe
1138 3834 1439 4011 qu'il
1478 3864 1757 3951 vaut
1792 3819 2188 3939 mieux
2223 3830 2460 3969 que
2503 3786 2654 3908 de
2691 3781 2816 3905 fa
2849 3804 3277 3945 propre
3309 3750 3775 3882 bouche

595 4036 742 4154 le
775 4034 999 4145 tire
1039 4053 1327 4139 auec
1355 4003 1877 4125 douceur
1925 3968 2438 4110 l'affaire
2476 3964 2686 4126 qui
2721 3992 2920 4074 me
2957 3932 3450 4066 touche:

606 4190 1198 4333 Tâchons
1245 4179 1312 4298 à
1367 4171 1916 4293 modérer
1951 4150 2347 4277 noftre
2414 4122 3276 4254 relient:ment.

612 4368 1213 4499 Patience,
1259 4386 1552 4469 mon
1589 4373 1965 4474 cœur,
2009 4325 2776 4447 doucement,
2821 4294 3593 4417 doucement,

613 4550 1429 4665 Leuez-vous,
1480 4525 1600 4639 &
1634 4532 2217 4635 rentrant,
2261 4478 2608 4604 faites
2639 4473 2835 4642 qu’
2870 4476 3267 4629 Agnes
3311 4430 3919 4567 defccade.

617 4700 1213 4837 Arreftez.
1297 4696 1455 4812 Sa
1494 4670 1995 4848 furprife
2066 4704 2216 4783 en
2262 4636 3022 4774 deuiendroit
3069 4626 3472 4748 moins
3506 4608 3994 4777 grande.

618 4891 835 5010 Du
883 4864 1379 5037 chagrin
1426 4860 1641 5027 qui
1678 4889 1867 4970 me
1906 4825 2425 4965 trouble,
2468 4825 2619 4942 ils
2662 4815 3102 4937 iroient
3152 4785 3737 4927 l'auertirz

626 5054 784 5173 Et
821 5037 1590 5204 moy-méme
1631 5028 1745 5146 ie
1793 5050 2099 5144 veux
2147 4993 2539 5128 l'aller
2590 4988 2895 5116 faire
2928 4968 3331 5103 sortir.

634 5218 912 5375 Que
948 5216 1196 5343 l'on
1247 5191 1906 5330 m'attende
1947 5187 2191 5351 icy.
