4058 6866
1214 362 2254 500 COMEDIE,
3349 448 3510 565 z?

93 510 395 633 Mais
469 504 542 628 il
579 552 777 635 me
821 510 1312 672 fcmble,
1339 533 1892 697 Agnes,fi
1925 580 2139 661 ma
2173 551 2785 679 mémoire
2829 551 2990 679 eft
3029 566 3499 730 bonne,

91 680 797 803 Queiauois
855 683 1379 812 défendu
1419 737 1653 838 que
1701 741 1999 824 vous
2081 708 2473 834 viffiez
2524 717 3159 857 personne.

1385 872 2130 995 AGNES.

96 1006 1167 1176 Oiiy.maisquand
1211 1026 1572 1191 ielay
1611 1044 2747 1209 veu,vousignorez
2806 1087 3509 1232 pourquoy,

81 1169 218 1289 Et
257 1211 540 1293 vous
585 1220 730 1298 en
785 1225 1184 1307 auriez
1217 1182 1762 1340 fait,('ans
1808 1205 2656 1356 doute,autant
2733 1257 3346 1394 quemoy.

1177 1361 2363 1497 ARNOLPHE.

97 1499 1094 1634 Peut-eftre:mais
1139 1516 1519 1677 enfin,
1574 1570 2390 1706 comez-moy
2432 1581 2748 1676 cette
2822 1551 3405 1692 Hiftoirc.

1385 1699 2144 1829 AGNES.

86 1818 332 1947 Elle
372 1825 535 1951 eft
566 1832 798 1965 fort
836 1845 1563 1986 eftonnante
1618 1877 1732 1986 &
1784 1862 2279 1995 difficile
2316 1866 2385 1994 à
2425 1888 2852 2012 croire.

92 1987 536 2117 I’eftois
580 2000 754 2133 fur
798 2018 900 2132 le
950 2020 1412 2141 Balcon
1452 2023 1517 2149 à
1564 2031 2163 2160 trauaiiler
2238 2082 2387 2164 au
2460 2040 2743 2170 frais
2797 2101 2831 2174 :

83 2154 360 2279 Lors
401 2204 630 2330 que
666 2181 776 2297 ie
810 2185 980 2301 vis
1031 2190 1402 2342 palier
1438 2191 1705 2317 fous
1748 2196 1913 2322 les
1954 2209 2359 2330 arbres
2428 2208 2988 2375 d'auprès

90 2334 271 2440 Vn
324 2333 665 2459 ieune
704 2342 1217 2473 homme
1256 2361 1541 2482 bien
1594 2360 2087 2535 fait,qui
2124 2412 2847 2504 recontrant
2875 2429 3088 2520 ma
3155 2427 3499 2558 VCttc,

84 2490 479 2618 D’vne
537 2504 1023 2638 humble
1055 2564 1701 2657 reuerence
1731 2533 2328 2661 auflï-toft
2367 2586 2569 2667 me
2617 2546 2963 2677 falue,

92 2662 743 2823 Moy,pour
785 2720 933 2800 ne
970 2697 1331 2843 point
1399 2738 2119 2869 manquera
2173 2699 2842 2870 la’ciuilité,

88 2826 219 2941 le
262 2815 393 2944 fis
495 2841 607 2955 la
641 2882 1269 2978 reuerence
1313 2860 1588 2982 auffi
1631 2868 1781 2989 de
1821 2912 2137 2993 mon
2181 2871 2551 3007 cofté.

92 2992 480 3116 Souda
498 3005 765 3155 in,il
858 3052 1058 3139 me
1102 3015 1456 3150 refait
1498 3074 1734 3154 vne
1812 3080 2156 3164 autre
2196 3085 2884 3177 reuerence.

89 3161 664 3320 Moy,i‘en
706 3180 1048 3301 refais
1092 3190 1240 3309 de
1278 3194 1744 3326 mefme
1810 3246 2046 3329 vne
2090 3251 2430 3333 autre
2474 3254 2630 3334 en
2668 3218 3282 3391 diligence
3309 3261 3358 3392 /

85 3314 229 3439 Et
267 3327 450 3490 luy
489 3337 844 3463 d’vne
882 3351 1538 3486 troifiefme
1576 3366 2175 3496 auffi-toft
2210 3416 2889 3539 repartant,

91 3492 486 3617 D’vne
551 3505 1192 3642 troifiefme
1234 3524 1513 3649 auffi
1580 3537 1743 3708 i’y
1780 3578 2182 3700 repars
2256 3541 2945 3679 àl’inftant.

86 3658 191 3771 Il
243 3659 1592 3846 patte,vient,repafte,&
1635 3705 2223 3831 toufiours
2265 3710 2715 3870 déplus
2785 3720 3103 3846 belle

94 3828 298 3940 Me
362 3820 568 3955 fait
642 3834 709 3956 à
778 3842 1237 4016 chaque
1299 3857 1535 3984 fois
1575 3910 2231 3996 reuerence
2275 3873 2878 4009 nauuelle.

86 3986 224 4102 Et
302 4009 849 4168 moy,qui
882 4057 1153 4140 tous
1206 4065 1393 4149 ces
1441 4071 1777 4158 tours
1835 4037 2421 4169 fixement
2459 4052 3178 4220 regardois»J

90 4156 673 4291 Nouuelle
712 4217 1340 4314 reuerence
1382 4198 1659 4319 auffi
1701 4208 1814 4324 ie
1851 4209 2050 4372 luy
2091 4213 2629 4333 rendois.

83 4326 687 4494 Tant,que
727 4337 808 4456 fi
847 4340 1029 4467 fur
1067 4392 1198 4471 ce
1230 4370 1592 4515 point
1635 4374 1748 4495 la
1783 4380 2056 4495 nuit
2101 4420 2260 4494 ne
2323 4373 2506 4498 fut
2541 4418 2983 4538 venue,

81 4491 1213 4646 Toujours,comme
1291 4539 1540 4652 cela
1605 4541 1718 4660 ie
1792 4582 2002 4665 me
2038 4539 2406 4665 ferois
2455 4582 2865 4669 tenue.

86 4654 275 4770 Ne
320 4669 809 4789 voulant
862 4687 1219 4830 point
1253 4698 1600 4821 céder
1651 4720 1765 4827 &
1834 4710 2377 4833 receuoir
2419 4710 2902 4874 l’ennuy
2938 4801 2979 4860 »

87 4818 431 4961 Qiril.
485 4875 688 4954 me
726 4838 993 4996 puft
1029 4847 1512 4983 eftimer
1551 4876 1969 4997 moins
2011 4876 2374 4997 ciuilc
2436 4914 2678 5040 que
2707 4879 2945 5040 luy.

1132 5027 2353 5167 ARNOLPHE.

81 5141 347 5272 fort
381 5155 695 5281 bien.

1428 5365 2174 5498 AGNES.

821 5510 981 5630 Le
1027 5515 1721 5650 lendemain
1761 5525 2149 5659 eftant
2180 5534 2369 5665 fur
2409 5537 2819 5666 noftre
2852 5563 3254 5693 porte:,

94 5646 352 5760 Vne
390 5655 778 5782 vieille
836 5686 1463 5807 m’aborde
1537 5736 1687 5816 en
1740 5706 2221 5855 parlant
2289 5713 2435 5831 de
2473 5715 2583 5832 la
2617 5698 2984 5826 forte.

96 5804 400 5923 Mon
442 5828 1013 5990 enfant,le
1057 5850 1709 5980 bon-Dieu
1750 5865 2374 6019 puitte-t'il
2411 5913 2709 5995 vous
2751 5871 3172 6015 bénir,

95 5964 232 6085 Et
300 5975 588 6110 dans
632 6041 891 6134 tous
948 6027 1164 6138 vos
1199 6028 1667 6152 attraits
1707 6030 2359 6209 long-teps
2411 6078 2709 6161 vous
2778 6030 3480 6160 maintenir.

2529 6211 2625 6367 5
2753 6235 2843 6369 V
