4058 6850
3445 444 3540 566 7

1240 366 2635 521 COMEDIE.

271 546 403 677 le
436 593 729 682 veux
761 602 983 728 que
1022 606 1307 685 vous
1357 558 1825 729 puifllez
1858 610 2015 682 vn
2057 607 2272 728 peu
2313 569 3040 711 l'examiner.

271 722 421 841 Et
482 734 776 871 voir,
823 726 904 847 fi
945 730 1085 852 de
1122 767 1405 854 mon
1458 729 1810 847 choix
1854 771 2010 846 on
2058 767 2240 847 me
2283 730 2532 852 doit
2582 734 3349 856 condamner.

1239 896 2555 1021 CHRISALDE.

261 1046 328 1164 I
381 1089 451 1211 y
488 1051 1012 1185 confens.

1273 1229 2517 1351 ARNOLPHE.

937 1400 1266 1513 Vous
1304 1429 1840 1551 pourrez,
1881 1395 2170 1513 dans
2213 1430 2518 1513 cette
2558 1386 3293 1536 conférence,

265 1538 606 1708 Iuger
643 1542 784 1669 de
827 1546 946 1669 fa
994 1551 1587 1715 perfonne,
1655 1566 1769 1674 &
1815 1557 1956 1678 de
1999 1555 2216 1675 fon
2251 1562 2933 1678 innocence.

1251 1724 2543 1852 CHRISALDE,

258 1862 562 1985 Pour
606 1912 894 1995 cette
927 1878 1338 2001 article
1381 1882 1543 2022 là,
1595 1926 1720 2005 ce
1752 1926 1980 2048 que
2017 1930 2306 2008 vous
2342 1897 2799 2006 m’auez
2831 1879 3058 2027 dit,

260 2029 931 2195 Nepeut....

1281 2217 2495 2340 ARNOLPHE.

1032 2379 1196 2490 La
1236 2384 1606 2501 vérité
1645 2379 1944 2543 pafle
1988 2421 2341 2501 encor
2380 2417 2667 2497 mon
2706 2384 3028 2502 récit.

260 2525 591 2641 Dans
635 2520 799 2648 fes
844 2531 1526 2698 fimplicitez
1576 2543 1641 2660 à
1688 2583 1943 2661 tous
2002 2583 2349 2704 coups
2383 2546 2493 2660 ie
2529 2545 3110 2694 l’admire,

257 2682 407 2797 Et
441 2723 643 2848 par
687 2695 912 2816 fois
948 2705 1159 2821 elle
1196 2747 1334 2823 en
1371 2706 1587 2849 dit,
1627 2709 1915 2827 dont
1959 2715 2071 2827 ie
2113 2713 2459 2869 pâme
2491 2709 2637 2827 de
2664 2714 2930 2831 rire.

263 2845 715 2969 L’autre
738 2864 1007 3016 jour
1068 2870 1105 3019 (
1151 2878 1925 3029 pourroit-on
1971 2869 2085 2993 fe
2123 2877 2231 2997 le
2263 2871 2864 3035 perfuader
2920 2885 2960 3034 )

247 3007 507 3124 Elle
546 3020 881 3143 eftoit
913 3030 1149 3148 fort
1188 3073 1325 3149 en
1377 3041 1754 3195 peine,
1805 3048 1915 3154 &
1966 3078 2155 3156 me
2208 3075 2463 3156 vint
2501 3038 3182 3189 demander,

257 3181 568 3292 Auec
620 3224 841 3299 vne
875 3196 1503 3317 innocence
1551 3202 1614 3315 à
1656 3202 1977 3322 nulle
2016 3235 2344 3321 autre
2383 3203 2916 3366 pareille,

251 3339 385 3452 Si
427 3338 586 3459 les
636 3347 1027 3472 enfans
1075 3404 1429 3527 quon
1489 3361 1750 3511 fait,
1797 3367 1906 3487 fe
1943 3360 2490 3489 faifoient
2544 3405 2750 3535 par
2795 3363 3331 3493 l'oreille.

1240 3608 2536 3733 CHRISALDE.

251 3834 378 3951 le
413 3875 596 3956 me
645 3839 1082 4001 réjouis
1121 3844 1404 3993 fort,
1475 3857 2026 4022 Seigneur
2071 3854 2859 4021 Arnolphe...,

1257 4027 2485 4147 ARNOLPHE.

2836 4199 3148 4332 Bon*

252 4321 455 4440 Me
494 4332 1276 4462 voulez-vous
1330 4350 1862 4503 toujours
1902 4350 2406 4513 appellcr
2450 4349 2591 4471 de
2634 4391 2765 4472 ce
2794 4382 3143 4481 nom?

1230 4514 2541 4636 CHRISALDE.

254 4637 499 4768 Ah!
530 4662 966 4820 malgré
1001 4676 1480 4825 quei’en
1518 4714 1771 4834 aye,
1822 4680 1915 4797 il
1962 4714 2146 4793 me
2188 4681 2507 4797 vient
2553 4683 2620 4796 à
2671 4683 2789 4803 la
2817 4685 3312 4831 bouche,

251 4801 399 4915 Et
435 4809 841 4938 iamais
875 4827 979 4938 ie
1018 4865 1159 4942 ne
1191 4831 1541 4991 fonge
1597 4837 1662 4952 à
1717 4836 2311 4959 Monfieur
2353 4840 2493 4962 de
2543 4850 2657 4967 la
2709 4846 3203 4981 Souche.

251 4957 486 5104 Qm
535 4975 907 5099 diable
932 5029 1217 5113 vous
1268 5036 1339 5114 a
1371 4991 1589 5118 fait
1632 5000 1912 5119 aufli
1958 5043 2245 5123 vous
2298 5005 2708 5151 auifer,

259 5142 361 5247 A
407 5171 961 5288 quarante
1017 5163 1126 5266 &
1173 5157 1469 5279 deux
1500 5199 1748 5305 ans,
1791 5166 1933 5285 de
1972 5208 2255 5284 vous
2297 5170 3015 5335 débaptifer?

248 5293 694 5415 Etd'vn
744 5313 1078 5425 vieux
1126 5355 1451 5440 tronc
1495 5369 1923 5488 poutry
1967 5333 2102 5449 de
2156 5335 2538 5458 voftre
2581 5345 3172 5490 Métairie,

246 5464 572 5577 Vous
611 5460 894 5586 faire
931 5474 1210 5597 dans
1253 5485 1356 5599 le
1401 5491 1844 5610 Monde
1890 5537 2046 5612 vn
2086 5540 2368 5616 nom
2415 5502 2562 5623 de
2613 5507 3346 5672 Seigneurie?

1263 5658 1683 5769 ARN
1739 5667 1859 5780 O
1919 5657 2113 5774 LP
2169 5668 2465 5790 HE.

248 5786 621 5903 Outre
653 5832 870 5955 que
910 5796 1026 5917 la
1066 5806 1536 5925 Maifon
1570 5855 1776 5974 par
1815 5861 1942 5938 ce
1981 5823 2420 5960 norriife
2461 5832 3044 5978 connaift,

256 5942 413 6063 La
450 5956 931 6105 Souche,
971 5964 1224 6126 plus
1260 5975 2118 6154 qu’Aiuolphe,
2199 5987 2269 6112 à
2303 6030 2548 6118 mes
2585 5995 3058 6114 oreilles
3098 5994 3479 6158 plaifh

2643 6166 2768 6315 A
2889 6168 3112 6364 iiij
