4058 6866
1149 353 2522 516 COMEDIE.
3388 434 3466 575 3

183 543 540 663 I/vne
581 543 716 663 de
759 539 966 664 fon
1011 555 1505 696 Galant,
1545 601 1692 678 en
1723 568 2178 682 adroite
2227 563 2771 706 Femelle,

186 709 455 830 Fait
500 704 857 825 faulfe
898 713 1573 840 confidence
1628 719 1692 838 à
1742 723 1951 844 fon
2010 728 2467 892 Efpoux
2512 722 2955 871 fidelle.

186 868 427 1015 Qui
467 869 724 994 dort
765 918 904 996 en
941 874 1369 1005 feureté
1415 889 1596 1004 far
1645 931 1800 1004 vn
1862 897 2231 1048 pareil
2277 931 2671 1057 appas,

182 1032 331 1152 Et
368 1040 469 1151 le
515 1036 920 1197 plaint,
960 1082 1085 1162 ce
1138 1049 1618 1195 Galant,
1674 1050 1871 1171 des
1922 1054 2241 1176 foins
2297 1101 2459 1222 qu
2500 1060 2592 1176 il
2622 1101 2765 1180 ne
2801 1054 3074 1222 perd
3129 1096 3362 1228 pas.

183 1200 671 1345 E'aatre,
720 1248 1008 1365 pour
1063 1206 1170 1326 fe
1202 1252 1624 1382 purger
1679 1216 1818 1336 de
1855 1215 1976 1337 fa
2021 1220 2913 1389 magnificence,

184 1366 403 1482 Dit
437 1372 857 1526 qu'elle
889 1409 1263 1539 gagne
1300 1419 1449 1497 au
1523 1387 1709 1540 jeu
1756 1377 2255 1551 l'argent
2295 1391 2723 1555 qu'elle
2760 1390 3291 1556 depenfez

181 1524 328 1643 Et
363 1528 464 1648 le
513 1536 842 1696 Mary
891 1537 1307 1681 beneft,
1356 1542 1610 1663 fans
1653 1547 2070 1715 fonger
2115 1548 2181 1667 à
2232 1552 2507 1715 quel
2550 1562 2789 1711 jeu,

186 1694 403 1806 Sur
458 1693 611 1810 les
643 1704 971 1862 gains
1007 1707 1425 1861 qu'elle
1465 1708 1732 1853 fait,
1780 1716 2062 1833 rend
2095 1715 2293 1837 des
2335 1760 2733 1881 grâces
2782 1760 2847 1833 a
2905 1726 3262 1857 Dieu,

185 1850 516 1970 Enfin
557 1901 676 1979 ce
709 1858 960 1985 font
998 1907 1202 2029 par
1246 1908 1506 1993 tout
1550 1877 1748 1995 des
1788 1874 1904 1995 fu
1924 1882 2146 2027 jets
2200 1881 2344 2003 de
2388 1893 2841 2042 Satyre,

178 2016 327 2135 Et
372 2054 815 2146 comme
859 2035 1568 2193 Speâateur,
1617 2082 1761 2160 ne
1807 2048 2255 2211 puis-je
2291 2087 2497 2212 pas
2535 2091 2681 2169 en
2717 2054 3011 2178 rire?

185 2180 630 2349 Puis-je
666 2229 862 2354 pas
902 2200 1042 2316 de
1089 2237 1302 2312 nos
1370 2210 1630 2326 Sots
1688 2290 1803 2330 ...

1153 2370 2486 2505 CHRISALDE.

1342 2540 1624 2695 Oiiy
1650 2585 1676 2656 :
1730 2547 2028 2657 mais
2075 2550 2282 2705 qui
2328 2547 2476 2667 rit
2522 2541 3107 2709 d’autruy,

178 2674 479 2794 Doit
519 2682 1056 2832 craindre,
1104 2720 1445 2857 qu’en
1489 2702 2104 2842 reuanche,
2153 2754 2311 2828 on
2347 2722 2515 2831 rie
2555 2712 2839 2831 auflfi
2881 2716 3027 2837 de
3067 2718 3308 2881 luy.

177 2834 668 2969 Fentens
708 2854 1076 3007 parler
1120 2864 1222 2980 le
1258 2868 1733 3007 monde,
1792 2886 1900 2988 &
1968 2873 2164 2993 des
2207 2916 2495 3041 gens
2540 2874 2657 2999 fe
2692 2877 3254 3004 délaflent

178 3004 276 3114 A
324 3015 643 3131 venir
675 3016 1103 3139 débiter
1139 3024 1299 3145 Jcs
1343 3028 1735 3154 chofes
1772 3043 1977 3197 qui
2007 3034 2118 3155 fe
2158 3038 2642 3198 paCent:

173 3166 297 3275 M
321 3166 478 3288 ais
518 3215 820 3334 quoy
853 3224 1076 3344 que
1106 3190 1350 3306 l’on
1386 3195 1937 3364 diuulgue
1972 3241 2203 3320 aux
2238 3209 2761 3334 endroits
2798 3252 2959 3330 ou
3006 3214 3111 3334 ie
3146 3213 3419 3368 fuis,

168 3324 587 3454 Iamais
641 3383 797 3462 on
841 3388 979 3463 ne
1017 3374 1251 3470 m’a
1285 3397 1506 3477 veta
1541 3366 2196 3528 triompher
2227 3370 2372 3490 de
2423 3412 2596 3490 ces
2629 3376 3046 3513 bruits;

173 3488 336 3651 l’y
377 3488 598 3618 fuis
636 3506 924 3628 aflez
964 3521 1515 3657 raodefiei
1584 3540 1692 3642 &
1748 3531 2013 3651 bien
2043 3542 2471 3698 qu’aux
2508 3575 3193 3667 occurences

154 3646 295 3771 le
331 3667 683 3816 puifie
721 3679 1420 3804 condamner
1461 3698 2012 3816 certaines
2067 3702 2748 3836 tolérances;

152 3820 418 3962 Que
456 3864 734 3951 mon
770 3834 1190 3960 deffein
1228 3892 1369 3968 ne
1404 3847 1629 3973 fort
1674 3858 1817 3973 de
1864 3858 2339 3983 fouffrir
2388 3866 3083 4012 nullement,

163 3994 327 4102 Ce
363 4032 579 4149 que
617 3999 1156 4125 d'aucuns
1211 4019 1578 4138 Maris
1613 4019 2178 4149 fouffrent
2214 4028 3074 4191 paisiblement.

154 4150 716 4276 Pourtant
750 4169 856 4281 ie
894 4189 1155 4333 n’ay
1202 4181 1615 4301 iamais
1650 4179 2075 4310 affe&c
2116 4194 2255 4314 de
2286 4199 2397 4310 le
2432 4198 2723 4333 dire;

153 4306 389 4433 Car
441 4322 735 4441 enfin
785 4331 873 4447 il
917 4326 1154 4453 faut
1205 4345 1728 4467 craindre
1773 4393 1924 4467 vn
1963 4397 2330 4474 reuers
2385 4359 2524 4480 de
2569 4369 3025 4524 Satyre,

143 4472 288 4589 Et
344 4478 578 4600 Ton
614 4529 754 4603 ne
788 4492 1033 4616 doit
1076 4511 1491 4627 iamais
1523 4515 1871 4670 jurer,
1926 4521 2107 4640 fur
2148 4525 2287 4641 de
2332 4526 2543 4645 tels
2584 4567 2818 4669 cas,

143 4640 331 4752 De
367 4682 489 4756 ce
532 4658 887 4813 qu’on
930 4701 1346 4816 pourra
1381 4671 1713 4817 faire,
1765 4720 1924 4797 ou
1957 4681 2222 4803 bien
2257 4728 2400 4806 ne
2445 4686 2732 4808 faire
2774 4729 3011 4852 pas.

145 4801 465 4916 Ainfi
500 4818 882 4968 quand
918 4818 980 4929 à
1030 4862 1303 4947 mon
1342 4832 1694 4977 front,
1723 4885 2093 5002 parvn
2134 4847 2369 4972 fort
2403 4857 2606 5011 qui
2654 4896 2911 4977 tout
2944 4853 3366 5001 meine,

136 4956 244 5072 Il
287 4961 625 5087 feroit
671 4981 1049 5105 arriué
1090 4994 1582 5162 quelque
1617 5008 2136 5172 difgrace
2173 5013 2766 5148 humaine;

134 5136 490 5281 Apres
532 5173 812 5256 mon
853 5155 1373 5304 procédé,
1428 5170 1531 5280 ie
1576 5168 1795 5290 fuis
1849 5173 2321 5337 prefque
2376 5187 2819 5303 certain

129 5282 527 5447 Qujan
571 5296 677 5417 fe
717 5345 1386 5441 contentera
1415 5330 1558 5447 de
1581 5346 1804 5451 s’en
1855 5384 2070 5460 rire
2115 5340 2851 5484 fous-main»

131 5450 276 5565 Et
314 5467 930 5612 peut-eftre
967 5486 1515 5635 qu’encor
1556 5501 1993 5664 i’auray
2044 5547 2217 5626 cet
2262 5552 2864 5674 auautage,

121 5610 379 5748 Que
409 5629 943 5791 quelques
987 5638 1420 5768 bonnes
1464 5694 1744 5820 gens
1779 5662 2458 5838 diront,que
2493 5681 2751 5798 c’eft
2793 5680 3350 5849 dômagei

133 5776 440 5896 Mais
486 5785 620 5905 de
660 5836 991 5940 vous,
1034 5800 1301 5925 cher
1342 5822 1960 5987 Compere,
2006 5836 2100 5952 il
2138 5880 2273 5954 en
2314 5845 2472 5959 eft
2508 5881 3197 5996 autrement;

134 5932 251 6052 le
291 5983 561 6070 vous
599 5957 703 6081 le
741 5955 919 6081 dis
963 6007 1354 6128 encor,
1403 6025 1686 6115 vous
1723 5989 2170 6161 rifquez
2214 6002 2963 6128 diablement.

2574 6180 2705 6332 A
2802 6188 2904 6378 ij
