4058 7014
534 325 625 433 %
979 232 1920 409 IÆSCOLE
2026 212 2391 365 DES
2506 187 3370 366 FEMMES,

540 460 1394 593 Voulez-vous
1444 440 1789 604 qu’en
1839 439 2150 578 Amy
2211 416 2321 526 ie
2364 440 2663 520 vous
2743 435 3115 511 ouure
3153 425 3437 508 mon
3483 412 3849 505 cœur?

542 634 978 763 Voftre
1013 619 1476 746 deflein,
1530 637 1819 766 pour
1876 618 2210 718 vous,
2259 609 2447 690 me
2490 561 2713 683 fait
2755 553 3323 679 trembler
3362 556 3505 671 de
3549 585 3857 709 peur;

541 809 698 921 Et
733 799 872 917 de
908 789 1421 961 quelque
1467 769 1823 935 façon
1859 792 2089 917 que
2141 778 2433 863 vous
2469 730 3023 853 tourniez
3062 716 3615 848 l’affaire,

547 962 1055 1091 Prendre
1095 961 1611 1080 Femme,
1657 928 1819 1048 eft
1864 920 1935 1037 à
1991 948 2283 1038 vous
2329 943 2484 1023 vn
2523 933 2829 1057 coup
2876 895 3142 1009 bien
3214 876 3873 1009 tcmeraire,

1588 1140 2834 1297 ARNOLPHE.

556 1450 673 1583 Il
715 1450 876 1571 eft
919 1478 1249 1608 vray,
1294 1420 1684 1550 noftrc
1728 1430 2080 1567 Amy.
2165 1390 2847 1520 Peut-eftre
2888 1410 3115 1544 que
3154 1363 3441 1490 chez
3480 1407 3767 1491 vous

556 1634 896 1749 Vous
946 1639 1438 1732 trouuez
1477 1594 1674 1708 des
1717 1577 2072 1736 sujets
2115 1566 2253 1690 de
2300 1556 2839 1684 craindre
2873 1581 3173 1708 pour
3223 1535 3519 1655 chez
3555 1575 3882 1680 nous;

555 1791 712 1909 Et
758 1779 1142 1902 voftre
1191 1769 1578 1897 front,
1611 1756 1717 1869 ie
1772 1779 2100 1903 croy,
2162 1768 2437 1853 veut
2474 1764 2699 1893 que
2738 1716 2897 1839 du
2950 1705 3553 1867 Mariage,

565 1958 790 2081 Les
843 1952 1297 2076 Cornes
1351 1929 1727 2053 soient
1771 1948 1979 2075 par
2029 1937 2301 2024 tout
2336 1875 3071 2019 l'infaillible
3101 1905 3675 2038 apanage.

1554 2053 2899 2206 CHRISALDE.

579 2290 761 2410 Ce
808 2278 1071 2399 sont
1101 2300 1465 2427 coups
1500 2234 2452 2380 duHazard,dot
2499 2265 2658 2347 on
2695 2224 2978 2346 n’eft
3023 2219 3366 2381 point
3399 2205 3897 2381 garand;

562 2455 721 2573 Et
756 2445 1021 2568 bien
1060 2436 1427 2573 sot,ce
1469 2464 1665 2540 me
1704 2407 2191 2545 semble,
2247 2401 2404 2519 eft
2458 2397 2564 2514 le
2601 2390 2866 2515 foin
2904 2408 3278 2554 qu'on
3324 2425 3460 2502 en
3508 2378 3896 2544 prend.

578 2620 907 2742 Mais
947 2597 1344 2772 quand
1384 2596 1496 2710 ie
1537 2585 1930 2705 crains
1978 2610 2268 2737 pour
2320 2604 2659 2704 vous,
2710 2556 2984 2676 c’eft
3038 2590 3342 2675 cette
3392 2547 3910 2670 raillerie

588 2792 944 2908 Dont
995 2807 1258 2891 cent
1307 2793 1794 2930 panures
1833 2741 2222 2868 Maris
2270 2773 2484 2854 ont
2525 2721 3012 2853 souffert
3057 2722 3176 2839 la
3217 2715 3568 2839 furie:

594 2958 848 3072 Car
882 2933 1200 3064 enfin
1250 2967 1548 3057 vous
1583 2914 2046 3087 fçauez,
2126 2901 2432 3072 qu’il
2478 2899 2762 3018 n'eft
2800 2886 3278 3060 grands,
3318 2927 3478 3047 ny
3520 2877 3920 3046 petits,

583 3113 862 3271 Que
905 3114 1050 3231 de
1098 3101 1486 3227 voftre
1526 3087 2035 3251 critique
2072 3115 2233 3193 on
2280 3074 2453 3192 ait
2494 3103 2769 3187 veus
2840 3059 3418 3226 garantis;

597 3286 1074 3405 fàmvos
1110 3268 1366 3437 plus
1410 3257 1761 3434 grads
1800 3238 2249 3419 plaifirs
2285 3271 2757 3400 sot,par
2787 3262 3051 3351 tout
3083 3219 3239 3342 où
3277 3256 3569 3342 vous
3603 3213 3920 3356 eftes,

593 3460 800 3588 De
843 3441 1147 3569 faire
1208 3474 1475 3559 cent
1511 3422 1881 3550 éclats
1917 3423 2127 3536 des
2172 3406 2751 3574 intrigues
2786 3397 3495 3517 fecrettes....

1641 3565 2911 3713 ARNOLPHE.

597 3792 895 3916 port
926 3774 1205 3897 bien
1255 3813 1287 3892 :
1348 3755 1721 3885 Eft-il
1763 3795 1907 3874 au
1950 3745 2409 3868 Monde
2455 3779 2680 3864 vne
2715 3770 3046 3851 autre
3088 3720 3418 3850 Ville
3458 3708 3785 3853 auflî,

612 3949 827 4078 Oü
866 3949 1119 4068 l’on
1159 3943 1331 4058 ait
1366 3933 1563 4053 des
1612 3924 1996 4044 Maris
2050 3910 2132 4030 fi
2179 3911 2682 4077 patients
2739 3901 3200 4068 qu’icy?

608 4120 1026 4238 Eft-ce
1071 4107 1432 4276 qu’on
1469 4098 1732 4221 n’en
1769 4089 2036 4212 voit
2092 4121 2292 4245 pas
2336 4080 2482 4203 de
2512 4112 2900 4197 toutes
2945 4065 3114 4187 les
3154 4060 3660 4226 especes.

608 4281 866 4422 Qui
906 4278 1170 4402 font
1196 4259 2056 4391 accommodez
2106 4247 2398 4367 chez
2440 4286 2664 4362 eux
2689 4238 2834 4361 de
2878 4272 3268 4357 toutes
3312 4235 3748 4395 pièces?

632 4461 944 4584 L’vn
980 4436 1404 4564 amaflé
1443 4432 1600 4555 du
1643 4427 1958 4565 bien,
2007 4417 2304 4541 dont
2345 4411 2466 4535 fa
2503 4422 2988 4536 Femme
3025 4392 3250 4526 fait
3298 4432 3560 4564 part

622 4639 740 4752 A
806 4647 1098 4738 ceux
1134 4606 1340 4772 qui
1380 4630 1954 4767 prennent
1993 4586 2253 4714 foin
2283 4583 2428 4711 de
2477 4581 2588 4704 le
2631 4577 2936 4703 faire
2981 4562 3581 4697 Cornard.

631 4799 1100 4914 L’autre
1146 4813 1310 4894 vn
1342 4809 1561 4936 peu
1592 4762 1847 4940 plus
1887 4751 2761 4898 heureux,mais
2800 4783 3045 4865 non
3082 4775 3283 4903 pas
3317 4736 3717 4853 moins
3769 4732 3959 4850 in-

627 4954 934 5082 Voit
969 4944 1277 5072 faire
1314 4977 1581 5057 tous
1621 4929 1785 5048 les
1829 4930 2165 5087 jours
2207 4916 2813 5082 despresés
2858 4910 2925 5028 à
2968 4896 3966 5072 faFcme,[fame,

631 5126 789 5246 Et
831 5124 1335 5247 d’aucun
1370 5103 1635 5225 foin
1668 5099 2083 5261 jaloux
2119 5108 2315 5208 n'a
2350 5084 2805 5250 l’efprit
2845 5074 3509 5206 combattu,

627 5300 997 5416 Parce
1023 5273 1457 5453 qu’elle
1490 5274 1690 5430 luy
1738 5263 1919 5387 dit
1961 5296 2191 5424 que
2231 5258 2499 5380 c'eft
2561 5291 2859 5418 pour
2910 5247 3037 5371 fa
3077 5277 3461 5367 vertu.

645 5469 953 5590 L’vn
988 5447 1211 5570 fait
1246 5441 1850 5598 beaucoup
1882 5426 2027 5546 de
2064 5426 2634 5593 bruit,qui
2667 5461 2815 5540 ne
2852 5407 3293 5579 luyfert
3332 5403 3482 5527 de
3521 5441 3969 5575 gueres;

646 5631 1157 5758 L'autre,
1203 5648 1344 5729 en
1391 5644 1718 5725 toute
1748 5601 2307 5737 douceur,
2356 5587 2682 5719 laiffe
2719 5581 3014 5705 aller
3060 5582 3220 5705 les
3264 5567 3791 5718 affaires,

640 5798 801 5917 Et
855 5813 1292 5946 voyant
1328 5775 1770 5903 arriuer
1810 5760 2098 5884 chez
2134 5765 2337 5927 luy
2390 5766 2500 5888 le
2546 5751 3317 5892 Damoiseau»

656 5953 1040 6092 Prend
1069 5949 1320 6080 fort
1365 5938 2258 6072 ho&acftemenc
2307 5931 2476 6067 fer
2514 5925 2935 6108 garnis,
2962 5933 3080 6048 &
3119 5914 3336 6052 son
3376 5943 3984 6044 manteau.
