4058 6923
520 471 670 578 î$
1179 398 1981 546 L’ESeOLE
2100 385 2433 513 DES
2556 374 3352 517 ÎEMMES,

487 629 798 743 Une
858 632 1160 722 vous
1200 634 1266 712 a
1300 628 1513 751 pas
1557 577 1849 699 faite
1898 604 2129 680 vne
2206 548 2503 679 belle
2573 538 3256 704 perfonne;

474 777 750 904 Afin
803 772 950 895 de
990 749 1572 883 mal-vfer
1649 743 1851 861 des
1897 729 2315 846 chofes
2365 716 2663 879 qu’il
2733 740 3037 822 vous
3076 702 3537 817 donne.

494 959 642 1067 Et
682 977 976 1057 vous
1019 930 1390 1048 deuez
1433 906 1887 1075 fçauoir
1931 930 2167 1062 que
2237 921 2541 1004 vous
2583 910 2875 990 auez
2918 863 3271 985 blefîc

490 1125 1012 1233 Vncœu
1026 1135 1071 1180 r
1083 1182 1123 1243 ,
1224 1078 1530 1209 uide
1600 1117 1644 1194 s
1698 1110 1848 1186 en
1892 1054 2445 1219 plaindre
2479 1034 2651 1162 eft
2717 1021 3520 1184 auiourd’huy
3582 1017 3927 1151 forcé.

1567 1216 2731 1359 ARNOLPHE
2810 1192 2895 1314 à
2941 1231 3229 1353 part.

480 1431 668 1562 Àh
745 1421 1164 1590 fupoft
1209 1422 1356 1544 de
1405 1397 1872 1533 Sathan
1921 1483 1952 1538 ,
1998 1378 2621 1506 execrable
2665 1358 3231 1490 damnée.

1767 1569 1876 1682 A
1931 1565 2034 1676 G
2089 1557 2212 1674 N
2267 1559 2354 1667 E
2413 1550 2536 1662 S.

464 1764 1067 1926 Moy,i’ay
1144 1741 1494 1877 bleffé
1538 1727 2260 1908 quelqu’vn?
2311 1709 2644 1867 fis-je
2686 1736 3032 1821 toute
3082 1683 3724 1839 eftonnce,

466 1943 801 2095 Oüy,
846 1893 2120 2062 dit-elle,blefic,mais
2165 1875 2842 2006 bleflctout
2885 1871 3038 1982 de
3089 1864 3388 2001 bon;

466 2112 613 2224 Et
661 2089 943 2217 c’eft
984 2083 1596 2209 l’homme
1636 2060 2110 2235 qu’hier
2166 2085 2468 2168 vous
2514 2032 2878 2160 viftes
2917 2032 3080 2150 du
3127 2023 3632 2144 Balcon.

452 2266 837 2391 Helas
876 2271 937 2378 /
971 2257 1185 2422 qui
1227 2229 2448 2409 pourroit,dis-je,en
2494 2205 2846 2326 auoir
2886 2194 3132 2317 efté
3206 2179 3548 2310 caufe
3588 2214 3630 2307 ?

460 2442 707 2566 Sur
778 2424 1281 2583 luyfans
1327 2455 1402 2573 y
1433 2386 2258 2568 penfer,fis-je
2336 2375 2692 2498 choir
2732 2367 3266 2532 quelque
3338 2346 3748 2474 chofe?

466 2605 826 2740 Non,
866 2581 1380 2727 dit-elle,
1431 2611 1653 2693 vos
1715 2598 2016 2725 yeux
2051 2586 2282 2675 ont
2315 2543 2536 2665 fait
2604 2576 2742 2656 ce
2786 2565 3105 2683 coup
3175 2520 3519 2664 fatal,

469 2776 617 2890 Et
651 2743 937 2884 c’eft
1004 2757 1157 2875 de
1194 2754 1505 2873 leurs
1581 2724 2073 2904 regards
2127 2704 2523 2885 qu’eft
2559 2743 2882 2827 venu
2958 2733 3234 2817 tout
3271 2685 3494 2804 fon
3538 2681 3822 2804 mal.

463 2925 1045 3075 Hé,mon
1122 2916 1709 3038 Dieu.'ma
1776 2883 2283 3051 furprife
2347 2859 3228 3033 eft,fi$*je,fans
3271 2848 3808 2976 fécondé.

473 3103 751 3222 Mes
792 3131 1091 3256 yeux
1126 3078 1581 3204 ont-ils
1630 3068 1781 3186 du
1821 3053 2067 3183 mal
2097 3090 2417 3212 pour
2457 3086 2607 3165 en
2654 3039 3142 3162 donner
3181 3068 3326 3144 au
3405 3016 3852 3144 monde
3886 3039 3927 3136 ?

481 3271 767 3419 Oiiy
767 3354 812 3409 >
823 3259 1251 3380 fit-elie
1273 3346 1304 3395 >
1322 3284 1537 3365 vos
1575 3272 1930 3399 yeux,
1971 3259 2293 3385 pour
2327 3205 2733 3333 caufer
2798 3206 2911 3324 le
2949 3193 3357 3346 trépas

483 3439 712 3556 Ma
775 3425 1300 3571 fille,ont
1340 3453 1503 3533 vn
1559 3403 1929 3524 venin
1969 3430 2207 3557 que
2255 3420 2553 3504 vous
2603 3416 2761 3496 ne
2832 3364 3245 3539 fçauez
3275 3396 3531 3519 pas.

483 3610 664 3724 En
720 3641 878 3713 vn
924 3583 1346 3728 mot,il
1415 3565 1895 3738 languit
1935 3564 2049 3677 le
2087 3587 2541 3715 pauure
2583 3532 3269 3664 miferable.

487 3772 634 3886 Et
676 3765 864 3882 s’il
927 3717 2077 3906 faut,pourfuiuitla
2122 3717 2531 3844 vieille
2575 3702 3294 3844 charitable,

485 3931 774 4084 Que
820 3918 1214 4044 voftre
1258 3903 1752 4033 cruauté
1821 3879 2667 4052 luyrefufevn
2740 3869 3266 4010 fecours,

479 4092 808 4221 C’eft
886 4131 1036 4211 vn
1113 4083 1640 4203 homme
1681 4061 1752 4189 à
1786 4098 2208 4226 porter
2250 4093 2406 4173 en
2452 4084 2766 4168 terre
2841 4042 3145 4158 dans
3189 4032 3505 4149 deux
3580 4023 3933 4145 iours.

494 4275 812 4388 Mon
865 4252 1494 4375 Dieuîi’en
1538 4229 2648 4387 aurois,dy-je,vne
2689 4208 3199 4330 douleur
3239 4199 3513 4320 bien
3558 4191 3943 4358 grade.

492 4432 822 4554 Mais
892 4457 1208 4582 pour
1245 4419 1358 4534 le
1395 4404 1977 4544 fecourir,
2016 4385 2618 4561 qu’eft-ce
2662 4375 2964 4547 qu’il
3034 4408 3242 4491 me
3309 4358 3940 4485 demande?

498 4609 822 4720 Mon
885 4581 1361 4730 enfant,
1406 4617 1610 4702 me
1681 4562 2191 4701 dit-elle,
2229 4561 2314 4675 il
2354 4590 2516 4674 ne
2562 4586 2846 4669 veut
2914 4534 3467 4678 obtenir,

504 4771 785 4914 Que
852 4763 965 4874 le
1030 4752 1313 4875 bien
1352 4747 1501 4865 de
1535 4777 1838 4861 vous
1912 4734 2186 4851 voir
2230 4738 2346 4846 6c
2418 4757 2722 4841 vous
2766 4705 3480 4832 entretenir.

504 4946 759 5052 Vos
835 4943 2004 5084 yeux-peuuenteux
2047 4890 2344 5017 feuls
2398 4871 3100 5042 empefcher
3175 4868 3298 4991 fa
3338 4868 3733 5013 ruine,

502 5106 653 5218 Et
694 5096 855 5214 du
927 5082 1179 5210 mal
1219 5081 1573 5247 qu’ils
1617 5111 1845 5195 ont
1914 5062 2135 5184 fait
2185 5057 2489 5185 cftre
2556 5053 2672 5170 la
2742 5044 3426 5169 médecine.

500 5262 941 5384 Helas!
1007 5239 2303 5393 volontiers,dis-je,&
2345 5222 2613 5381 puis
2691 5215 2988 5382 qu’il
3063 5201 3233 5329 eft
3295 5192 3637 5346 ainfi,

504 5435 615 5552 Il
673 5463 971 5586 peut
1007 5453 1275 5538 tant
1343 5410 1649 5582 qu’il
1707 5396 2173 5524 voudra
2243 5430 2451 5511 me
2519 5388 2865 5504 vènir
2943 5379 3219 5496 voir
3304 5374 3531 5532 icy.

1404 5562 2597 5696 ARNOLPHE
2674 5539 2765 5671 à
2812 5570 3105 5699 part.

513 5750 697 5892 Ah
756 5708 2919 5887 forcieremaudite,empoifonneufe
2984 5707 3443 5830 dames
3504 5793 3538 5852 ,

525 5917 893 6076 jPuifle
954 5908 1411 6043 l’Enfer
1471 5941 1839 6073 payer
1883 5941 2053 6025 tes
2107 5884 2823 6021 charitables
2899 5914 3399 6010 trames.
