4058 6923
570 392 742 508 U
1306 348 2099 516 L’ESCOLE
2212 349 2542 474 DES
2628 337 3404 502 FEMMES,

1702 509 2941 655 ARNOLPHE.

1864 681 2185 813 C’eft
2250 692 2941 840 dommage
2997 726 3017 794 :
3072 682 3383 805 mais
3431 724 3752 856 quoy

590 901 950 1022 Nous
996 875 1533 1000 fommes
1575 901 1847 989 tous
1926 855 2500 994 mortels,
2542 862 2653 965 &
2694 840 3165 962 chacun
3206 850 3375 971 eft
3453 850 4014 1013 pourfoy.

594 1067 1170 1210 Lorsque
1244 1035 1689 1165 i’eftois
1765 1067 1997 1152 aux
2064 1015 2577 1171 champs
2680 1016 3135 1132 n’a-t’il
3190 1017 3555 1176 point
3620 1016 3823 1142 fait
3893 1027 4024 1157 «is

843 1222 1201 1375 pluye
1248 1236 1289 1332 t

1878 1340 2599 1477 AGNES
2619 1436 2645 1466 .

600 1555 949 1680 Nom

1730 1673 2983 1815 ARNOLPHE.

1298 1883 1637 2002 Vous
1716 1850 2477 2015 cnnuyoit-il
2524 1871 2559 1964 ?

1932 2010 2715 2145 AGNES.

2232 2180 2689 2306 lamais
2770 2180 2883 2302 ie
2928 2215 3085 2302 ne
3128 2181 3803 2339 m’ennuye,

1688 2352 2421 2489 ARNOL
2490 2346 2897 2464 PHE.

586 2553 1517 2680 Offauez-vous
1564 2534 1781 2655 fait
1826 2557 2201 2646 encor
2242 2555 2435 2636 ces
2476 2505 2789 2635 neuf
2838 2552 3003 2636 ou
3063 2510 3265 2631 dix
3337 2510 3851 2641 iours-ci
3888 2547 3929 2650 ?

1936 2686 2701 2813 AGNES.

594 2891 811 3022 Six
892 2869 1537 3012 chemises,
1584 2868 1695 2984 ie
1760 2849 2177 3021 penfe,
2228 2868 2341 2971 &
2393 2844 2549 2965 Ex
2590 2835 3013 2966 coiffes
3096 2840 3419 2966 auflî.

1702 3038 1809 3151 A
1856 3024 2311 3147 RifO
2359 3021 2449 3134 L
2493 3021 2573 3136 P
2617 3017 2737 3129 H
2789 3011 2879 3151 E
2920 3039 3273 3157 ayant
3298 3049 3453 3128 vh
3518 3035 3713 3166 peu
3746 3011 4035 3166 refui

590 3225 765 3342 Le
814 3196 1691 3352 monde,chere
1749 3183 2401 3355 Agnes,eft
2476 3221 2717 3304 vne
2794 3172 3357 3348 eftrangc
3430 3167 3815 3299 chose.

600 3403 1023 3544 Voyez
1062 3382 1175 3494 la
1216 3364 1957 3503 médifance,
1993 3375 2105 3476 &
2146 3393 2655 3478 comme
2690 3344 3165 3470 chacun
3240 3340 3629 3465 caufe.

610 3550 1251 3710 Quelques
1302 3531 1747 3657 Yoiflns
1792 3532 2201 3652 m’om
2249 3522 2883 3686 ditrqu’vn
2923 3521 3295 3638 ieune
3323 3507 3833 3644 homme
3867 3517 4038 3637 in¬

800 3751 1275 3853 connu,

617 3884 999 4014 Eftoit
1044 3918 1195 3997 en
1250 3917 1561 3997 mon
1602 3866 2111 3996 absence
2151 3855 2229 3986 à
2293 3866 2417 3984 La
2490 3852 2973 3986 maison
3030 3893 3351 3977 venu
3400 3919 3437 4001 j

638 4068 923 4212 Que
968 4088 1265 4164 vous
1326 4045 1667 4164 auiez
1731 4027 2227 4163 souffert
2261 4032 2377 4153 fa
2418 4037 2725 4150 veuè
2767 4042 2883 4145 &
2947 4024 3117 4144 fes
3199 4019 3913 4187 harangues.

637 4223 959 4348 Mais
999 4213 1113 4335 ie
1174 4252 1451 4367 nay
1530 4209 1905 4371 point
1960 4204 2229 4362 pris
2285 4194 2501 4359 foy
2547 4191 2741 4317 sur
2806 4236 2999 4316 ces
3068 4185 3781 4321 méchantes
3821 4189 4052 4307 Un-

876 4419 1171 4545 gUCS
1262 4442 1299 4531 5

619 4551 775 4675 Et
815 4553 1041 4712 i’ay
1112 4549 1483 4671 voulu
1522 4581 1905 4712 gager
1942 4572 2186 4707 que
2224 4532 2697 4658 c’eftoit
2739 4524 3771 4660 fauffement....

1955 4705 2745 4833 AGNES.

637 4900 959 5018 Mon
1005 4886 1547 5032 Dieu,ne
1588 4911 2277 5045 gagerpas,
2328 4915 2628 4993 vous
2715 4858 3270 5022 perdriez
3311 4885 3966 5022 vrayment:

1743 5031 2974 5165 ARNOLPHE.

639 5224 1078 5390 Quoyl
1136 5211 1404 5342 c’eft
1477 5206 1594 5332 la
1639 5210 2028 5333 vérité
2079 5221 2466 5375 cjtfvn
2533 5201 3212 5328 homme,.

2003 5373 2754 5504 AGNES.

3053 5521 3456 5658 Chofe
3491 5522 3846 5657 feure.

647 5731 754 5848 Il
795 5727 992 5849 n'a
1029 5726 1532 5896 presque
1569 5722 1972 5882 bouge
2017 5713 2166 5838 de
2207 5708 2500 5838 chez
2547 5707 3036 5852 nous,ie
3121 5741 3426 5824 vous
3491 5704 3780 5820 iure.

1673 5878 2850 6010 ARNOLPHE
2933 5870 3016 5991 à
3065 5899 3360 6024 part.

657 6065 888 6182 Cet
957 6061 1346 6183 adueu
1391 6060 1834 6225 qu’elle
1865 6051 2086 6181 fait
2161 6089 2454 6172 auec
2499 6038 3116 6185 fincerité,

661 6236 870 6364 Me
909 6266 1422 6398 marque
1487 6261 1808 6400 pour
1845 6227 1956 6349 le
2021 6223 2448 6348 moins
2523 6217 2744 6343 son
2819 6195 3512 6397 ingénuité.
