4058 7048
625 796 1259 985 Extrait
1310 782 1505 930 du
1538 754 2218 957 Priuilege
2238 721 2433 875 du
2474 735 2799 922 Roy*

92 1194 511 1687 P
562 1176 667 1296 A
700 1175 779 1293 R
840 1169 1214 1289 Grâce
1268 1143 1386 1257 &
1460 1089 2052 1262 Priuilege
2127 1068 2288 1196 du
2353 1071 2709 1226 Roy,
2790 1019 3189 1166 donné
3251 1003 3327 1147 à

567 1334 966 1474 Paris,
989 1316 1112 1469 le
1152 1350 1238 1467 4
1238 1398 1268 1430 .
1305 1279 1759 1417 Feurier
1830 1306 1881 1388 x
1893 1274 2148 1415 66),
2214 1224 2576 1412 Signé
2643 1205 2999 1388 parle
3047 1205 3343 1357 Roy

575 1553 725 1642 en
772 1446 1571 1626 TonConfeil,
1700 1423 2907 1568 Gyitonneav.
2985 1365 3099 1494 Il
3174 1358 3345 1478 ell:

67 1686 505 1862 permis
614 1673 692 1807 à
787 1641 1827 1801 GviliavME
1990 1630 2090 1713 t>
2122 1622 2186 1709 e
2295 1580 2867 1697 Lvyne
3015 1540 3347 1660 Mar¬

87 1850 483 1985 chand
519 1835 1032 1977 Libraire
1069 1816 1226 1938 de
1286 1794 1723 1936 Noftre
1792 1769 2190 1894 bonne
2223 1734 2544 1880 Ville
2576 1724 2727 1850 de
2757 1705 3154 1844 Paris,
3194 1691 3356 1818 de

90 2029 391 2159 faire
425 2020 1011 2189 imprimer
1038 2019 1276 2111 vue
1305 1946 1833 2097 Piecerie
1858 1924 2421 2056 Thcatre,
2471 1902 2626 2027 de
2668 1889 2793 2013 la
2833 1888 3358 2033 Compo¬

95 2202 444 2329 sition
521 2190 682 2312 du
777 2154 1092 2301 Sieur
1187 2107 1969 2270 Moliere
2086 2072 2644 2218 Intitulée
2721 2076 2754 2189 :
2834 2070 2936 2184 L
2956 2043 2989 2101 y
2999 2049 3369 2203 Efiole

109 2384 290 2511 des
374 2384 828 2493 Femmes
875 2387 913 2507 ,
989 2317 1498 2502 pendant
1551 2297 1670 2417 le
1729 2306 2105 2440 temps
2179 2253 2330 2379 de
2407 2237 2576 2367 fix
2657 2215 3085 2359 années
3123 2210 3157 2333 ;
3212 2204 3375 2323 Et

121 2525 697 2670 deffences
750 2511 1021 2639 font
1081 2491 1440 2621 faites
1479 2464 1546 2593 à
1587 2486 1969 2587 toutes
2039 2413 2656 2602 personnes
2695 2393 2844 2521 de
2881 2370 3381 2560 quelque

134 2698 576 2874 qualité
612 2714 726 2825 8c
761 2670 1370 2811 condition
1406 2627 1755 2818 qu’ils
1788 2617 2226 2741 soient,
2281 2563 3043 2743 d’imprimer,
3101 2571 3391 2665 ven-

136 2841 551 3072 tireny
587 2856 1035 2987 débiter
1068 2829 1432 2957 ladite
1482 2783 2075 2930 Comedie
2146 2766 2294 2890 de
2362 2763 2547 2883 VE
2538 2750 2816 2917 fiole
2859 2729 3040 2859 des
3087 2725 3406 2844 Fem-

150 3102 401 3187 tftes>
449 3078 522 3160 a
561 3029 893 3199 peine
966 3011 1115 3147 de
1157 2989 1366 3126 mil
1401 2981 1754 3101 liures
1780 2921 2452 3084 d’amande,
2496 2929 2613 3043 &
2641 2905 2788 3029 de
2829 2922 3095 3015 tous
3140 2860 3395 2995 def-

158 3243 513 3391 pcns,
582 3194 1279 3351 dommages
1355 3178 1467 3286 &
1513 3126 2113 3266 interdis:
2186 3106 2704 3224 Comme
2761 3059 2852 3189 il
2919 3054 3077 3179 ell
3149 3034 3415 3213 plus

162 3375 864 3554 amplement
901 3340 1233 3527 porté
1267 3360 1467 3503 par
1503 3305 1974 3445 lefddces
1995 3289 2482 3412 Lettres.

386 3792 863 3937 ^Achem
929 3758 1566 3936 $imprimer
1615 3771 1880 3907 pour
1960 3720 2085 3839 la
2155 3676 2652 3863 première
2686 3655 2925 3833 fois
2965 3729 3006 3789 y
3072 3652 3179 3770 le
3253 3665 3430 3788 17.

183 3980 499 4097 Mars
592 3977 891 4114 x66z.

684 4353 912 4484 Les
980 4311 1793 4499 Exemplaires
1857 4320 2071 4422 ont
2148 4257 2387 4400 cfté
2448 4234 2939 4379 fournis.

455 4763 927 4950 Kfgiftré
975 4766 1169 4919 for
1229 4758 1331 4872 le
1403 4739 1739 4860 Liure
1807 4714 1932 4846 de
1990 4719 2110 4833 la
2142 4650 2878 4825 Communauté
2945 4636 3126 4770 des
3164 4641 3480 4755 Mar*

240 4942 618 5090 cbands
649 4932 1203 5065 Libraires
1426 4900 2092 5067 Imprimeurs
2132 4882 2169 5009 ,
2210 4880 2302 4994 le
2345 4858 2525 4976 î6.
2583 4850 2891 4956 Mars
2955 4817 3279 4954 l66z.

1534 5045 1973 5233 Signé,
2125 5034 2244 5159 D
2281 5064 2360 5150 v
2396 5051 2469 5139 B
2502 5038 2585 5133 R
2624 5029 2707 5120 a
2743 4985 2862 5112 Y.
3001 4947 3493 5140 Syndic.

426 5566 584 5690 Et
619 5553 918 5678 ledit
984 5543 1177 5671 de
1251 5537 1842 5658 Lvyne
1919 5547 1988 5633 a
2060 5490 2287 5625 fait
2358 5500 2610 5640 part
2689 5456 2852 5578 du
2921 5414 3518 5578 Priuilege

276 5722 892 5906 cy-ddîus,
940 5749 1166 5841 aux
1210 5708 1590 5829 Sieurs
1670 5682 2101 5816 Sercy,
2137 5678 2586 5786 Loly,
2650 5614 3365 5755 Billaen
3414 5616 3479 5702 5
3486 5655 3534 5715 ,

286 5911 953 6033 LoYSON
1058 5893 1106 6027 >
1248 5884 1369 6007 G
1408 5907 1486 5994 V
1524 5901 1570 5988 I
1618 5903 1692 5985 G
1739 5889 1826 5978 N
1868 5883 1948 5972 A
1991 5876 2074 5963 R
2117 5873 2197 5955 D
2301 5823 2339 5968 ,
2494 5815 2585 5933 B
2624 5832 2707 5925 A
2753 5815 2930 5913 RB
2971 5794 3141 5908 IN
3249 5760 3290 5902 ,
3408 5756 3536 5868 8c

298 6070 1066 6224 Qvinet,
1174 6077 1466 6218 pour
1584 6065 1736 6153 en
1821 6010 2142 6179 jouir
2226 5995 2347 6121 le
2436 5995 2808 6129 temps
2901 5923 3236 6115 porté
3338 5941 3544 6085 par

295 6228 721 6402 icduy.
