4058 6834
1669 187 2180 385 EPI
2264 186 2632 397 ST
2708 216 2899 408 R
2972 227 3111 416 E

802 496 1234 714 pour
1289 461 1773 740 quiie
1790 476 2137 729 fuis
2195 516 2499 718 ,&
2580 492 2977 696 dont
3044 530 3189 704 ie
3200 517 3588 808 fins
3604 541 3979 828 fort

822 709 1186 920 bien
1298 808 1610 1020 que
1714 761 1862 939 ie
1997 832 2198 953 ne
2333 850 2585 968 me
2694 840 3425 1081 pourray
3580 855 3967 1051 taire

799 1005 1479 1304 quelque
1550 1047 1976 1240 iour.
2062 1065 2349 1246 A4
2330 1082 2500 1256 ai
2501 1141 2566 1259 s
2609 1133 3149 1287 encore
3183 1172 3521 1297 'une
3582 1108 3958 1382 fois>

791 1304 1984 1564 Madame,
2014 1346 2155 1528 if
2186 1345 2802 1619 nefçay
2822 1387 3318 1642 point
3349 1379 3494 1581 le
3553 1387 3957 1627 biais

780 1572 964 1773 de
1072 1576 1520 1867 faire
1623 1670 2155 1815 entrer
2259 1648 2511 1901 icy
2666 1640 2939 1841 des
3038 1683 3702 1941 vérité%
3823 1710 3933 1945 (t

764 1852 1608 2074 éclatantes
1654 1954 1710 2129 ,
1782 1889 2032 2167 (fy
2063 1983 2228 2103 ce
2232 1907 2648 2186 font
2711 1925 3292 2215 chofes,
3346 1963 3482 2156 À
3542 2047 3926 2186 mon

741 2148 1315 2390 aduis,
1371 2208 1630 2398 &
1656 2180 2148 2387 d’vne
2220 2258 2553 2479 trop
2588 2230 3052 2499 vafle
3115 2244 3895 2521 efendue,

740 2483 999 2669 &
1057 2436 1466 2644 d’vn
1537 2493 2085 2669 mérité
2149 2544 2497 2769 trop
2520 2497 2944 2707 releu
2963 2505 3068 2716 é
3098 2588 3153 2805 ,
3188 2590 3619 2810 pour
3683 2545 3903 2758 les

718 2713 1374 2929 vouloir
1401 2747 2249 3034 renfermer
2317 2759 2741 2983 dans
2812 2879 3148 3008 vne
3196 2826 3877 3100 Epiftre,

722 2999 921 3223 b
1026 3003 1243 3210 les
1378 3025 1914 3299 mejler
2021 3132 2414 3259 auec
2525 3075 2797 3274 des
2957 3085 3873 3377 bagatelles.

683 3294 1144 3497 Tout
1207 3291 1575 3513 bien
1646 3334 2442 3605 confderé
2515 3377 2571 3609 ,
2653 3381 3854 3657 MADAME,

680 3582 876 3769 le
951 3665 1156 3781 ne
1207 3667 1552 3860 voy
1619 3623 1959 3813 rien
2039 3708 2151 3817 a
2179 3626 2626 3917 faire
2662 3673 2910 3907 icy
2958 3725 3785 3946 pourmoy
3791 3823 3852 3949 >

669 3930 1005 4131 que
1064 3877 1248 4070 de
1315 3968 1740 4096 vous
1831 3896 2455 4125 Dédier
2476 3934 3503 4220 fimplement
3574 4054 3850 4181 ma

669 4154 1412 4371 Comedie
1502 4319 1558 4417 ,
1659 4193 1854 4408 EF
1928 4196 2116 4400 de
2187 4287 2619 4416 vous
2691 4228 3387 4515 ajfeurer
3446 4333 3842 4473 auec

645 4485 1022 4636 tout
1025 4440 1185 4640 le
1225 4465 1816 4737 refpeél
1803 4612 1866 4702 3
1869 4488 2284 4762 quil
2312 4510 2751 4783 m'ejl
2760 4527 3427 4804 pofible
3434 4677 3497 4763 }
3515 4628 3823 4832 que

630 4720 1584 4951 iefuisdeV
1625 4805 2490 4987 OSTRE
2728 4813 3809 5040 ALTESSE

619 5009 809 5198 R
850 5058 996 5203 O
1070 5067 1779 5283 YALE,

603 5436 764 5586 M
807 5452 1108 5606 AD
1154 5454 1699 5652 AME',

873 5767 1061 5920 Le
1118 5779 2102 5980 tres-humble,
2145 5832 3205 6029 tres-obèïffànt,
3244 5866 3401 6008 &
3431 5906 3766 6023 «es-

1177 5980 2308 6193 obligéfcruitcur
2384 6028 2485 6196 I.
2540 6046 2693 6196 B.
2763 6051 3741 6227 Menu».
