4058 7091
573 298 764 481 jtf
1035 275 1970 454 vèscole
2091 256 2450 414 des
2554 202 3419 415 femmes;

580 528 691 644 Il
746 515 1041 652 faut,
1097 537 1390 672 pour
1419 499 1643 615 des-
1674 500 2055 609 Anus,
2083 465 2282 581 des
2341 466 2779 576 Lettres
2816 481 3210 559 moins
3256 428 3698 580 ciuiles,

570 693 726 811 Et
787 725 1047 801 tous
1087 711 1267 790 ces
1303 656 2090 814 complimci-is
2131 622 2394 752 font
2436 611 2838 735 chofes
2893 607 3425 746 inutiles*

575 866 872 980 Sans
910 843 1200 1016 cju'il
1244 830 1517 996 piift
1556 826 1663 941 le
1702 813 2060 965 foucy
2112 798 2257 914 de
2289 793 2609 911 m’en
2654 783 3019 902 écrire
3071 778 3371 911 rien,

582 1041 912 1162 Vous
954 1041 1412 1180 pouuez
1457 992 2084 1112 librement
2136 948 2655 1127 difpofer
2688 949 2835 1073 de
2873 986 3161 1068 mon
3198 937 3513 1059 bien;

1755 1203 2742 1348 HORACE.

583 1534 720 1650 le
755 1519 990 1645 fuis
1037 1512 1575 1632 Homme
1614 1480 1681 1604 à
1716 1470 2039 1605 faifir
2082 1468 2243 1591 les
2293 1500 2575 1632 gens
2633 1491 2835 1620 par
2874 1447 3183 1566 leurs
3236 1427 3777 1596 parole^

584 1706 737 1826 Et
770 1696 1006 1848 i'ay
1042 1666 1904 1843 prefentement
1939 1637 2351 1765 befoin
2392 1629 2538 1753 de
2577 1661 2839 1742 cent
2891 1604 3415 1781 piftoies.

1630 1860 2932 2020 ARNOLPHE.

583 2171 1096 2337 Mafoy,
1142 2160 1405 2285 c’eft
1449 2144 2126 2309 m'obliger,
2173 2169 2397 2295 que
2440 2122 2707 2246 d’en
2755 2111 3017 2245 vfer
3065 2095 3405 2249 ainfl>

593 2353 746 2470 Et
793 2356 906 2465 ie
952 2379 1136 2460 me
1176 2325 1628 2489 réjouis
1669 2321 1810 2441 de
1855 2311 2020 2430 les
2066 2301 2406 2422 auoir
2458 2296 2692 2464 icy.

606 2511 1087 2646 Gardez
1137 2492 1423 2627 aufli
1457 2497 1579 2615 la
1611 2472 2072 2616 bourfe.

1784 2632 2771 2782 HORACE.

2026 2815 2131 2933 Il
2176 2809 2624 2933 faut....

1634 2969 2908 3128 ARNOLPHE.

2586 3131 3112 3266 Laissons
3148 3170 3278 3251 ce
3333 3123 3630 3250 ftile.

607 3370 818 3504 Hé
851 3369 1165 3510 bien,
1210 3375 1816 3480 comment
1865 3370 2243 3452 encor
2305 3340 3187 3442 trouuez-vous
3237 3336 3537 3421 cette
3574 3273 3988 3418 Ville?*

1779 3487 2766 3628 HORACE,

606 3693 1551 3840 Nombreufeen
1612 3683 2243 3837 Citoyens,
2287 3649 2774 3825 fuperbe
2826 3637 3695 3772 enbaftimens,

609 3879 760 4004 Et
799 3883 1028 4003 i’en
1074 3906 1353 4032 croy
1415 3844 2185 3976 merueilleux
2220 3835 2389 3953 les
2436 3810 3421 3951 diuertiffemcns.

1677 3995 2926 4141 ARNOLPHE.

624 4218 1129 4350 Chacun
1181 4245 1253 4325 a
1295 4196 1463 4320 fes
1514 4181 2005 4354 plaiflis,
2060 4171 2364 4341 qu’il
2405 4162 2522 4290 fc
2571 4161 2794 4285 fait
2845 4160 2912 4282 à
2957 4137 3494 4316 faguife:

615 4391 946 4516 Mais
987 4420 1283 4534 pour
1323 4399 1613 4487 ceux
1651 4396 1879 4522 que
1912 4347 2073 4473 du
2113 4378 2409 4462 nom
2450 4336 2595 4456 de
2650 4333 2883 4457 Cal
2899 4364 3103 4452 ans
3145 4359 3311 4442 on
3345 4287 3845 4480 baptife,

613 4563 790 4682 Ils
830 4591 1040 4682 ont
1078 4590 1222 4668 en
1270 4581 1396 4656 ce
1457 4537 1736 4651 Païs
1786 4527 2260 4686 dequoy
2314 4502 2425 4628 fe
2471 4537 3144 4637 contenter,

624 4723 1077 4854 Caries
1134 4724 1666 4838 Femmes
1720 4733 1783 4860 y
1839 4689 2104 4813 font
2151 4679 2492 4803 faites
2553 4668 3318 4839 àcoquetter*

620 4907 837 5024 On
883 4922 1301 5013 trouue
1342 4869 1977 4999 d’humeur
2029 4854 2404 4980 douce
2454 4858 2566 4964 &
2619 4845 2737 4965 la
2773 4826 3468 4974 brune,&la
3505 4810 3987 4958 blonde.

609 5068 774 5188 Et
819 5060 990 5185 les
1029 5051 1414 5173 Maris
1453 5030 1741 5160 aufli
1788 5035 1955 5155 les
1993 5030 2253 5189 plus
2296 5019 2711 5141 bénins
2762 5010 2919 5136 du
2977 4991 3461 5122 monde:

628 5229 950 5362 C’eft
996 5266 1154 5350 vn
1200 5206 1590 5378 plaifir
1629 5205 1776 5325 de
1821 5201 2282 5330 Prince,
2347 5205 2458 5313 &
2513 5185 2722 5307 des
2770 5215 3098 5302 tours
3140 5168 3514 5340 queie
3549 5194 3880 5324 voyy

626 5404 765 5520 le
829 5437 1023 5519 me
1074 5388 1473 5516 donne
1507 5368 1998 5496 forment
2043 5367 2164 5486 la
2215 5348 2806 5487 Comédie
2841 5347 2906 5468 à
2952 5385 3292 5507 moy.

629 5562 1301 5696 Peut-eftre
1343 5595 1487 5673 en
1527 5536 2209 5664 auez-vous
2250 5534 2537 5692 déjà
2580 5524 2839 5648 féru
2875 5514 3605 5687 quelqu’vne
3639 5548 3673 5623 ;

631 5753 974 5872 Vous
1022 5724 1364 5850 eft-il
1408 5754 1750 5887 point
1786 5747 2148 5833 encor
2188 5693 2758 5824 arnuéde
2796 5688 3334 5811 fortune?

630 5914 857 6028 Les
902 5933 1185 6069 gens
1223 5888 1507 6015 faits
1548 5919 2024 6009 comme
2066 5917 2405 6013 vous,
2443 5871 2714 5995 font
2760 5869 3016 6033 plus
3056 5892 3288 6025 que
3333 5854 3498 5985 les
3539 5846 3895 5994 ècus>

638 6079 799 6216 Et
845 6105 1136 6214 you$
1187 6065 1467 6205 eftes
1518 6056 1667 6190 de
1725 6047 2063 6189 taille
2112 6040 2181 6170 à
2230 6038 2531 6183 faire
2558 6036 2761 6176 des
2816 6046 3249 6171 Cocus,
