<?xml version="1.0" encoding="UTF-8" standalone="yes"?>
<PcGts xmlns="http://schema.primaresearch.org/PAGE/gts/pagecontent/2013-07-15" xmlns:xsi="http://www.w3.org/2001/XMLSchema-instance" xsi:schemaLocation="http://schema.primaresearch.org/PAGE/gts/pagecontent/2013-07-15 http://schema.primaresearch.org/PAGE/gts/pagecontent/2013-07-15/pagecontent.xsd">
    <Metadata>
        <Creator></Creator>
        <Created>2019-02-05T11:57:56.146+01:00</Created>
        <LastChange>2019-07-27T11:34:38.182+02:00</LastChange>
        <Comments>
                Measurement unit: pixel
                PrimaryLanguage: English
                Language: FrenchStandard
                Producer: ABBYY FineReader Engine 11</Comments>
        <TranskribusMetadata docId="188602" pageId="7480207" pageNr="41" tsid="13154683" status="DONE" userId="10612" imgUrl="https://files.transkribus.eu/Get?id=NSUSLXNJVSMVQXIEWSWZKQQC&amp;fileType=view" xmlUrl="https://files.transkribus.eu/Get?id=SXTYSDXVOQXBKZQCAXYKCALS" imageId="2612998"/>
    </Metadata>
    <Page imageFilename="Moliere1663_EcoleFemmes_cb30958541v_corrected_0041.png" imageWidth="4058" imageHeight="6907">
        <PrintSpace>
            <Coords points="103,251 3545,251 3545,6154 103,6154"/>
        </PrintSpace>
        <ReadingOrder>
            <OrderedGroup id="ro_1604226477954" caption="Regions reading order">
                <RegionRefIndexed index="0" regionRef="r_1_1"/>
                <RegionRefIndexed index="1" regionRef="r_2_1"/>
                <RegionRefIndexed index="2" regionRef="r_2_2"/>
                <RegionRefIndexed index="3" regionRef="r_2_3"/>
                <RegionRefIndexed index="4" regionRef="r_2_4"/>
                <RegionRefIndexed index="5" regionRef="r_2_6"/>
                <RegionRefIndexed index="6" regionRef="r_2_7"/>
                <RegionRefIndexed index="7" regionRef="r_2_8"/>
                <RegionRefIndexed index="8" regionRef="r_2_9"/>
                <RegionRefIndexed index="9" regionRef="r_2_10"/>
                <RegionRefIndexed index="10" regionRef="r_2_11"/>
                <RegionRefIndexed index="11" regionRef="r_2_12"/>
                <RegionRefIndexed index="12" regionRef="r_2_13"/>
                <RegionRefIndexed index="13" regionRef="r_2_14"/>
                <RegionRefIndexed index="14" regionRef="r_2_15"/>
                <RegionRefIndexed index="15" regionRef="r_2_16"/>
                <RegionRefIndexed index="16" regionRef="r_2_17"/>
                <RegionRefIndexed index="17" regionRef="r_2_18"/>
                <RegionRefIndexed index="18" regionRef="r_2_19"/>
                <RegionRefIndexed index="19" regionRef="r_2_20"/>
                <RegionRefIndexed index="20" regionRef="r_2_21"/>
            </OrderedGroup>
        </ReadingOrder>
        <TextRegion type="paragraph" id="r_1_1" custom="readingOrder {index:0;}">
            <Coords points="3374,395 3519,395 3519,496 3374,496"/>
            <TextLine id="tl_1" primaryLanguage="English" custom="readingOrder {index:0;}">
                <Coords points="3376,396 3519,396 3519,495 3376,495"/>
                <Baseline points="3374,491 3517,491"/>
                <Word id="w_w2aab1b1b2b1b1ab1" language="English" custom="readingOrder {index:0;}">
                    <Coords points="3374,396 3517,396 3517,495 3374,495"/>
                    <TextEquiv>
                        <Unicode>n</Unicode>
                    </TextEquiv>
                    <TextStyle fontFamily="Times New Roman" fontSize="8.5" bold="true" italic="true"/>
                </Word>
                <TextEquiv>
                    <Unicode>21</Unicode>
                </TextEquiv>
                <TextStyle fontFamily="Times New Roman" fontSize="8.5" bold="true" italic="true"/>
            </TextLine>
            <TextEquiv>
                <Unicode>21</Unicode>
            </TextEquiv>
        </TextRegion>
        <TextRegion type="paragraph" id="r_2_1" custom="readingOrder {index:1;}">
            <Coords points="1211,294 2614,294 2614,471 1211,471"/>
            <TextLine id="tl_2" primaryLanguage="English" custom="readingOrder {index:0;}">
                <Coords points="1212,295 2613,295 2613,470 1212,470"/>
                <Baseline points="1212,445 2378,458 2611,468"/>
                <Word id="w_w2aab1b3b2b1b1ab1" language="English" custom="readingOrder {index:0;}">
                    <Coords points="1212,296 2378,296 2378,458 1212,458"/>
                    <TextEquiv>
                        <Unicode>COMEDI</Unicode>
                    </TextEquiv>
                    <TextStyle fontFamily="Times New Roman" fontSize="11.0"/>
                </Word>
                <Word id="w_w2aab1b3b2b1b1ac15" language="English" custom="readingOrder {index:1;}">
                    <Coords points="2456,321 2611,321 2611,468 2456,468"/>
                    <TextEquiv>
                        <Unicode>E.</Unicode>
                    </TextEquiv>
                    <TextStyle fontFamily="Times New Roman" fontSize="11.0"/>
                </Word>
                <TextEquiv>
                    <Unicode>COMEDIE.</Unicode>
                </TextEquiv>
                <TextStyle fontFamily="Times New Roman" fontSize="11.0"/>
            </TextLine>
            <TextEquiv>
                <Unicode>COMEDIE.</Unicode>
            </TextEquiv>
        </TextRegion>
        <TextRegion type="paragraph" id="r_2_2" custom="readingOrder {index:2;}">
            <Coords points="244,466 3021,466 3021,684 244,684"/>
            <TextLine id="tl_3" primaryLanguage="English" custom="readingOrder {index:0;}">
                <Coords points="245,467 3020,467 3020,683 245,683"/>
                <Baseline points="245,601 492,597 724,597 926,600 1369,626 1668,619 1906,615 2573,634 3019,662"/>
                <Word id="w_w2aab1b3b2b3b1ab1" language="English" custom="readingOrder {index:0;}">
                    <Coords points="245,479 492,479 492,602 245,602"/>
                    <TextEquiv>
                        <Unicode>Elle</Unicode>
                    </TextEquiv>
                    <TextStyle fontFamily="Times New Roman" fontSize="8.5"/>
                </Word>
                <Word id="w_w2aab1b3b2b3b1ac11" language="English" custom="readingOrder {index:1;}">
                    <Coords points="537,480 724,480 724,597 537,597"/>
                    <TextEquiv>
                        <Unicode>n’a</Unicode>
                    </TextEquiv>
                    <TextStyle fontFamily="Times New Roman" fontSize="8.5"/>
                </Word>
                <Word id="w_w2aab1b3b2b3b1ac19" language="English" custom="readingOrder {index:2;}">
                    <Coords points="773,522 926,522 926,644 773,644"/>
                    <TextEquiv>
                        <Unicode>pu</Unicode>
                    </TextEquiv>
                    <TextStyle fontFamily="Times New Roman" fontSize="8.5"/>
                </Word>
                <Word id="w_w2aab1b3b2b3b1ac25" language="English" custom="readingOrder {index:3;}">
                    <Coords points="971,480 1369,480 1369,626 971,626"/>
                    <TextEquiv>
                        <Unicode>faillir,</Unicode>
                    </TextEquiv>
                    <TextStyle fontFamily="Times New Roman" fontSize="8.5"/>
                </Word>
                <Word id="w_w2aab1b3b2b3b1ac43" language="English" custom="readingOrder {index:4;}">
                    <Coords points="1421,497 1668,497 1668,619 1421,619"/>
                    <TextEquiv>
                        <Unicode>fans</Unicode>
                    </TextEquiv>
                    <TextStyle fontFamily="Times New Roman" fontSize="8.5"/>
                </Word>
                <Word id="w_w2aab1b3b2b3b1ac53" language="English" custom="readingOrder {index:5;}">
                    <Coords points="1713,541 1906,541 1906,618 1713,618"/>
                    <TextEquiv>
                        <Unicode>me</Unicode>
                    </TextEquiv>
                    <TextStyle fontFamily="Times New Roman" fontSize="8.5"/>
                </Word>
                <Word id="w_w2aab1b3b2b3b1ac59" language="English" custom="readingOrder {index:6;}">
                    <Coords points="1941,513 2573,513 2573,634 1941,634"/>
                    <TextEquiv>
                        <Unicode>couurirde</Unicode>
                    </TextEquiv>
                    <TextStyle fontFamily="Times New Roman" fontSize="8.5"/>
                </Word>
                <Word id="w_w2aab1b3b2b3b1ac79" language="English" custom="readingOrder {index:7;}">
                    <Coords points="2617,514 3019,514 3019,662 2617,662"/>
                    <TextEquiv>
                        <Unicode>honte,</Unicode>
                    </TextEquiv>
                    <TextStyle fontFamily="Times New Roman" fontSize="8.5"/>
                </Word>
                <TextEquiv>
                    <Unicode>Elle n’a pû faillir, ſans me couurir de honte,</Unicode>
                </TextEquiv>
                <TextStyle fontFamily="Times New Roman" fontSize="8.5"/>
            </TextLine>
            <TextEquiv>
                <Unicode>Elle n’a pû faillir, ſans me couurir de honte,</Unicode>
            </TextEquiv>
        </TextRegion>
        <TextRegion type="paragraph" id="r_2_3" custom="readingOrder {index:3;}">
            <Coords points="240,630 3519,630 3519,1027 240,1027"/>
            <TextLine id="tl_4" primaryLanguage="English" custom="readingOrder {index:0;}">
                <Coords points="241,631 3363,631 3363,854 241,854"/>
                <Baseline points="241,765 386,762 688,758 854,762 1316,773 1416,769 1710,801 2078,784 2264,791 2499,797 2815,801 3362,811"/>
                <Word id="w_w2aab1b3b2b5b1ab1" language="English" custom="readingOrder {index:0;}">
                    <Coords points="241,651 386,651 386,765 241,765"/>
                    <TextEquiv>
                        <Unicode>Et</Unicode>
                    </TextEquiv>
                    <TextStyle fontFamily="Times New Roman" fontSize="8.5"/>
                </Word>
                <Word id="w_w2aab1b3b2b5b1ab7" language="English" custom="readingOrder {index:1;}">
                    <Coords points="438,685 688,685 688,763 438,763"/>
                    <TextEquiv>
                        <Unicode>tout</Unicode>
                    </TextEquiv>
                    <TextStyle fontFamily="Times New Roman" fontSize="8.5"/>
                </Word>
                <Word id="w_w2aab1b3b2b5b1ac17" language="English" custom="readingOrder {index:2;}">
                    <Coords points="732,684 854,684 854,762 732,762"/>
                    <TextEquiv>
                        <Unicode>ce</Unicode>
                    </TextEquiv>
                    <TextStyle fontFamily="Times New Roman" fontSize="8.5"/>
                </Word>
                <Word id="w_w2aab1b3b2b5b1ac23" language="English" custom="readingOrder {index:3;}">
                    <Coords points="891,656 1316,656 1316,811 891,811"/>
                    <TextEquiv>
                        <Unicode>qu’elle</Unicode>
                    </TextEquiv>
                    <TextStyle fontFamily="Times New Roman" fontSize="8.5"/>
                </Word>
                <Word id="w_w2aab1b3b2b5b1ac39" language="English" custom="readingOrder {index:4;}">
                    <Coords points="1348,693 1416,693 1416,769 1348,769"/>
                    <TextEquiv>
                        <Unicode>a</Unicode>
                    </TextEquiv>
                    <TextStyle fontFamily="Times New Roman" fontSize="8.5"/>
                </Word>
                <Word id="w_w2aab1b3b2b5b1ac43" language="English" custom="readingOrder {index:5;}">
                    <Coords points="1451,656 1710,656 1710,801 1451,801"/>
                    <TextEquiv>
                        <Unicode>fait,</Unicode>
                    </TextEquiv>
                    <TextStyle fontFamily="Times New Roman" fontSize="8.5"/>
                </Word>
                <Word id="w_w2aab1b3b2b5b1ac55" language="English" custom="readingOrder {index:6;}">
                    <Coords points="1755,665 2078,665 2078,784 1755,784"/>
                    <TextEquiv>
                        <Unicode>enfin</Unicode>
                    </TextEquiv>
                    <TextStyle fontFamily="Times New Roman" fontSize="8.5"/>
                </Word>
                <Word id="w_w2aab1b3b2b5b1ac67" language="English" custom="readingOrder {index:7;}">
                    <Coords points="2111,674 2264,674 2264,791 2111,791"/>
                    <TextEquiv>
                        <Unicode>efl</Unicode>
                    </TextEquiv>
                    <TextStyle fontFamily="Times New Roman" fontSize="8.5"/>
                </Word>
                <Word id="w_w2aab1b3b2b5b1ac75" language="English" custom="readingOrder {index:8;}">
                    <Coords points="2315,668 2499,668 2499,797 2315,797"/>
                    <TextEquiv>
                        <Unicode>fur</Unicode>
                    </TextEquiv>
                    <TextStyle fontFamily="Times New Roman" fontSize="8.5"/>
                </Word>
                <Word id="w_w2aab1b3b2b5b1ac83" language="English" custom="readingOrder {index:9;}">
                    <Coords points="2533,718 2815,718 2815,801 2533,801"/>
                    <TextEquiv>
                        <Unicode>mon</Unicode>
                    </TextEquiv>
                    <TextStyle fontFamily="Times New Roman" fontSize="8.5"/>
                </Word>
                <Word id="w_w2aab1b3b2b5b1ac91" language="English" custom="readingOrder {index:10;}">
                    <Coords points="2859,728 3362,728 3362,850 2859,850"/>
                    <TextEquiv>
                        <Unicode>compte.</Unicode>
                    </TextEquiv>
                    <TextStyle fontFamily="Times New Roman" fontSize="8.5"/>
                </Word>
                <TextEquiv>
                    <Unicode>Et tout ce qu’elle a fait, enfin eſt ſur mon compte.</Unicode>
                </TextEquiv>
                <TextStyle fontFamily="Times New Roman" fontSize="8.5"/>
            </TextLine>
            <TextLine id="tl_5" primaryLanguage="English" custom="readingOrder {index:1;}">
                <Coords points="243,794 3518,794 3518,1026 243,1026"/>
                <Baseline points="243,927 1049,931 1335,935 1465,950 2001,950 2155,956 2868,969 3403,986 3518,989"/>
                <Word id="w_w2aab1b3b2b5b3ab1" language="English" custom="readingOrder {index:0;}">
                    <Coords points="243,809 1049,809 1049,974 243,974"/>
                    <TextEquiv>
                        <Unicode>Eloignement</Unicode>
                    </TextEquiv>
                    <TextStyle fontFamily="Times New Roman" fontSize="8.5"/>
                </Word>
                <Word id="w_w2aab1b3b2b5b3ac25" language="English" custom="readingOrder {index:1;}">
                    <Coords points="1083,809 1383,809 1383,950 1083,950"/>
                    <TextEquiv>
                        <Unicode>fatal</Unicode>
                    </TextEquiv>
                    <TextStyle fontFamily="Times New Roman" fontSize="8.5"/>
                </Word>
                <Word id="w_w2aab1b3b2b5b3b1b1" language="English" custom="readingOrder {index:2;}">
                    <Coords points="1439,866 1465,866 1465,950 1439,950"/>
                    <TextEquiv>
                        <Unicode>\</Unicode>
                    </TextEquiv>
                    <TextStyle fontFamily="Times New Roman" fontSize="8.5" bold="true" italic="true"/>
                </Word>
                <Word id="w_w2aab1b3b2b5b3b2b3" language="English" custom="readingOrder {index:3;}">
                    <Coords points="1511,837 2001,837 2001,996 1511,996"/>
                    <TextEquiv>
                        <Unicode>Voyage</Unicode>
                    </TextEquiv>
                    <TextStyle fontFamily="Times New Roman" fontSize="8.5"/>
                </Word>
                <Word id="w_w2aab1b3b2b5b3b2c17" language="English" custom="readingOrder {index:4;}">
                    <Coords points="2027,837 2791,837 2791,968 2027,968"/>
                    <TextEquiv>
                        <Unicode>malheureux</Unicode>
                    </TextEquiv>
                    <TextStyle fontFamily="Times New Roman" fontSize="8.5"/>
                </Word>
                <Word id="w_w2aab1b3b2b5b3b3b1" language="English" custom="readingOrder {index:5;}">
                    <Coords points="2841,870 2868,870 2868,969 2841,969"/>
                    <TextEquiv>
                        <Unicode>!</Unicode>
                    </TextEquiv>
                    <TextStyle fontFamily="Times New Roman" fontSize="8.5" bold="true" italic="true"/>
                </Word>
                <Word id="w_w2aab1b3b2b5b3b3b5" language="English" custom="readingOrder {index:6;}">
                    <Coords points="2909,863 3403,863 3403,1021 2909,1021"/>
                    <TextEquiv>
                        <Unicode>frayant</Unicode>
                    </TextEquiv>
                    <TextStyle fontFamily="Times New Roman" fontSize="8.5" bold="true" italic="true"/>
                </Word>
                <Word id="w_w2aab1b3b2b5b3b3c21" language="English" custom="readingOrder {index:7;}">
                    <Coords points="3441,861 3518,861 3518,989 3441,989"/>
                    <TextEquiv>
                        <Unicode>h</Unicode>
                    </TextEquiv>
                    <TextStyle fontFamily="Times New Roman" fontSize="8.5" bold="true" italic="true"/>
                </Word>
                <TextEquiv>
                    <Unicode>Eloignement fatal! Voyage malheureux! Frapant à</Unicode>
                </TextEquiv>
            </TextLine>
            <TextEquiv>
                <Unicode>Et tout ce qu’elle a fait, enfin eſt ſur mon compte.
Eloignement fatal! Voyage malheureux! Frapant à</Unicode>
            </TextEquiv>
        </TextRegion>
        <TextRegion type="paragraph" id="r_2_4" custom="readingOrder {index:4;}">
            <Coords points="2960,1026 3498,1026 3498,1190 2960,1190"/>
            <TextLine id="tl_6" primaryLanguage="English" custom="readingOrder {index:0;}">
                <Coords points="2961,1027 3497,1027 3497,1189 2961,1189"/>
                <Baseline points="2962,1140 3023,1140 3092,1141 3348,1145 3496,1151"/>
                <Word id="w_w2aab1b3b2b7b1ab1" language="English" custom="readingOrder {index:0;}">
                    <Coords points="2962,1027 3023,1027 3023,1140 2962,1140"/>
                    <TextEquiv>
                        <Unicode>J</Unicode>
                    </TextEquiv>
                    <TextStyle fontFamily="Times New Roman" fontSize="8.5" bold="true" italic="true"/>
                </Word>
                <Word id="w_w2aab1b3b2b7b1ab5" language="English" custom="readingOrder {index:1;}">
                    <Coords points="3022,1066 3092,1066 3092,1141 3022,1141"/>
                    <TextEquiv>
                        <Unicode>a</Unicode>
                    </TextEquiv>
                    <TextStyle fontFamily="Times New Roman" fontSize="8.5" bold="true" italic="true"/>
                </Word>
                <Word id="w_w2aab1b3b2b7b1ab9" language="English" custom="readingOrder {index:2;}">
                    <Coords points="3137,1055 3458,1055 3458,1184 3137,1184"/>
                    <TextEquiv>
                        <Unicode>porte</Unicode>
                    </TextEquiv>
                    <TextStyle fontFamily="Times New Roman" fontSize="8.5" bold="true" italic="true"/>
                </Word>
                <Word id="w_w2aab1b3b2b7b1b1b1" language="English" custom="readingOrder {index:3;}">
                    <Coords points="3460,1114 3496,1114 3496,1151 3460,1151"/>
                    <TextEquiv>
                        <Unicode>,</Unicode>
                    </TextEquiv>
                    <TextStyle fontFamily="Times New Roman" fontSize="13.0" bold="true"/>
                </Word>
                <TextEquiv>
                    <Unicode>la porte.</Unicode>
                </TextEquiv>
            </TextLine>
            <TextEquiv>
                <Unicode>la porte.</Unicode>
            </TextEquiv>
        </TextRegion>
        <TextRegion type="paragraph" id="r_2_6" custom="readingOrder {index:5;}">
            <Coords points="814,1682 2861,1682 2861,1942 814,1942"/>
            <TextLine id="tl_8" primaryLanguage="English" custom="readingOrder {index:0;}">
                <Coords points="815,1683 2860,1683 2860,1941 815,1941"/>
                <Baseline points="815,1898 2105,1924 2857,1928"/>
                <Word id="w_w2aab1b3b2c11b1ab1" language="English" custom="readingOrder {index:0;}">
                    <Coords points="815,1683 2105,1683 2105,1924 815,1924"/>
                    <TextEquiv>
                        <Unicode>SCENE</Unicode>
                    </TextEquiv>
                    <TextStyle fontFamily="Times New Roman" fontSize="17.0"/>
                </Word>
                <Word id="w_w2aab1b3b2c11b1ac13" language="English" custom="readingOrder {index:1;}">
                    <Coords points="2499,1722 2857,1722 2857,1933 2499,1933"/>
                    <TextEquiv>
                        <Unicode>II.</Unicode>
                    </TextEquiv>
                    <TextStyle fontFamily="Times New Roman" fontSize="17.0"/>
                </Word>
                <TextEquiv>
                    <Unicode>SCENE II.</Unicode>
                </TextEquiv>
                <TextStyle fontFamily="Times New Roman" fontSize="17.0"/>
            </TextLine>
            <TextEquiv>
                <Unicode>SCENE II.</Unicode>
            </TextEquiv>
        </TextRegion>
        <TextRegion type="paragraph" id="r_2_7" custom="readingOrder {index:6;}">
            <Coords points="559,2152 3116,2152 3116,2552 559,2552"/>
            <TextLine id="tl_9" primaryLanguage="English" custom="readingOrder {index:0;}">
                <Coords points="560,2153 3115,2153 3115,2390 560,2390"/>
                <Baseline points="561,2300 1401,2346 3113,2390"/>
                <Word id="w_w2aab1b3b2c13b1ab1" language="English" custom="readingOrder {index:0;}">
                    <Coords points="561,2153 1401,2153 1401,2346 561,2346"/>
                    <TextEquiv>
                        <Unicode>ALAIN,</Unicode>
                    </TextEquiv>
                    <TextStyle fontFamily="Times New Roman" fontSize="11.0"/>
                </Word>
                <Word id="w_w2aab1b3b2c13b1ac15" language="English" custom="readingOrder {index:1;}">
                    <Coords points="1565,2182 3113,2182 3113,2390 1565,2390"/>
                    <TextEquiv>
                        <Unicode>GEORGETTE,</Unicode>
                    </TextEquiv>
                    <TextStyle fontFamily="Times New Roman" fontSize="11.0"/>
                </Word>
                <TextEquiv>
                    <Unicode>ALAIN, GEORGETTE,</Unicode>
                </TextEquiv>
                <TextStyle fontFamily="Times New Roman" fontSize="11.0"/>
            </TextLine>
            <TextLine id="tl_10" primaryLanguage="English" custom="readingOrder {index:1;}">
                <Coords points="1103,2379 2522,2379 2522,2551 1103,2551"/>
                <Baseline points="1103,2517 2520,2543"/>
                <Word id="w_w2aab1b3b2c13b3ab1" language="English" custom="readingOrder {index:0;}">
                    <Coords points="1103,2382 2520,2382 2520,2543 1103,2543"/>
                    <TextEquiv>
                        <Unicode>ARNOLPHE.</Unicode>
                    </TextEquiv>
                    <TextStyle fontFamily="Times New Roman" fontSize="11.0"/>
                </Word>
                <TextEquiv>
                    <Unicode>ARNOLPHE.</Unicode>
                </TextEquiv>
                <TextStyle fontFamily="Times New Roman" fontSize="11.0"/>
            </TextLine>
            <TextEquiv>
                <Unicode>ALAIN, GEORGETTE,
ARNOLPHE.</Unicode>
            </TextEquiv>
        </TextRegion>
        <TextRegion type="paragraph" id="r_2_8" custom="readingOrder {index:7;}">
            <Coords points="212,2598 2173,2598 2173,2925 212,2925"/>
            <TextLine id="line_1549364650136_1336" custom="readingOrder {index:0;}">
                <Coords points="1449,2639 2173,2648 2171,2772 1447,2763"/>
                <Baseline points="1447,2758 2171,2767"/>
                <TextEquiv>
                    <Unicode>ALAIN.</Unicode>
                </TextEquiv>
            </TextLine>
            <TextEquiv>
                <Unicode>ALAIN.</Unicode>
            </TextEquiv>
        </TextRegion>
        <TextRegion type="paragraph" id="r_2_9" custom="readingOrder {index:8;}">
            <Coords points="491,2775 2079,2775 2079,2934 491,2934"/>
            <TextLine id="tl_12" primaryLanguage="English" custom="readingOrder {index:0;}">
                <Coords points="492,2776 2078,2776 2078,2933 492,2933"/>
                <Baseline points="214,2890 492,2894 653,2896 1314,2911 1672,2920 1948,2929 2076,2933"/>
                <Word id="w_w2aab1b3b2c17b1ab1" language="English" custom="readingOrder {index:0;}">
                    <Coords points="492,2777 653,2777 653,2896 492,2896"/>
                    <TextEquiv>
                        <Unicode>Hi</Unicode>
                    </TextEquiv>
                    <TextStyle fontFamily="Times New Roman" fontSize="8.5"/>
                </Word>
                <Word id="w_w2aab1b3b2c17b1ab7" language="English" custom="readingOrder {index:1;}">
                    <Coords points="698,2785 1314,2785 1314,2917 698,2917"/>
                    <TextEquiv>
                        <Unicode>Monfîeur.</Unicode>
                    </TextEquiv>
                    <TextStyle fontFamily="Times New Roman" fontSize="8.5"/>
                </Word>
                <Word id="w_w2aab1b3b2c17b1ac27" language="English" custom="readingOrder {index:2;}">
                    <Coords points="1374,2842 1672,2842 1672,2924 1374,2924"/>
                    <TextEquiv>
                        <Unicode>cette</Unicode>
                    </TextEquiv>
                    <TextStyle fontFamily="Times New Roman" fontSize="8.5"/>
                </Word>
                <Word id="w_w2aab1b3b2c17b1ac39" language="English" custom="readingOrder {index:3;}">
                    <Coords points="1718,2803 1948,2803 1948,2929 1718,2929"/>
                    <TextEquiv>
                        <Unicode>fois</Unicode>
                    </TextEquiv>
                    <TextStyle fontFamily="Times New Roman" fontSize="8.5"/>
                </Word>
                <Word id="w_w2aab1b3b2c17b1ac49" language="English" custom="readingOrder {index:4;}">
                    <Coords points="2002,2902 2076,2902 2076,2933 2002,2933"/>
                    <TextEquiv>
                        <Unicode>..</Unicode>
                    </TextEquiv>
                    <TextStyle fontFamily="Times New Roman" fontSize="8.5"/>
                </Word>
                <TextEquiv>
                    <Unicode>AH! Monſieur, cette fois..</Unicode>
                </TextEquiv>
                <TextStyle fontFamily="Times New Roman" fontSize="8.5"/>
            </TextLine>
            <TextEquiv>
                <Unicode>AH! Monſieur, cette fois..</Unicode>
            </TextEquiv>
        </TextRegion>
        <TextRegion type="paragraph" id="r_2_10" custom="readingOrder {index:9;}">
            <Coords points="1207,2966 2431,2966 2431,3121 1207,3121"/>
            <TextLine id="tl_13" primaryLanguage="English" custom="readingOrder {index:0;}">
                <Coords points="1208,2967 2430,2967 2430,3120 1208,3120"/>
                <Baseline points="1208,3083 2428,3106"/>
                <Word id="w_w2aab1b3b2c19b1ab1" language="English" custom="readingOrder {index:0;}">
                    <Coords points="1208,2975 2428,2975 2428,3106 1208,3106"/>
                    <TextEquiv>
                        <Unicode>ARNOLPHE.</Unicode>
                    </TextEquiv>
                    <TextStyle fontFamily="Times New Roman" fontSize="9.0" bold="true"/>
                </Word>
                <TextEquiv>
                    <Unicode>ARNOLPHE.</Unicode>
                </TextEquiv>
                <TextStyle fontFamily="Times New Roman" fontSize="9.0" bold="true"/>
            </TextLine>
            <TextEquiv>
                <Unicode>ARNOLPHE.</Unicode>
            </TextEquiv>
        </TextRegion>
        <TextRegion type="paragraph" id="r_2_11" custom="readingOrder {index:10;}">
            <Coords points="197,3132 3141,3132 3141,3608 197,3608"/>
            <TextLine id="tl_14" primaryLanguage="English" custom="readingOrder {index:0;}">
                <Coords points="1425,3133 3140,3133 3140,3330 1425,3330"/>
                <Baseline points="1426,3249 1734,3244 2239,3215 2427,3268 2735,3278 3081,3289 3139,3292"/>
                <Word id="w_w2aab1b3b2c21b1ab1" language="English" custom="readingOrder {index:0;}">
                    <Coords points="1426,3138 1734,3138 1734,3255 1426,3255"/>
                    <TextEquiv>
                        <Unicode>Paix.</Unicode>
                    </TextEquiv>
                    <TextStyle fontFamily="Times New Roman" fontSize="8.5"/>
                </Word>
                <Word id="w_w2aab1b3b2c21b1ac13" language="English" custom="readingOrder {index:1;}">
                    <Coords points="1802,3150 2239,3150 2239,3268 1802,3268"/>
                    <TextEquiv>
                        <Unicode>Venez-</Unicode>
                    </TextEquiv>
                    <TextStyle fontFamily="Times New Roman" fontSize="8.5"/>
                </Word>
                <Word id="w_w2aab1b3b2c21b1ac27" language="English" custom="readingOrder {index:2;}">
                    <Coords points="2288,3150 2427,3150 2427,3316 2288,3316"/>
                    <TextEquiv>
                        <Unicode>çà</Unicode>
                    </TextEquiv>
                    <TextStyle fontFamily="Times New Roman" fontSize="8.5"/>
                </Word>
                <Word id="w_w2aab1b3b2c21b1ac33" language="English" custom="readingOrder {index:3;}">
                    <Coords points="2474,3193 2735,3193 2735,3278 2474,3278"/>
                    <TextEquiv>
                        <Unicode>tous</Unicode>
                    </TextEquiv>
                    <TextStyle fontFamily="Times New Roman" fontSize="8.5"/>
                </Word>
                <Word id="w_w2aab1b3b2c21b1ac43" language="English" custom="readingOrder {index:4;}">
                    <Coords points="2784,3160 3081,3160 3081,3289 2784,3289"/>
                    <TextEquiv>
                        <Unicode>deux</Unicode>
                    </TextEquiv>
                    <TextStyle fontFamily="Times New Roman" fontSize="8.5"/>
                </Word>
                <Word id="w_w2aab1b3b2c21b1ac53" language="English" custom="readingOrder {index:5;}">
                    <Coords points="3098,3213 3139,3213 3139,3292 3098,3292"/>
                    <TextEquiv>
                        <Unicode>s</Unicode>
                    </TextEquiv>
                    <TextStyle fontFamily="Times New Roman" fontSize="8.5"/>
                </Word>
                <TextEquiv>
                    <Unicode>Paix. Venez-çà tous deux:</Unicode>
                </TextEquiv>
                <TextStyle fontFamily="Times New Roman" fontSize="8.5"/>
            </TextLine>
            <TextLine id="tl_15" primaryLanguage="English" custom="readingOrder {index:1;}">
                <Coords points="198,3248 3035,3248 3035,3491 198,3491"/>
                <Baseline points="200,3369 819,3416 1437,3420 2163,3449 2587,3440 3033,3450"/>
                <Word id="w_w2aab1b3b2c21b3ab1" language="English" custom="readingOrder {index:0;}">
                    <Coords points="200,3250 819,3250 819,3416 200,3416"/>
                    <TextEquiv>
                        <Unicode>PaflTez-là,</Unicode>
                    </TextEquiv>
                    <TextStyle fontFamily="Times New Roman" fontSize="8.5"/>
                </Word>
                <Word id="w_w2aab1b3b2c21b3ac25" language="English" custom="readingOrder {index:1;}">
                    <Coords points="864,3281 1437,3281 1437,3445 864,3445"/>
                    <TextEquiv>
                        <Unicode>paffez-Ià.</Unicode>
                    </TextEquiv>
                    <TextStyle fontFamily="Times New Roman" fontSize="8.5"/>
                </Word>
                <Word id="w_w2aab1b3b2c21b3ac47" language="English" custom="readingOrder {index:2;}">
                    <Coords points="1519,3305 2163,3305 2163,3449 1519,3449"/>
                    <TextEquiv>
                        <Unicode>Venez-là,</Unicode>
                    </TextEquiv>
                    <TextStyle fontFamily="Times New Roman" fontSize="8.5"/>
                </Word>
                <Word id="w_w2aab1b3b2c21b3ac67" language="English" custom="readingOrder {index:3;}">
                    <Coords points="2225,3360 2587,3360 2587,3440 2225,3440"/>
                    <TextEquiv>
                        <Unicode>venez</Unicode>
                    </TextEquiv>
                    <TextStyle fontFamily="Times New Roman" fontSize="8.5"/>
                </Word>
                <Word id="w_w2aab1b3b2c21b3ac79" language="English" custom="readingOrder {index:4;}">
                    <Coords points="2623,3323 3033,3323 3033,3489 2623,3489"/>
                    <TextEquiv>
                        <Unicode>dis-je.</Unicode>
                    </TextEquiv>
                    <TextStyle fontFamily="Times New Roman" fontSize="8.5"/>
                </Word>
                <TextEquiv>
                    <Unicode>Paſſez-là, paſſez-là. Venez-là, venez dis-je.</Unicode>
                </TextEquiv>
                <TextStyle fontFamily="Times New Roman" fontSize="8.5"/>
            </TextLine>
            <TextLine id="tl_16" primaryLanguage="English" custom="readingOrder {index:2;}">
                <Coords points="1131,3459 2498,3459 2498,3607 1131,3607"/>
                <Baseline points="1131,3577 2497,3553"/>
                <Word id="w_w2aab1b3b2c21b5ab1" language="English" custom="readingOrder {index:0;}">
                    <Coords points="1131,3467 2497,3467 2497,3607 1131,3607"/>
                    <TextEquiv>
                        <Unicode>GEORGETTE*</Unicode>
                    </TextEquiv>
                    <TextStyle fontFamily="Times New Roman" fontSize="8.5"/>
                </Word>
                <TextEquiv>
                    <Unicode>GEORGETTE.</Unicode>
                </TextEquiv>
                <TextStyle fontFamily="Times New Roman" fontSize="8.5"/>
            </TextLine>
            <TextEquiv>
                <Unicode>Paix. Venez-çà tous deux:
Paſſez-là, paſſez-là. Venez-là, venez dis-je.
GEORGETTE.</Unicode>
            </TextEquiv>
        </TextRegion>
        <TextRegion type="paragraph" id="r_2_12" custom="readingOrder {index:11;}">
            <Coords points="195,3578 3270,3578 3270,3830 195,3830"/>
            <TextLine id="tl_17" primaryLanguage="English" custom="readingOrder {index:0;}">
                <Coords points="196,3579 3269,3579 3269,3829 196,3829"/>
                <Baseline points="198,3695 435,3706 763,3715 987,3730 1355,3740 1724,3768 1881,3750 2178,3760 2816,3816 2962,3774 3267,3781"/>
                <Word id="w_w2aab1b3b2c23b1ab1" language="English" custom="readingOrder {index:0;}">
                    <Coords points="198,3581 435,3581 435,3706 198,3706"/>
                    <TextEquiv>
                        <Unicode>Ahl</Unicode>
                    </TextEquiv>
                    <TextStyle fontFamily="Times New Roman" fontSize="8.5"/>
                </Word>
                <Word id="w_w2aab1b3b2c23b1ab9" language="English" custom="readingOrder {index:1;}">
                    <Coords points="484,3632 763,3632 763,3715 484,3715"/>
                    <TextEquiv>
                        <Unicode>vous</Unicode>
                    </TextEquiv>
                    <TextStyle fontFamily="Times New Roman" fontSize="8.5"/>
                </Word>
                <Word id="w_w2aab1b3b2c23b1ac19" language="English" custom="readingOrder {index:2;}">
                    <Coords points="796,3642 987,3642 987,3730 796,3730"/>
                    <TextEquiv>
                        <Unicode>me</Unicode>
                    </TextEquiv>
                    <TextStyle fontFamily="Times New Roman" fontSize="8.5"/>
                </Word>
                <Word id="w_w2aab1b3b2c23b1ac25" language="English" custom="readingOrder {index:3;}">
                    <Coords points="1033,3612 1355,3612 1355,3745 1033,3745"/>
                    <TextEquiv>
                        <Unicode>faites</Unicode>
                    </TextEquiv>
                    <TextStyle fontFamily="Times New Roman" fontSize="8.5"/>
                </Word>
                <Word id="w_w2aab1b3b2c23b1ac39" language="English" custom="readingOrder {index:4;}">
                    <Coords points="1399,3666 1724,3666 1724,3787 1399,3787"/>
                    <TextEquiv>
                        <Unicode>peur,</Unicode>
                    </TextEquiv>
                    <TextStyle fontFamily="Times New Roman" fontSize="8.5"/>
                </Word>
                <Word id="w_w2aab1b3b2c23b1ac51" language="English" custom="readingOrder {index:5;}">
                    <Coords points="1771,3647 1881,3647 1881,3750 1771,3750"/>
                    <TextEquiv>
                        <Unicode>&amp;</Unicode>
                    </TextEquiv>
                    <TextStyle fontFamily="Times New Roman" fontSize="8.5"/>
                </Word>
                <Word id="w_w2aab1b3b2c23b1ac55" language="English" custom="readingOrder {index:6;}">
                    <Coords points="1921,3675 2178,3675 2178,3760 1921,3760"/>
                    <TextEquiv>
                        <Unicode>tout</Unicode>
                    </TextEquiv>
                    <TextStyle fontFamily="Times New Roman" fontSize="8.5"/>
                </Word>
                <Word id="w_w2aab1b3b2c23b1ac65" language="English" custom="readingOrder {index:7;}">
                    <Coords points="2223,3645 2816,3645 2816,3816 2223,3816"/>
                    <TextEquiv>
                        <Unicode>monfang</Unicode>
                    </TextEquiv>
                    <TextStyle fontFamily="Times New Roman" fontSize="8.5"/>
                </Word>
                <Word id="w_w2aab1b3b2c23b1ac81" language="English" custom="readingOrder {index:8;}">
                    <Coords points="2851,3651 2962,3651 2962,3774 2851,3774"/>
                    <TextEquiv>
                        <Unicode>fe</Unicode>
                    </TextEquiv>
                    <TextStyle fontFamily="Times New Roman" fontSize="8.5"/>
                </Word>
                <Word id="w_w2aab1b3b2c23b1ac87" language="English" custom="readingOrder {index:9;}">
                    <Coords points="2999,3656 3267,3656 3267,3827 2999,3827"/>
                    <TextEquiv>
                        <Unicode>fige.</Unicode>
                    </TextEquiv>
                    <TextStyle fontFamily="Times New Roman" fontSize="8.5"/>
                </Word>
                <TextEquiv>
                    <Unicode>Ah! vous me faites peur, &amp; tout mon ſang ſe fige.</Unicode>
                </TextEquiv>
                <TextStyle fontFamily="Times New Roman" fontSize="8.5"/>
            </TextLine>
            <TextEquiv>
                <Unicode>Ah! vous me faites peur, &amp; tout mon ſang ſe fige.</Unicode>
            </TextEquiv>
        </TextRegion>
        <TextRegion type="paragraph" id="r_2_13" custom="readingOrder {index:12;}">
            <Coords points="1173,3792 2408,3792 2408,3939 1173,3939"/>
            <TextLine id="tl_18" primaryLanguage="English" custom="readingOrder {index:0;}">
                <Coords points="1174,3793 2407,3793 2407,3938 1174,3938"/>
                <Baseline points="1174,3904 1263,3904 1417,3920 1585,3912 1763,3917 1919,3913 2043,3916 2221,3934 2406,3930"/>
                <Word id="w_w2aab1b3b2c25b1ab1" language="English" custom="readingOrder {index:0;}">
                    <Coords points="1174,3800 1263,3800 1263,3904 1174,3904"/>
                    <TextEquiv>
                        <Unicode>A</Unicode>
                    </TextEquiv>
                    <TextStyle fontFamily="Times New Roman" fontSize="8.5"/>
                </Word>
                <Word id="w_w2aab1b3b2c25b1ab5" language="English" custom="readingOrder {index:1;}">
                    <Coords points="1314,3803 1417,3803 1417,3920 1314,3920"/>
                    <TextEquiv>
                        <Unicode>R</Unicode>
                    </TextEquiv>
                    <TextStyle fontFamily="Times New Roman" fontSize="8.5"/>
                </Word>
                <Word id="w_w2aab1b3b2c25b1ab9" language="English" custom="readingOrder {index:2;}">
                    <Coords points="1476,3801 1585,3801 1585,3912 1476,3912"/>
                    <TextEquiv>
                        <Unicode>N</Unicode>
                    </TextEquiv>
                    <TextStyle fontFamily="Times New Roman" fontSize="8.5"/>
                </Word>
                <Word id="w_w2aab1b3b2c25b1ac13" language="English" custom="readingOrder {index:3;}">
                    <Coords points="1646,3804 1763,3804 1763,3917 1646,3917"/>
                    <TextEquiv>
                        <Unicode>O</Unicode>
                    </TextEquiv>
                    <TextStyle fontFamily="Times New Roman" fontSize="8.5"/>
                </Word>
                <Word id="w_w2aab1b3b2c25b1ac17" language="English" custom="readingOrder {index:4;}">
                    <Coords points="1836,3805 1919,3805 1919,3913 1836,3913"/>
                    <TextEquiv>
                        <Unicode>L</Unicode>
                    </TextEquiv>
                    <TextStyle fontFamily="Times New Roman" fontSize="8.5"/>
                </Word>
                <Word id="w_w2aab1b3b2c25b1ac21" language="English" custom="readingOrder {index:5;}">
                    <Coords points="1966,3808 2043,3808 2043,3916 1966,3916"/>
                    <TextEquiv>
                        <Unicode>P</Unicode>
                    </TextEquiv>
                    <TextStyle fontFamily="Times New Roman" fontSize="8.5"/>
                </Word>
                <Word id="w_w2aab1b3b2c25b1ac25" language="English" custom="readingOrder {index:6;}">
                    <Coords points="2094,3813 2221,3813 2221,3934 2094,3934"/>
                    <TextEquiv>
                        <Unicode>H</Unicode>
                    </TextEquiv>
                    <TextStyle fontFamily="Times New Roman" fontSize="8.5"/>
                </Word>
                <Word id="w_w2aab1b3b2c25b1ac29" language="English" custom="readingOrder {index:7;}">
                    <Coords points="2282,3813 2406,3813 2406,3930 2282,3930"/>
                    <TextEquiv>
                        <Unicode>E.</Unicode>
                    </TextEquiv>
                    <TextStyle fontFamily="Times New Roman" fontSize="8.5"/>
                </Word>
                <TextEquiv>
                    <Unicode>ARNOLPHE.</Unicode>
                </TextEquiv>
                <TextStyle fontFamily="Times New Roman" fontSize="8.5"/>
            </TextLine>
            <TextEquiv>
                <Unicode>ARNOLPHE.</Unicode>
            </TextEquiv>
        </TextRegion>
        <TextRegion type="paragraph" id="r_2_14" custom="readingOrder {index:13;}">
            <Coords points="195,3907 3108,3907 3108,4148 195,4148"/>
            <TextLine id="tl_19" primaryLanguage="English" custom="readingOrder {index:0;}">
                <Coords points="196,3908 3107,3908 3107,4147 196,4147"/>
                <Baseline points="197,4025 502,4031 839,4045 1205,4086 1401,4068 1877,4098 2220,4087 2716,4097 3105,4119"/>
                <Word id="w_w2aab1b3b2c27b1ab1" language="English" custom="readingOrder {index:0;}">
                    <Coords points="197,3908 502,3908 502,4031 197,4031"/>
                    <TextEquiv>
                        <Unicode>C’eft</Unicode>
                    </TextEquiv>
                    <TextStyle fontFamily="Times New Roman" fontSize="8.5"/>
                </Word>
                <Word id="w_w2aab1b3b2c27b1ac13" language="English" custom="readingOrder {index:1;}">
                    <Coords points="545,3918 839,3918 839,4045 545,4045"/>
                    <TextEquiv>
                        <Unicode>donc</Unicode>
                    </TextEquiv>
                    <TextStyle fontFamily="Times New Roman" fontSize="8.5"/>
                </Word>
                <Word id="w_w2aab1b3b2c27b1ac23" language="English" custom="readingOrder {index:2;}">
                    <Coords points="883,3938 1205,3938 1205,4086 883,4086"/>
                    <TextEquiv>
                        <Unicode>ainfi,</Unicode>
                    </TextEquiv>
                    <TextStyle fontFamily="Times New Roman" fontSize="8.5"/>
                </Word>
                <Word id="w_w2aab1b3b2c27b1ac37" language="English" custom="readingOrder {index:3;}">
                    <Coords points="1246,3994 1401,3994 1401,4115 1246,4115"/>
                    <TextEquiv>
                        <Unicode>qu</Unicode>
                    </TextEquiv>
                    <TextStyle fontFamily="Times New Roman" fontSize="8.5"/>
                </Word>
                <Word id="w_w2aab1b3b2c27b1ac43" language="English" custom="readingOrder {index:4;}">
                    <Coords points="1440,3954 1877,3954 1877,4098 1440,4098"/>
                    <TextEquiv>
                        <Unicode>abfcnt,</Unicode>
                    </TextEquiv>
                    <TextStyle fontFamily="Times New Roman" fontSize="8.5"/>
                </Word>
                <Word id="w_w2aab1b3b2c27b1ac59" language="English" custom="readingOrder {index:5;}">
                    <Coords points="1926,4009 2220,4009 2220,4087 1926,4087"/>
                    <TextEquiv>
                        <Unicode>vous</Unicode>
                    </TextEquiv>
                    <TextStyle fontFamily="Times New Roman" fontSize="8.5"/>
                </Word>
                <Word id="w_w2aab1b3b2c27b1ac69" language="English" custom="readingOrder {index:6;}">
                    <Coords points="2262,3980 2716,3980 2716,4098 2262,4098"/>
                    <TextEquiv>
                        <Unicode>m’auez</Unicode>
                    </TextEquiv>
                    <TextStyle fontFamily="Times New Roman" fontSize="8.5"/>
                </Word>
                <Word id="w_w2aab1b3b2c27b1ac83" language="English" custom="readingOrder {index:7;}">
                    <Coords points="2760,3981 3105,3981 3105,4145 2760,4145"/>
                    <TextEquiv>
                        <Unicode>obey,</Unicode>
                    </TextEquiv>
                    <TextStyle fontFamily="Times New Roman" fontSize="8.5"/>
                </Word>
                <TextEquiv>
                    <Unicode>C’eſt donc ainſi, qu'abſent, vous m’auez obey,</Unicode>
                </TextEquiv>
                <TextStyle fontFamily="Times New Roman" fontSize="8.5"/>
            </TextLine>
            <TextEquiv>
                <Unicode>C’eſt donc ainſi, qu'abſent, vous m’auez obey,</Unicode>
            </TextEquiv>
        </TextRegion>
        <TextRegion type="paragraph" id="r_2_15" custom="readingOrder {index:14;}">
            <Coords points="183,4067 3337,4067 3337,4434 183,4434"/>
            <TextLine id="tl_20" primaryLanguage="English" custom="readingOrder {index:0;}">
                <Coords points="184,4068 3336,4068 3336,4313 184,4313"/>
                <Baseline points="185,4187 325,4188 619,4202 991,4240 1176,4226 1719,4264 2054,4249 2544,4255 2896,4265 3335,4267"/>
                <Word id="w_w2aab1b3b2c29b1ab1" language="English" custom="readingOrder {index:0;}">
                    <Coords points="185,4068 325,4068 325,4188 185,4188"/>
                    <TextEquiv>
                        <Unicode>Et</Unicode>
                    </TextEquiv>
                    <TextStyle fontFamily="Times New Roman" fontSize="8.5"/>
                </Word>
                <Word id="w_w2aab1b3b2c29b1ab7" language="English" custom="readingOrder {index:1;}">
                    <Coords points="369,4113 619,4113 619,4202 369,4202"/>
                    <TextEquiv>
                        <Unicode>tous</Unicode>
                    </TextEquiv>
                    <TextStyle fontFamily="Times New Roman" fontSize="8.5"/>
                </Word>
                <Word id="w_w2aab1b3b2c29b1ac17" language="English" custom="readingOrder {index:2;}">
                    <Coords points="661,4089 991,4089 991,4240 661,4240"/>
                    <TextEquiv>
                        <Unicode>deux,</Unicode>
                    </TextEquiv>
                    <TextStyle fontFamily="Times New Roman" fontSize="8.5"/>
                </Word>
                <Word id="w_w2aab1b3b2c29b1ac29" language="English" custom="readingOrder {index:3;}">
                    <Coords points="1037,4108 1176,4108 1176,4226 1037,4226"/>
                    <TextEquiv>
                        <Unicode>de</Unicode>
                    </TextEquiv>
                    <TextStyle fontFamily="Times New Roman" fontSize="8.5"/>
                </Word>
                <Word id="w_w2aab1b3b2c29b1ac35" language="English" custom="readingOrder {index:4;}">
                    <Coords points="1216,4155 1719,4155 1719,4264 1216,4264"/>
                    <TextEquiv>
                        <Unicode>concert,</Unicode>
                    </TextEquiv>
                    <TextStyle fontFamily="Times New Roman" fontSize="8.5"/>
                </Word>
                <Word id="w_w2aab1b3b2c29b1ac53" language="English" custom="readingOrder {index:5;}">
                    <Coords points="1768,4169 2054,4169 2054,4249 1768,4249"/>
                    <TextEquiv>
                        <Unicode>vous</Unicode>
                    </TextEquiv>
                    <TextStyle fontFamily="Times New Roman" fontSize="8.5"/>
                </Word>
                <Word id="w_w2aab1b3b2c29b1ac63" language="English" custom="readingOrder {index:6;}">
                    <Coords points="2094,4157 2544,4157 2544,4255 2094,4255"/>
                    <TextEquiv>
                        <Unicode>m’auez</Unicode>
                    </TextEquiv>
                    <TextStyle fontFamily="Times New Roman" fontSize="8.5"/>
                </Word>
                <Word id="w_w2aab1b3b2c29b1ac77" language="English" custom="readingOrder {index:7;}">
                    <Coords points="2588,4140 2896,4140 2896,4272 2588,4272"/>
                    <TextEquiv>
                        <Unicode>donc</Unicode>
                    </TextEquiv>
                    <TextStyle fontFamily="Times New Roman" fontSize="8.5"/>
                </Word>
                <Word id="w_w2aab1b3b2c29b1ac87" language="English" custom="readingOrder {index:8;}">
                    <Coords points="2940,4146 3335,4146 3335,4312 2940,4312"/>
                    <TextEquiv>
                        <Unicode>trahy?</Unicode>
                    </TextEquiv>
                    <TextStyle fontFamily="Times New Roman" fontSize="8.5"/>
                </Word>
                <TextEquiv>
                    <Unicode>Et tous deux, de concert, vous m’auez donc trahy?</Unicode>
                </TextEquiv>
                <TextStyle fontFamily="Times New Roman" fontSize="8.5"/>
            </TextLine>
            <TextLine id="tl_21" primaryLanguage="English" custom="readingOrder {index:1;}">
                <Coords points="1079,4281 2464,4281 2464,4433 1079,4433"/>
                <Baseline points="1079,4410 2463,4415"/>
                <Word id="w_w2aab1b3b2c29b3ab1" language="English" custom="readingOrder {index:0;}">
                    <Coords points="1079,4283 2463,4283 2463,4421 1079,4421"/>
                    <TextEquiv>
                        <Unicode>GEORGETTE.</Unicode>
                    </TextEquiv>
                    <TextStyle fontFamily="Times New Roman" fontSize="8.5"/>
                </Word>
                <TextEquiv>
                    <Unicode>GEORGETTE.</Unicode>
                </TextEquiv>
                <TextStyle fontFamily="Times New Roman" fontSize="8.5"/>
            </TextLine>
            <TextEquiv>
                <Unicode>Et tous deux, de concert, vous m’auez donc trahy?
GEORGETTE.</Unicode>
            </TextEquiv>
        </TextRegion>
        <TextRegion type="paragraph" id="r_2_16" custom="readingOrder {index:15;}">
            <Coords points="176,4388 3308,4388 3308,4789 176,4789"/>
            <TextLine id="tl_22" primaryLanguage="English" custom="readingOrder {index:0;}">
                <Coords points="177,4389 3307,4389 3307,4642 177,4642"/>
                <Baseline points="178,4511 353,4513 528,4521 748,4531 1282,4559 1558,4588 2242,4602 2420,4582 2750,4592 3305,4607"/>
                <Word id="w_w2aab1b3b2c31b1ab1" language="English" custom="readingOrder {index:0;}">
                    <Coords points="178,4391 353,4391 353,4513 178,4513"/>
                    <TextEquiv>
                        <Unicode>Eh</Unicode>
                    </TextEquiv>
                    <TextStyle fontFamily="Times New Roman" fontSize="8.5"/>
                </Word>
                <Word id="w_w2aab1b3b2c31b1ab7" language="English" custom="readingOrder {index:1;}">
                    <Coords points="388,4442 528,4442 528,4521 388,4521"/>
                    <TextEquiv>
                        <Unicode>ne</Unicode>
                    </TextEquiv>
                    <TextStyle fontFamily="Times New Roman" fontSize="8.5"/>
                </Word>
                <Word id="w_w2aab1b3b2c31b1ac13" language="English" custom="readingOrder {index:2;}">
                    <Coords points="566,4446 748,4446 748,4531 566,4531"/>
                    <TextEquiv>
                        <Unicode>me</Unicode>
                    </TextEquiv>
                    <TextStyle fontFamily="Times New Roman" fontSize="8.5"/>
                </Word>
                <Word id="w_w2aab1b3b2c31b1ac19" language="English" custom="readingOrder {index:3;}">
                    <Coords points="794,4460 1282,4460 1282,4601 794,4601"/>
                    <TextEquiv>
                        <Unicode>mangez</Unicode>
                    </TextEquiv>
                    <TextStyle fontFamily="Times New Roman" fontSize="8.5"/>
                </Word>
                <Word id="w_w2aab1b3b2c31b1ac33" language="English" custom="readingOrder {index:4;}">
                    <Coords points="1323,4486 1558,4486 1558,4608 1323,4608"/>
                    <TextEquiv>
                        <Unicode>pas,</Unicode>
                    </TextEquiv>
                    <TextStyle fontFamily="Times New Roman" fontSize="8.5"/>
                </Word>
                <Word id="w_w2aab1b3b2c31b1ac43" language="English" custom="readingOrder {index:5;}">
                    <Coords points="1607,4450 2242,4450 2242,4602 1607,4602"/>
                    <TextEquiv>
                        <Unicode>Monfîeur,</Unicode>
                    </TextEquiv>
                    <TextStyle fontFamily="Times New Roman" fontSize="8.5"/>
                </Word>
                <Word id="w_w2aab1b3b2c31b1ac63" language="English" custom="readingOrder {index:6;}">
                    <Coords points="2313,4469 2420,4469 2420,4582 2313,4582"/>
                    <TextEquiv>
                        <Unicode>ie</Unicode>
                    </TextEquiv>
                    <TextStyle fontFamily="Times New Roman" fontSize="8.5"/>
                </Word>
                <Word id="w_w2aab1b3b2c31b1ac69" language="English" custom="readingOrder {index:7;}">
                    <Coords points="2459,4509 2750,4509 2750,4592 2459,4592"/>
                    <TextEquiv>
                        <Unicode>vous</Unicode>
                    </TextEquiv>
                    <TextStyle fontFamily="Times New Roman" fontSize="8.5"/>
                </Word>
                <Word id="w_w2aab1b3b2c31b1ac79" language="English" custom="readingOrder {index:8;}">
                    <Coords points="2787,4476 3305,4476 3305,4634 2787,4634"/>
                    <TextEquiv>
                        <Unicode>conjure,</Unicode>
                    </TextEquiv>
                    <TextStyle fontFamily="Times New Roman" fontSize="8.5"/>
                </Word>
                <TextEquiv>
                    <Unicode>Eh ne me mangez pas, Monſieur, ie vous conjure.</Unicode>
                </TextEquiv>
                <TextStyle fontFamily="Times New Roman" fontSize="8.5"/>
            </TextLine>
            <TextLine id="tl_23" primaryLanguage="English" custom="readingOrder {index:1;}">
                <Coords points="1271,4611 2401,4611 2401,4788 1271,4788"/>
                <Baseline points="1272,4725 1368,4725 2245,4750 2400,4748"/>
                <Word id="w_w2aab1b3b2c31b3ab1" language="English" custom="readingOrder {index:0;}">
                    <Coords points="1272,4619 1948,4619 1948,4744 1272,4744"/>
                    <TextEquiv>
                        <Unicode>ALAIN</Unicode>
                    </TextEquiv>
                    <TextStyle fontFamily="Times New Roman" fontSize="8.0" bold="true"/>
                </Word>
                <Word id="w_w2aab1b3b2c31b3b1b1" language="English" custom="readingOrder {index:1;}">
                    <Coords points="2013,4624 2364,4624 2364,4784 2013,4784"/>
                    <TextEquiv>
                        <Unicode>àpart</Unicode>
                    </TextEquiv>
                    <TextStyle fontFamily="Times New Roman" fontSize="9.0" italic="true"/>
                </Word>
                <Word id="w_w2aab1b3b2c31b3b2b1" language="English" custom="readingOrder {index:2;}">
                    <Coords points="2375,4719 2400,4719 2400,4748 2375,4748"/>
                    <TextEquiv>
                        <Unicode>.</Unicode>
                    </TextEquiv>
                    <TextStyle fontFamily="Times New Roman" fontSize="8.0" bold="true"/>
                </Word>
                <TextEquiv>
                    <Unicode>ALAIN à part.</Unicode>
                </TextEquiv>
            </TextLine>
            <TextEquiv>
                <Unicode>Eh ne me mangez pas, Monſieur, ie vous conjure.
ALAIN à part.</Unicode>
            </TextEquiv>
        </TextRegion>
        <TextRegion type="paragraph" id="r_2_17" custom="readingOrder {index:16;}">
            <Coords points="168,4721 3133,4721 3133,4965 168,4965"/>
            <TextLine id="tl_24" primaryLanguage="English" custom="readingOrder {index:0;}">
                <Coords points="169,4722 3132,4722 3132,4964 169,4964"/>
                <Baseline points="170,4867 695,4859 1125,4877 1578,4896 1797,4902 2292,4931 2455,4911 3130,4921"/>
                <Word id="w_w2aab1b3b2c33b1ab1" language="English" custom="readingOrder {index:0;}">
                    <Coords points="170,4722 695,4722 695,4900 170,4900"/>
                    <TextEquiv>
                        <Unicode>Quelque</Unicode>
                    </TextEquiv>
                    <TextStyle fontFamily="Times New Roman" fontSize="8.5"/>
                </Word>
                <Word id="w_w2aab1b3b2c33b1ac17" language="English" custom="readingOrder {index:1;}">
                    <Coords points="742,4750 1125,4750 1125,4877 742,4877"/>
                    <TextEquiv>
                        <Unicode>Chien</Unicode>
                    </TextEquiv>
                    <TextStyle fontFamily="Times New Roman" fontSize="8.5"/>
                </Word>
                <Word id="w_w2aab1b3b2c33b1ac29" language="English" custom="readingOrder {index:2;}">
                    <Coords points="1164,4785 1578,4785 1578,4935 1164,4935"/>
                    <TextEquiv>
                        <Unicode>enragé</Unicode>
                    </TextEquiv>
                    <TextStyle fontFamily="Times New Roman" fontSize="8.5"/>
                </Word>
                <Word id="w_w2aab1b3b2c33b1ac43" language="English" custom="readingOrder {index:3;}">
                    <Coords points="1638,4784 1797,4784 1797,4902 1638,4902"/>
                    <TextEquiv>
                        <Unicode>Ta</Unicode>
                    </TextEquiv>
                    <TextStyle fontFamily="Times New Roman" fontSize="8.5"/>
                </Word>
                <Word id="w_w2aab1b3b2c33b1ac49" language="English" custom="readingOrder {index:4;}">
                    <Coords points="1834,4791 2292,4791 2292,4931 1834,4931"/>
                    <TextEquiv>
                        <Unicode>mordu,</Unicode>
                    </TextEquiv>
                    <TextStyle fontFamily="Times New Roman" fontSize="8.5"/>
                </Word>
                <Word id="w_w2aab1b3b2c33b1ac63" language="English" custom="readingOrder {index:5;}">
                    <Coords points="2345,4798 2455,4798 2455,4912 2345,4912"/>
                    <TextEquiv>
                        <Unicode>ie</Unicode>
                    </TextEquiv>
                    <TextStyle fontFamily="Times New Roman" fontSize="8.5"/>
                </Word>
                <Word id="w_w2aab1b3b2c33b1ac69" language="English" custom="readingOrder {index:6;}">
                    <Coords points="2501,4792 3130,4792 3130,4921 2501,4921"/>
                    <TextEquiv>
                        <Unicode>m’affeure.</Unicode>
                    </TextEquiv>
                    <TextStyle fontFamily="Times New Roman" fontSize="8.5"/>
                </Word>
                <TextEquiv>
                    <Unicode>Quelque Chien enragé l'a mordu, ie m’aſſeure.</Unicode>
                </TextEquiv>
                <TextStyle fontFamily="Times New Roman" fontSize="8.5"/>
            </TextLine>
            <TextEquiv>
                <Unicode>Quelque Chien enragé l'a mordu, ie m’aſſeure.</Unicode>
            </TextEquiv>
        </TextRegion>
        <TextRegion type="paragraph" id="r_2_18" custom="readingOrder {index:17;}">
            <Coords points="1150,4939 2385,4939 2385,5078 1150,5078"/>
            <TextLine id="tl_25" primaryLanguage="English" custom="readingOrder {index:0;}">
                <Coords points="1151,4940 2384,4940 2384,5077 1151,5077"/>
                <Baseline points="1151,5048 1244,5048 1408,5058 1572,5060 1740,5065 1897,5065 2030,5068 2207,5072 2382,5072"/>
                <Word id="w_w2aab1b3b2c35b1ab1" language="English" custom="readingOrder {index:0;}">
                    <Coords points="1151,4946 1244,4946 1244,5048 1151,5048"/>
                    <TextEquiv>
                        <Unicode>A</Unicode>
                    </TextEquiv>
                    <TextStyle fontFamily="Times New Roman" fontSize="8.5"/>
                </Word>
                <Word id="w_w2aab1b3b2c35b1ab5" language="English" custom="readingOrder {index:1;}">
                    <Coords points="1297,4943 1408,4943 1408,5058 1297,5058"/>
                    <TextEquiv>
                        <Unicode>R</Unicode>
                    </TextEquiv>
                    <TextStyle fontFamily="Times New Roman" fontSize="8.5"/>
                </Word>
                <Word id="w_w2aab1b3b2c35b1ab9" language="English" custom="readingOrder {index:2;}">
                    <Coords points="1457,4945 1572,4945 1572,5060 1457,5060"/>
                    <TextEquiv>
                        <Unicode>N</Unicode>
                    </TextEquiv>
                    <TextStyle fontFamily="Times New Roman" fontSize="8.5"/>
                </Word>
                <Word id="w_w2aab1b3b2c35b1ac13" language="English" custom="readingOrder {index:3;}">
                    <Coords points="1625,4954 1740,4954 1740,5065 1625,5065"/>
                    <TextEquiv>
                        <Unicode>O</Unicode>
                    </TextEquiv>
                    <TextStyle fontFamily="Times New Roman" fontSize="8.5"/>
                </Word>
                <Word id="w_w2aab1b3b2c35b1ac17" language="English" custom="readingOrder {index:4;}">
                    <Coords points="1813,4960 1897,4960 1897,5065 1813,5065"/>
                    <TextEquiv>
                        <Unicode>L</Unicode>
                    </TextEquiv>
                    <TextStyle fontFamily="Times New Roman" fontSize="8.5"/>
                </Word>
                <Word id="w_w2aab1b3b2c35b1ac21" language="English" custom="readingOrder {index:5;}">
                    <Coords points="1957,4956 2030,4956 2030,5068 1957,5068"/>
                    <TextEquiv>
                        <Unicode>P</Unicode>
                    </TextEquiv>
                    <TextStyle fontFamily="Times New Roman" fontSize="8.5"/>
                </Word>
                <Word id="w_w2aab1b3b2c35b1ac25" language="English" custom="readingOrder {index:6;}">
                    <Coords points="2085,4963 2207,4963 2207,5072 2085,5072"/>
                    <TextEquiv>
                        <Unicode>H</Unicode>
                    </TextEquiv>
                    <TextStyle fontFamily="Times New Roman" fontSize="8.5"/>
                </Word>
                <Word id="w_w2aab1b3b2c35b1ac29" language="English" custom="readingOrder {index:7;}">
                    <Coords points="2261,4960 2382,4960 2382,5072 2261,5072"/>
                    <TextEquiv>
                        <Unicode>E.</Unicode>
                    </TextEquiv>
                    <TextStyle fontFamily="Times New Roman" fontSize="8.5"/>
                </Word>
                <TextEquiv>
                    <Unicode>ARNOLPHE.</Unicode>
                </TextEquiv>
                <TextStyle fontFamily="Times New Roman" fontSize="8.5"/>
            </TextLine>
            <TextEquiv>
                <Unicode>ARNOLPHE.</Unicode>
            </TextEquiv>
        </TextRegion>
        <TextRegion type="paragraph" id="r_2_19" custom="readingOrder {index:18;}">
            <Coords points="163,5041 3122,5041 3122,5461 163,5461"/>
            <TextLine id="tl_26" primaryLanguage="English" custom="readingOrder {index:0;}">
                <Coords points="172,5042 2879,5042 2879,5290 172,5290"/>
                <Baseline points="174,5159 452,5158 658,5177 834,5188 1121,5201 1585,5238 1881,5229 2025,5230 2291,5235 2877,5264"/>
                <Word id="w_w2aab1b3b2c37b1ab1" language="English" custom="readingOrder {index:0;}">
                    <Coords points="174,5046 452,5046 452,5163 174,5163"/>
                    <TextEquiv>
                        <Unicode>Ouf.</Unicode>
                    </TextEquiv>
                    <TextStyle fontFamily="Times New Roman" fontSize="8.5"/>
                </Word>
                <Word id="w_w2aab1b3b2c37b1ac11" language="English" custom="readingOrder {index:1;}">
                    <Coords points="540,5060 658,5060 658,5177 540,5177"/>
                    <TextEquiv>
                        <Unicode>le</Unicode>
                    </TextEquiv>
                    <TextStyle fontFamily="Times New Roman" fontSize="8.5"/>
                </Word>
                <Word id="w_w2aab1b3b2c37b1ac17" language="English" custom="readingOrder {index:2;}">
                    <Coords points="693,5109 834,5109 834,5188 693,5188"/>
                    <TextEquiv>
                        <Unicode>ne</Unicode>
                    </TextEquiv>
                    <TextStyle fontFamily="Times New Roman" fontSize="8.5"/>
                </Word>
                <Word id="w_w2aab1b3b2c37b1ac23" language="English" custom="readingOrder {index:3;}">
                    <Coords points="876,5084 1121,5084 1121,5234 876,5234"/>
                    <TextEquiv>
                        <Unicode>puis</Unicode>
                    </TextEquiv>
                    <TextStyle fontFamily="Times New Roman" fontSize="8.5"/>
                </Word>
                <Word id="w_w2aab1b3b2c37b1ac33" language="English" custom="readingOrder {index:4;}">
                    <Coords points="1170,5100 1585,5100 1585,5254 1170,5254"/>
                    <TextEquiv>
                        <Unicode>parler,</Unicode>
                    </TextEquiv>
                    <TextStyle fontFamily="Times New Roman" fontSize="8.5"/>
                </Word>
                <Word id="w_w2aab1b3b2c37b1ac49" language="English" custom="readingOrder {index:5;}">
                    <Coords points="1627,5147 1881,5147 1881,5229 1627,5229"/>
                    <TextEquiv>
                        <Unicode>tant</Unicode>
                    </TextEquiv>
                    <TextStyle fontFamily="Times New Roman" fontSize="8.5"/>
                </Word>
                <Word id="w_w2aab1b3b2c37b1ac59" language="English" custom="readingOrder {index:6;}">
                    <Coords points="1921,5117 2025,5117 2025,5230 1921,5230"/>
                    <TextEquiv>
                        <Unicode>ie</Unicode>
                    </TextEquiv>
                    <TextStyle fontFamily="Times New Roman" fontSize="8.5"/>
                </Word>
                <Word id="w_w2aab1b3b2c37b1ac65" language="English" custom="readingOrder {index:7;}">
                    <Coords points="2065,5113 2291,5113 2291,5235 2065,5235"/>
                    <TextEquiv>
                        <Unicode>fuis</Unicode>
                    </TextEquiv>
                    <TextStyle fontFamily="Times New Roman" fontSize="8.5"/>
                </Word>
                <Word id="w_w2aab1b3b2c37b1ac75" language="English" custom="readingOrder {index:8;}">
                    <Coords points="2328,5121 2877,5121 2877,5282 2328,5282"/>
                    <TextEquiv>
                        <Unicode>préuenu,</Unicode>
                    </TextEquiv>
                    <TextStyle fontFamily="Times New Roman" fontSize="8.5"/>
                </Word>
                <TextEquiv>
                    <Unicode>Ouf. Ie ne puis parler, tant ie ſuis préuenu,</Unicode>
                </TextEquiv>
                <TextStyle fontFamily="Times New Roman" fontSize="8.5"/>
            </TextLine>
            <TextLine id="tl_27" primaryLanguage="English" custom="readingOrder {index:1;}">
                <Coords points="164,5203 3121,5203 3121,5460 164,5460"/>
                <Baseline points="166,5312 292,5315 868,5379 1036,5361 1634,5388 1862,5388 2408,5402 2880,5407 3119,5411"/>
                <Word id="w_w2aab1b3b2c37b3ab1" language="English" custom="readingOrder {index:0;}">
                    <Coords points="166,5208 292,5208 292,5315 166,5315"/>
                    <TextEquiv>
                        <Unicode>le</Unicode>
                    </TextEquiv>
                    <TextStyle fontFamily="Times New Roman" fontSize="8.5"/>
                </Word>
                <Word id="w_w2aab1b3b2c37b3ab7" language="English" custom="readingOrder {index:1;}">
                    <Coords points="326,5209 868,5209 868,5387 326,5387"/>
                    <TextEquiv>
                        <Unicode>suffoque,</Unicode>
                    </TextEquiv>
                    <TextStyle fontFamily="Times New Roman" fontSize="8.5"/>
                </Word>
                <Word id="w_w2aab1b3b2c37b3ac27" language="English" custom="readingOrder {index:2;}">
                    <Coords points="927,5256 1036,5256 1036,5361 927,5361"/>
                    <TextEquiv>
                        <Unicode>&amp;</Unicode>
                    </TextEquiv>
                    <TextStyle fontFamily="Times New Roman" fontSize="8.5"/>
                </Word>
                <Word id="w_w2aab1b3b2c37b3ac31" language="English" custom="readingOrder {index:3;}">
                    <Coords points="1093,5264 1634,5264 1634,5388 1093,5388"/>
                    <TextEquiv>
                        <Unicode>voudrois</Unicode>
                    </TextEquiv>
                    <TextStyle fontFamily="Times New Roman" fontSize="8.5"/>
                </Word>
                <Word id="w_w2aab1b3b2c37b3ac49" language="English" custom="readingOrder {index:4;}">
                    <Coords points="1679,5305 1862,5305 1862,5388 1679,5388"/>
                    <TextEquiv>
                        <Unicode>me</Unicode>
                    </TextEquiv>
                    <TextStyle fontFamily="Times New Roman" fontSize="8.5"/>
                </Word>
                <Word id="w_w2aab1b3b2c37b3ac55" language="English" custom="readingOrder {index:5;}">
                    <Coords points="1909,5289 2408,5289 2408,5439 1909,5439"/>
                    <TextEquiv>
                        <Unicode>pouuoir</Unicode>
                    </TextEquiv>
                    <TextStyle fontFamily="Times New Roman" fontSize="8.5"/>
                </Word>
                <Word id="w_w2aab1b3b2c37b3ac71" language="English" custom="readingOrder {index:6;}">
                    <Coords points="2461,5323 2880,5323 2880,5407 2461,5407"/>
                    <TextEquiv>
                        <Unicode>mettre</Unicode>
                    </TextEquiv>
                    <TextStyle fontFamily="Times New Roman" fontSize="8.5"/>
                </Word>
                <Word id="w_w2aab1b3b2c37b3ac85" language="English" custom="readingOrder {index:7;}">
                    <Coords points="2917,5327 3119,5327 3119,5411 2917,5411"/>
                    <TextEquiv>
                        <Unicode>nu.</Unicode>
                    </TextEquiv>
                    <TextStyle fontFamily="Times New Roman" fontSize="8.5"/>
                </Word>
                <TextEquiv>
                    <Unicode>Ie ſuffoque, &amp; voudrois me pouuoir mettre nû.</Unicode>
                </TextEquiv>
                <TextStyle fontFamily="Times New Roman" fontSize="8.5"/>
            </TextLine>
            <TextEquiv>
                <Unicode>Ouf. Ie ne puis parler, tant ie ſuis préuenu,
Ie ſuffoque, &amp; voudrois me pouuoir mettre nû.</Unicode>
            </TextEquiv>
        </TextRegion>
        <TextRegion type="paragraph" id="r_2_20" custom="readingOrder {index:19;}">
            <Coords points="162,5369 2960,5369 2960,5601 162,5601"/>
            <TextLine id="tl_28" primaryLanguage="English" custom="readingOrder {index:0;}">
                <Coords points="163,5370 2959,5370 2959,5600 163,5600"/>
                <Baseline points="164,5473 481,5493 787,5510 1124,5531 1673,5577 1801,5554 2348,5562 2957,5588"/>
                <Word id="w_w2aab1b3b2c39b1ab1" language="English" custom="readingOrder {index:0;}">
                    <Coords points="164,5370 481,5370 481,5493 164,5493"/>
                    <TextEquiv>
                        <Unicode>Vous</Unicode>
                    </TextEquiv>
                    <TextStyle fontFamily="Times New Roman" fontSize="8.5"/>
                </Word>
                <Word id="w_w2aab1b3b2c39b1ac11" language="English" custom="readingOrder {index:1;}">
                    <Coords points="518,5417 787,5417 787,5510 518,5510"/>
                    <TextEquiv>
                        <Unicode>auez</Unicode>
                    </TextEquiv>
                    <TextStyle fontFamily="Times New Roman" fontSize="8.5"/>
                </Word>
                <Word id="w_w2aab1b3b2c39b1ac21" language="English" custom="readingOrder {index:2;}">
                    <Coords points="827,5404 1124,5404 1124,5531 827,5531"/>
                    <TextEquiv>
                        <Unicode>donc</Unicode>
                    </TextEquiv>
                    <TextStyle fontFamily="Times New Roman" fontSize="8.5"/>
                </Word>
                <Word id="w_w2aab1b3b2c39b1ac31" language="English" custom="readingOrder {index:3;}">
                    <Coords points="1161,5412 1673,5412 1673,5577 1161,5577"/>
                    <TextEquiv>
                        <Unicode>souffert,</Unicode>
                    </TextEquiv>
                    <TextStyle fontFamily="Times New Roman" fontSize="8.5"/>
                </Word>
                <Word id="w_w2aab1b3b2c39b1ac51" language="English" custom="readingOrder {index:4;}">
                    <Coords points="1722,5433 1801,5433 1801,5554 1722,5554"/>
                    <TextEquiv>
                        <Unicode>ô</Unicode>
                    </TextEquiv>
                    <TextStyle fontFamily="Times New Roman" fontSize="8.5"/>
                </Word>
                <Word id="w_w2aab1b3b2c39b1ac55" language="English" custom="readingOrder {index:5;}">
                    <Coords points="1855,5448 2348,5448 2348,5564 1855,5564"/>
                    <TextEquiv>
                        <Unicode>canaille</Unicode>
                    </TextEquiv>
                    <TextStyle fontFamily="Times New Roman" fontSize="8.5"/>
                </Word>
                <Word id="w_w2aab1b3b2c39b1ac73" language="English" custom="readingOrder {index:6;}">
                    <Coords points="2395,5449 2957,5449 2957,5588 2395,5588"/>
                    <TextEquiv>
                        <Unicode>maudite,</Unicode>
                    </TextEquiv>
                    <TextStyle fontFamily="Times New Roman" fontSize="8.5"/>
                </Word>
                <TextEquiv>
                    <Unicode>Vous auez donc ſouffert, ô canaille maudite,</Unicode>
                </TextEquiv>
                <TextStyle fontFamily="Times New Roman" fontSize="8.5"/>
            </TextLine>
            <TextEquiv>
                <Unicode>Vous auez donc ſouffert, ô canaille maudite,</Unicode>
            </TextEquiv>
        </TextRegion>
        <TextRegion type="paragraph" id="r_2_21" custom="readingOrder {index:20;}">
            <Coords points="148,5517 3384,5517 3384,6132 148,6132"/>
            <TextLine id="tl_29" primaryLanguage="English" custom="readingOrder {index:0;}">
                <Coords points="157,5518 3382,5518 3382,5788 157,5788"/>
                <Baseline points="159,5667 547,5656 993,5686 1248,5696 1722,5725 1905,5721 1998,5720 2326,5726 2636,5726 2917,5731 3381,5734"/>
                <Word id="w_w2aab1b3b2c41b1ab1" language="English" custom="readingOrder {index:0;}">
                    <Coords points="159,5518 547,5518 547,5667 159,5667"/>
                    <TextEquiv>
                        <Unicode>Qu*vn</Unicode>
                    </TextEquiv>
                    <TextStyle fontFamily="Times New Roman" fontSize="8.5"/>
                </Word>
                <Word id="w_w2aab1b3b2c41b1ac13" language="English" custom="readingOrder {index:1;}">
                    <Coords points="585,5558 993,5558 993,5686 585,5686"/>
                    <TextEquiv>
                        <Unicode>Home</Unicode>
                    </TextEquiv>
                    <TextStyle fontFamily="Times New Roman" fontSize="8.5"/>
                </Word>
                <Word id="w_w2aab1b3b2c41b1ac23" language="English" custom="readingOrder {index:2;}">
                    <Coords points="1028,5574 1248,5574 1248,5701 1028,5701"/>
                    <TextEquiv>
                        <Unicode>soit</Unicode>
                    </TextEquiv>
                    <TextStyle fontFamily="Times New Roman" fontSize="8.5"/>
                </Word>
                <Word id="w_w2aab1b3b2c41b1ac33" language="English" custom="readingOrder {index:3;}">
                    <Coords points="1260,5627 1722,5627 1722,5725 1260,5725"/>
                    <TextEquiv>
                        <Unicode>venu....</Unicode>
                    </TextEquiv>
                    <TextStyle fontFamily="Times New Roman" fontSize="8.5"/>
                </Word>
                <Word id="w_w2aab1b3b2c41b1ac51" language="English" custom="readingOrder {index:4;}">
                    <Coords points="1792,5610 1905,5610 1905,5722 1792,5722"/>
                    <TextEquiv>
                        <Unicode>T</Unicode>
                    </TextEquiv>
                    <TextStyle fontFamily="Times New Roman" fontSize="8.5"/>
                </Word>
                <Word id="w_w2aab1b3b2c41b1b1b1" language="English" custom="readingOrder {index:5;}">
                    <Coords points="1926,5650 1998,5650 1998,5725 1926,5725"/>
                    <TextEquiv>
                        <Unicode>u</Unicode>
                    </TextEquiv>
                    <TextStyle fontFamily="Times New Roman" fontSize="11.0"/>
                </Word>
                <Word id="w_w2aab1b3b2c41b1b2b1" language="English" custom="readingOrder {index:6;}">
                    <Coords points="2036,5650 2326,5650 2326,5727 2036,5727"/>
                    <TextEquiv>
                        <Unicode>veux</Unicode>
                    </TextEquiv>
                    <TextStyle fontFamily="Times New Roman" fontSize="8.5"/>
                </Word>
                <Word id="w_w2aab1b3b2c41b1b2c11" language="English" custom="readingOrder {index:7;}">
                    <Coords points="2361,5612 2844,5612 2844,5771 2361,5771"/>
                    <TextEquiv>
                        <Unicode>prendre</Unicode>
                    </TextEquiv>
                    <TextStyle fontFamily="Times New Roman" fontSize="8.5"/>
                </Word>
                <Word id="w_w2aab1b3b2c41b1b3b1" language="English" custom="readingOrder {index:8;}">
                    <Coords points="2880,5612 2996,5612 2996,5732 2880,5732"/>
                    <TextEquiv>
                        <Unicode>la</Unicode>
                    </TextEquiv>
                    <TextStyle fontFamily="Times New Roman" fontSize="11.0"/>
                </Word>
                <Word id="w_w2aab1b3b2c41b1b4b1" language="English" custom="readingOrder {index:9;}">
                    <Coords points="3040,5613 3381,5613 3381,5734 3040,5734"/>
                    <TextEquiv>
                        <Unicode>fuite?</Unicode>
                    </TextEquiv>
                    <TextStyle fontFamily="Times New Roman" fontSize="8.5"/>
                </Word>
                <TextEquiv>
                    <Unicode>Qu'vn Hõme soit venu.... Tu veux prendre la fuite?</Unicode>
                </TextEquiv>
            </TextLine>
            <TextLine id="tl_30" primaryLanguage="English" custom="readingOrder {index:1;}">
                <Coords points="155,5684 3314,5684 3314,5951 155,5951"/>
                <Baseline points="157,5796 214,5796 543,5820 793,5838 896,5843 1083,5858 1606,5916 1762,5876 1975,5887 2140,5887 2632,5888 2895,5889 3312,5893"/>
                <Word id="w_w2aab1b3b2c41b3ab1" language="English" custom="readingOrder {index:0;}">
                    <Coords points="157,5684 262,5684 262,5811 157,5811"/>
                    <TextEquiv>
                        <Unicode>Il</Unicode>
                    </TextEquiv>
                    <TextStyle fontFamily="Times New Roman" fontSize="11.0"/>
                </Word>
                <Word id="w_w2aab1b3b2c41b3b1b1" language="English" custom="readingOrder {index:1;}">
                    <Coords points="309,5699 543,5699 543,5820 309,5820"/>
                    <TextEquiv>
                        <Unicode>faut</Unicode>
                    </TextEquiv>
                    <TextStyle fontFamily="Times New Roman" fontSize="8.5"/>
                </Word>
                <Word id="w_w2aab1b3b2c41b3b1c11" language="English" custom="readingOrder {index:2;}">
                    <Coords points="576,5755 793,5755 793,5877 576,5877"/>
                    <TextEquiv>
                        <Unicode>que</Unicode>
                    </TextEquiv>
                    <TextStyle fontFamily="Times New Roman" fontSize="8.5"/>
                </Word>
                <Word id="w_w2aab1b3b2c41b3b1c19" language="English" custom="readingOrder {index:3;}">
                    <Coords points="827,5722 1005,5722 1005,5858 827,5858"/>
                    <TextEquiv>
                        <Unicode>fur</Unicode>
                    </TextEquiv>
                    <TextStyle fontFamily="Times New Roman" fontSize="8.5"/>
                </Word>
                <Word id="w_w2aab1b3b2c41b3b2b1" language="English" custom="readingOrder {index:4;}">
                    <Coords points="1050,5743 1153,5743 1153,5861 1050,5861"/>
                    <TextEquiv>
                        <Unicode>le</Unicode>
                    </TextEquiv>
                    <TextStyle fontFamily="Times New Roman" fontSize="11.0"/>
                </Word>
                <Word id="w_w2aab1b3b2c41b3b3b1" language="English" custom="readingOrder {index:5;}">
                    <Coords points="1188,5747 1606,5747 1606,5916 1188,5916"/>
                    <TextEquiv>
                        <Unicode>champ</Unicode>
                    </TextEquiv>
                    <TextStyle fontFamily="Times New Roman" fontSize="8.5"/>
                </Word>
                <Word id="w_w2aab1b3b2c41b3b3c13" language="English" custom="readingOrder {index:6;}">
                    <Coords points="1660,5851 1762,5851 1762,5877 1660,5877"/>
                    <TextEquiv>
                        <Unicode>...</Unicode>
                    </TextEquiv>
                    <TextStyle fontFamily="Times New Roman" fontSize="8.5"/>
                </Word>
                <Word id="w_w2aab1b3b2c41b3b3c21" language="English" custom="readingOrder {index:7;}">
                    <Coords points="1846,5774 1975,5774 1975,5887 1846,5887"/>
                    <TextEquiv>
                        <Unicode>Si</Unicode>
                    </TextEquiv>
                    <TextStyle fontFamily="Times New Roman" fontSize="8.5"/>
                </Word>
                <Word id="w_w2aab1b3b2c41b3b3c27" language="English" custom="readingOrder {index:8;}">
                    <Coords points="2016,5810 2140,5810 2140,5887 2016,5887"/>
                    <TextEquiv>
                        <Unicode>tu</Unicode>
                    </TextEquiv>
                    <TextStyle fontFamily="Times New Roman" fontSize="8.5"/>
                </Word>
                <Word id="w_w2aab1b3b2c41b3b3c33" language="English" custom="readingOrder {index:9;}">
                    <Coords points="2168,5776 2760,5776 2760,5936 2168,5936"/>
                    <TextEquiv>
                        <Unicode>bouges....</Unicode>
                    </TextEquiv>
                    <TextStyle fontFamily="Times New Roman" fontSize="8.5"/>
                </Word>
                <Word id="w_w2aab1b3b2c41b3b4b1" language="English" custom="readingOrder {index:10;}">
                    <Coords points="2846,5779 2968,5779 2968,5894 2846,5894"/>
                    <TextEquiv>
                        <Unicode>le</Unicode>
                    </TextEquiv>
                    <TextStyle fontFamily="Times New Roman" fontSize="11.0"/>
                </Word>
                <Word id="w_w2aab1b3b2c41b3b5b1" language="English" custom="readingOrder {index:11;}">
                    <Coords points="3008,5818 3312,5818 3312,5895 3008,5895"/>
                    <TextEquiv>
                        <Unicode>veux</Unicode>
                    </TextEquiv>
                    <TextStyle fontFamily="Times New Roman" fontSize="8.5"/>
                </Word>
                <TextEquiv>
                    <Unicode>Il faut que ſur le champ... Si tu bouges.... Ie veux</Unicode>
                </TextEquiv>
            </TextLine>
            <TextLine id="tl_31" primaryLanguage="English" custom="readingOrder {index:2;} textStyle {offset:46; length:1;fontSize:0.0; kerning:0; superscript:true;}">
                <Coords points="149,5850 3383,5850 3383,6131 149,6131"/>
                <Baseline points="151,5999 692,6000 910,6011 2729,6063 3381,6064"/>
                <Word id="w_w2aab1b3b2c41b5ab1" language="English" custom="readingOrder {index:0;}">
                    <Coords points="151,5850 692,5850 692,6015 151,6015"/>
                    <TextEquiv>
                        <Unicode>Q^cvous</Unicode>
                    </TextEquiv>
                    <TextStyle fontFamily="Times New Roman" fontSize="8.5"/>
                </Word>
                <Word id="w_w2aab1b3b2c41b5ac17" language="English" custom="readingOrder {index:1;}">
                    <Coords points="727,5923 910,5923 910,6011 727,6011"/>
                    <TextEquiv>
                        <Unicode>me</Unicode>
                    </TextEquiv>
                    <TextStyle fontFamily="Times New Roman" fontSize="8.5"/>
                </Word>
                <Word id="w_w2aab1b3b2c41b5ac23" language="English" custom="readingOrder {index:2;}">
                    <Coords points="946,5899 2729,5899 2729,6106 946,6106"/>
                    <TextEquiv>
                        <Unicode>diûez...Euh.'Quy,ieveuxque</Unicode>
                    </TextEquiv>
                    <TextStyle fontFamily="Times New Roman" fontSize="8.5"/>
                </Word>
                <Word id="w_w2aab1b3b2c41b5ac77" language="English" custom="readingOrder {index:3;}">
                    <Coords points="2764,5939 3381,5939 3381,6069 2764,6069"/>
                    <TextEquiv>
                        <Unicode>toMeinu*</Unicode>
                    </TextEquiv>
                    <TextStyle fontFamily="Times New Roman" fontSize="8.5"/>
                </Word>
                <TextEquiv>
                    <Unicode>Que vous me diſiez... Euh? Oüy, ie veux que to9 deux...</Unicode>
                </TextEquiv>
                <TextStyle fontFamily="Times New Roman" fontSize="8.5"/>
            </TextLine>
            <TextEquiv>
                <Unicode>Qu'vn Hõme soit venu.... Tu veux prendre la fuite?
Il faut que ſur le champ... Si tu bouges.... Ie veux
Que vous me diſiez... Euh? Oüy, ie veux que to9 deux...</Unicode>
            </TextEquiv>
        </TextRegion>
    </Page>
</PcGts>
