4058 6973
1670 1415 1881 1609 A
374 1846 3122 2265 MADAME

1109 2595 1287 2789 a
1369 2602 1551 2796 d
1629 2604 2319 2815 ame
2425 2603 2573 2848 ;,

442 3806 623 3993 le
652 3790 1011 4081 fuis
1094 3798 1243 4008 le
1292 3803 1671 4095 plus
1750 3802 2629 4113 embarajjé
2734 3814 3375 4028 homme

169 4073 383 4274 du
456 4093 995 4295 monde
1052 4094 1109 4335 ,
1180 4095 1487 4301 lors
1558 4108 1964 4396 quil
2080 4191 2335 4310 me
2358 4112 2771 4407 faut
2840 4116 3391 4320 dédier

163 4437 266 4559 a
263 4447 409 4558 m
479 4391 985 4584 Liure
1074 4438 1129 4628 ,
1239 4440 1485 4625 (y
1579 4482 1721 4592 te
1807 4477 2049 4592 me
2151 4473 2725 4608 trouue
2802 4425 2994 4674 Jï
3058 4476 3385 4690 peu

133 4645 477 4936 fait
515 4739 724 4860 au
773 4664 1176 4936 Jlyle
1263 4677 1374 4874 d
1423 4688 2044 4964 Epijlre
2126 4707 2353 4888 T)
2366 4697 3220 4907 edicatoire
3310 4844 3375 4941 >

160 5005 460 5215 que
553 4961 688 5137 ie
757 5036 947 5151 ne
980 4960 1379 5246 fçay
1420 5031 1739 5245 par
1817 4968 2040 5178 oà
2064 4975 2579 5254 fortir
2657 4989 2847 5185 de
2925 5001 3279 5194 celle
3293 5108 3379 5146 -

173 5285 410 5472 cy.
489 5247 770 5432 Vn
845 5317 1290 5452 autre
1340 5273 2134 5468 Autheur
2191 5299 2575 5556 ,qui
2607 5280 3373 5559 feroiten.

176 5569 430 5698 ma
471 5509 890 5781 place
975 5601 1032 5774 ,
1179 5576 2058 5751 trouueroit
2219 5555 2894 5765 d’abord
3027 5636 3390 5774 cent

178 5766 629 6002 belles
762 5805 1272 6107 chofes
1422 5804 1531 6025 à
1610 5839 1944 6047 dire
2038 5842 2236 6046 de
2310 5868 2497 6059 V
2546 5903 2688 6050 O
2746 5907 2832 6056 S
2874 5905 3004 6055 T
3062 5908 3200 6059 R
3250 5912 3390 6110 E,

2256 6126 2636 6429 LH.
