4058 6998
466 949 2882 1279 PREFACE.

767 1511 837 1647 1
884 1553 950 1652 g
1004 1557 1100 1652 n
1171 1500 1396 1642 des
1436 1533 1757 1695 gens
1842 1520 2105 1628 ont
2145 1451 2639 1621 frondé
2721 1446 3301 1603 d’abord

791 1748 1150 1867 cette
1185 1689 2288 1849 Comedie:mais
2337 1672 2522 1819 les
2575 1674 2990 1810 rieurs
3043 1693 3310 1802 ont

800 1905 1047 2061 efté
1094 1958 1429 2114 pour
1466 1891 1779 2071 elle,
1828 1901 1973 2036 &
2020 1923 2339 2037 tout
2396 1871 2523 2021 le
2564 1860 2847 2018 mal
2886 1911 3317 2071 quon

803 2171 971 2263 en
1035 2165 1111 2258 a
1169 2166 1349 2316 pu
1383 2106 1675 2278 dire
1758 2203 1811 2277 y
1894 2148 2107 2241 na
2193 2140 2383 2297 pu
2444 2065 2779 2226 faire
2819 2059 3317 2273 quelle

102 2377 190 2465 n
238 2348 406 2466 aît
468 2382 622 2466 eu
700 2377 874 2471 vn
926 2316 1376 2462 fuccez
1417 2417 1462 2485 ,
1548 2315 1896 2452 dont
1934 2310 2060 2442 ie
2098 2353 2330 2451 me
2416 2311 3126 2435 contente.
3182 2271 3328 2412 le

107 2533 401 2708 fçay
482 2522 873 2726 qu’on
931 2522 1395 2668 attend
1447 2523 1611 2663 de
1663 2561 2011 2694 moy
2093 2614 2141 2679 ,
2227 2507 2557 2649 dans
2613 2518 2991 2634 cette
3027 2480 3327 2620 inw

114 2719 673 2923 preflion
776 2831 815 2899 ,
900 2719 1467 2928 quelque
1548 2705 2099 2885 Préfacé
2204 2817 2255 2885 y
2334 2699 2571 2900 qui
2666 2677 3332 2885 refpondc

116 2980 348 3070 aux
392 2922 1086 3102 censeurs,
1166 2938 1309 3068 &
1348 2923 1756 3069 rende
1834 2922 2282 3065 railon
2362 2909 2532 3049 de
2632 2939 2981 3038 mon
3020 2888 3337 3029 Ou**

121 3179 498 3324 urage
545 3196 583 3308 ;
625 3140 762 3271 &
809 3135 1086 3272 fans
1137 3129 1560 3275 doute
1653 3173 1924 3328 que
1995 3134 2114 3267 ie
2173 3111 2430 3263 fuis
2531 3092 2876 3246 allez
2937 3093 3342 3238 rede*

120 3324 493 3478 uable
568 3328 633 3478 à
714 3371 1159 3478 toutes
1204 3328 1395 3479 les
1488 3323 2223 3535 personnes
2292 3371 2360 3527 5
2430 3318 2677 3527 qui
2728 3298 2976 3503 iuy
3070 3343 3345 3474 ont

134 3526 571 3670 donné
616 3530 889 3671 leur
930 3530 1915 3734 approbation,
1970 3587 2323 3744 pour
2366 3579 2601 3685 me
2646 3541 3077 3680 croire
3166 3583 3329 3675 o-

134 3719 492 3922 bligé
544 3736 704 3874 de
756 3727 1742 3888 deffendreleur
1798 3751 3058 3946 iugement,contre
3100 3785 3338 3883 ce-

131 3915 255 4062 lu
275 3974 363 4110 y
453 3932 685 4072 des
785 3968 1215 4076 autres
1317 3996 1351 4080 :
1455 3953 1789 4091 mais
1885 3950 1973 4090 il
2059 3936 2189 4091 fe
2247 3985 2749 4089 trouue
2838 3989 3023 4143 qu
3067 3989 3333 4091 vne

145 4132 609 4316 grande
657 4144 1073 4327 partie
1160 4142 1395 4285 des
1481 4149 2031 4308 chofes,
2107 4151 2369 4351 que
2444 4151 2521 4291 ï
2533 4139 2967 4292 aurois
3012 4138 3081 4292 à
3118 4149 3337 4291 di¬

140 4365 270 4462 re
348 4315 536 4468 fur
598 4378 738 4477 ce
800 4325 1216 4496 fuiet,
1268 4340 1449 4486 eft
1510 4355 1800 4544 déjà
1880 4354 2210 4496 dans
2304 4401 2580 4502 vne
2676 4341 3346 4496 Diflcrta-

143 4528 511 4692 tion,
579 4586 826 4726 que
871 4538 1138 4722 i’ay
1191 4532 1509 4693 faite
1567 4605 1735 4694 en
1787 4548 2469 4751 Dialogue
2563 4657 2613 4722 ,
2743 4560 2894 4693 &
2999 4550 3368 4698 dont

144 4721 268 4862 k
314 4769 476 4866 ne
524 4730 816 4914 fçay
862 4788 1356 4890 encore
1440 4803 1588 4895 ce
1629 4811 1892 4954 que
1942 4770 2064 4900 ie
2148 4745 2571 4935 feray.
2636 4745 3082 4902 L’idée
3176 4757 3352 4906 de

149 4967 299 5060 ce
343 4929 995 5133 Dialogue
1056 5043 1097 5107 ,
1138 4991 1309 5088 ou
1354 4946 1443 5093 fi
1500 4953 1765 5104 Ton
1828 4996 2235 5131 veut,
2270 4957 2441 5098 de
2520 4990 2881 5103 cette
2926 4965 3371 5155 petite

160 5121 898 5295 Comedie,
982 5193 1202 5290 me
1278 5160 1588 5301 vint
1660 5154 2036 5363 après
2126 5157 2316 5309 les
2398 5165 2750 5306 deux
2792 5212 2970 5301 ou
3008 5169 3352 5310 trois

159 5348 850 5508 premières
891 5346 2012 5538 reprefentations
2083 5366 2250 5509 de
2299 5415 2524 5508 ma
2591 5366 3180 5535 Piece;Ie
3239 5357 3376 5508 la

169 5517 349 5662 dis
395 5564 737 5677 cette
777 5528 1071 5686 idée
1119 5549 1437 5691 dans
1475 5607 1737 5706 vne
1775 5558 2287 5711 maifon
2323 5559 2499 5709 où
2541 5575 2663 5710 ie
2699 5619 2927 5711 me
2969 5604 3351 5712 trou-

178 5757 411 5890 uay
458 5782 622 5874 vn
674 5722 970 5908 foir,
1012 5751 1155 5885 &
1186 5747 1733 5904 d’abord
1770 5820 2036 5912 vne
2082 5760 2730 5957 perfonne
2772 5768 2946 5909 de
2998 5819 3332 5962 qua¬

183 5901 400 6058 lité
463 6022 507 6092 -
601 5936 942 6088 dont
997 5940 1496 6154 l’ofprit
1581 5965 1770 6112 eft
1875 5960 2214 6123 allez
2251 6017 2719 6122 connu
2805 5971 3140 6121 dans
3219 5965 3352 6120 le
