4080 6924
516 1215 2679 1524 PREFACE-

912 1667 1007 1841 1
1120 1663 1259 1840 le
1324 1644 1819 1925 fuccés
1900 1643 2251 1829 d'un
2336 1634 3099 1882 Ouvrage

917 1930 1241 2112 doit
1357 1935 1493 2108 le
1581 1909 2292 2185 défendre
2362 1962 2848 2084 contre
2937 1888 3104 2061 la,

928 2214 1678 2453 critique,
1735 2180 1958 2396 fpJ
1966 2175 2318 2408 fila
2355 2171 3105 2433 première

229 2526 456 2694 &
503 2471 659 2649 la
677 2470 1031 2725 plus
1064 2445 1879 2723 infaillible
1921 2447 2307 2698 réglé
2347 2447 2551 2621 du
2591 2415 3122 2608 Théâ¬

222 2809 448 2918 tre
502 2741 697 2984 efi
738 2730 1088 2912 celle
1157 2730 1332 2904 de
1354 2729 1856 2988 plaire
1899 2727 1949 2969 ,
2021 2705 2380 2968 fofe
2460 2697 2784 2879 dire
2842 2754 3128 2947 que

218 3018 551 3258 Scip
562 3023 793 3185 ion
850 2982 1697 3257 1‘Africain
1743 3047 2225 3231 ayant
2279 3043 2453 3149 eu
2519 3039 2665 3144 ce
2725 2948 3005 3138 bon
3031 3054 3120 3084 -

219 3265 594 3450 heur
650 3409 699 3474 y
764 3282 1526 3528 jepourois
1584 3323 1818 3436 me
1867 3230 2594 3508 difperfer
2655 3225 2834 3403 de
2892 3211 3137 3398 ré¬

197 3535 764 3799 pondre
806 3605 1132 3717 aux
1194 3545 1887 3785 critiques
1934 3524 2359 3777 qu’on
2413 3576 2591 3680 en
2645 3569 2739 3671 a
2748 3490 3015 3741 fai
3062 3590 3130 3627 -

231 3869 524 3986 tes..
586 3795 1497 4059 Cependant
1542 3801 1925 4041 fans
2003 3847 2236 3956 me
2358 3759 3152 4025 prévaloir

230 4068 490 4248 des
540 4065 1786 4323 aplaudijjemens
1832 4119 2118 4311 que
2166 4020 3147 4293 lepublicluy

237 4404 351 4514 a
400 4329 984 4558 donner
1034 4470 1092 4539 >
1156 4359 1295 4572 je
1385 4382 1723 4508 vais
1781 4306 2299 4500 tacher
2357 4374 2535 4481 en
2597 4358 2899 4564 peu
2963 4295 3155 4465 de

238 4668 628 4786 mots
713 4598 1036 4777 d'en
1089 4588 1724 4835 juflifier
1797 4591 1960 4763 la
2042 4560 2768 4759 conduite.
2893 4568 3152 4735 On

243 4938 477 5046 me
599 4852 1289 5124 reproche
1438 4853 2041 5031 d’avoir
2110 4839 2461 5102 fait
2566 4841 3157 5089 Scipion

249 5201 1143 5314 amoureux;
1257 5145 1634 5303 mais
1692 5149 1850 5362 je
1895 5112 2582 5366 foûtiens
2656 5164 2938 5355 que
3023 5087 3158 5267 le

254 5456 908 5580 mettant
972 5386 1248 5632 fur
1320 5392 1484 5565 la
1577 5402 2036 5564 Scène
2091 5521 2148 5586 y
2176 5371 2501 5621 fay
2593 5387 2795 5541 du
2904 5358 3169 5601 luy

246 5668 797 5849 donner
863 5735 1021 5845 ce
1071 5648 1821 5843 caraélere
1872 5720 1922 5910 ,
1999 5655 2269 5908 qui
2351 5637 2853 5813 releve
2877 5612 3161 5879 fon

2330 5901 2604 6083 ã ij
