4080 7154
786 475 2591 691 TRAGEDIE.
3118 520 3287 669 29

740 1463 2047 1765 ACTE
2292 1451 2814 1734 III-

265 1966 1299 2174 SCENE
1513 1899 3194 2170 PREMIERE

687 2376 1656 2520 ERIXENE
1755 2376 1792 2538 ,
1935 2367 2028 2500 B
2114 2366 2220 2491 A
2334 2356 2464 2489 R
2538 2337 2655 2482 C
2734 2340 2919 2481 E*.

1402 2725 1483 2825 B
1554 2727 1643 2832 A
1714 2722 1807 2826 R
1874 2720 1963 2825 C

1039 2883 1413 2990 gjjANDis
1459 2911 1676 3025 que
1735 2864 2180 3017 Scipîon
2231 2849 2444 2970 fait
2487 2876 2872 3002 ranger
2919 2827 3096 2947 fon
3139 2861 3307 2937 ar-

1174 3064 1416 3137 mee
1492 3105 1531 3157 ,

1027 3187 1294 3322 aQue
1347 3218 1628 3327 pour
1677 3217 1808 3291 en
1863 3166 2358 3290 foûtenir
2415 3151 2792 3275 l'éclat
2863 3227 2896 3279 ,
2981 3140 3080 3250 la
3131 3176 3311 3245 re¬

1201 3336 1723 3446 nommée

1050 3485 1303 3597 lien
1358 3524 1607 3600 veut
1652 3484 1993 3599 étaler
2026 3480 2131 3593 la
2170 3510 2573 3627 pompe
2605 3463 2669 3577 à
2735 3458 2922 3578 fon
2962 3453 3230 3574 rival
3274 3521 3307 3573 5

279 3648 314 3777 (
383 3649 946 3789 Spe&acle
1015 3643 1340 3795 digne
1411 3638 1704 3752 enfin
1775 3638 1956 3753 des
2011 3627 2454 3784 regards
2499 3612 3076 3732 d’Annibal
3145 3618 3174 3748 )

270 3802 425 3907 En
471 3797 1083 3908 attendant
1149 3797 1522 3948 qu’icy
1569 3832 1837 3906 nous
1928 3791 2023 3902 le
2063 3822 2485 3937 voyons
2535 3767 3035 3926 paroître
3079 3843 3121 3895 ,

274 3956 453 4061 De
500 3983 827 4093 grâce
881 4033 913 4081 ,
962 3986 1777 4101 aprenez-moy
1832 3942 1899 4056 fi
1966 3982 2081 4055 ce
2128 3936 2573 4087 fuperbe
2622 3925 3019 4039 maître
3064 4003 3101 4055 ,

275 4110 430 4215 Ce
495 4096 950 4215 fameux
1003 4105 1458 4250 Scipion
1498 4106 1688 4255 qui
1734 4096 2294 4210 marchoit
2379 4085 2548 4199 fur
2606 4120 2802 4199 vos
2873 4115 3056 4229 pas

281 4264 374 4365 A
415 4255 750 4369 rendu
805 4259 956 4369 les
1015 4254 1480 4404 refpe&s
1523 4259 1796 4409 qu’il
1835 4259 2064 4364 doit
2107 4249 2166 4360 à
2221 4285 2418 4359 vos
2479 4280 2738 4394 apas
2775 4280 2804 4358 ;

286 4418 605 4559 Ouy,
660 4409 841 4522 fon
886 4402 1191 4523 front
1230 4407 1719 4523 defarmé
1768 4408 1895 4518 de
1954 4413 2053 4523 la
2112 4399 2429 4518 fierté
2468 4399 3009 4513 Romaine

291 4562 826 4677 Sembloit
879 4567 980 4677 le
1026 4566 1534 4718 préparer
1589 4566 1648 4677 à
1718 4599 2090 4717 porter
2140 4597 2464 4672 votre
2540 4548 2942 4661 chaîne
2990 4594 3018 4666 ;

297 4721 574 4830 Loin
623 4721 760 4831 de
805 4757 1082 4831 vous
1143 4758 1334 4867 par
1399 4717 1808 4871 refpett
1851 4730 1950 4872 je
2001 4720 2168 4831 n'a
2189 4753 2248 4865 y
2309 4747 2490 4862 pas
2539 4702 3028 4817 entendu

300 4871 605 4984 Allez
670 4874 1473 4990 diftitf&emcnt
1529 4912 1699 4985 cet
1784 4874 2263 5020 bornage
2323 4860 2655 4980 rendu
2745 4906 2767 4970 :

296 5027 581 5135 Mais
624 5025 959 5139 helasi
994 5040 1099 5184 je
1138 5069 1417 5139 vous
1468 5030 1705 5144 vois
1750 5029 1899 5139 les
1944 5065 2229 5179 yeux
2272 5025 2613 5174 pleins
2654 5014 2783 5124 de
2832 5010 3333 5153 rriftetfe,

295 5194 390 5292 A
451 5179 842 5293 cacher
881 5219 1072 5294 vos
1127 5184 1638 5339 chagrins
1681 5219 1962 5302 vous
2035 5218 2454 5289 mettez
2515 5208 2830 5278 votre
2873 5174 3004 5279 ad
3027 5174 3332 5319 refie.

297 5348 595 5443 Vous
631 5374 755 5443 ne
821 5337 1376 5479 répondez
1411 5342 1638 5453 rien
1687 5426 1720 5474 ,
1811 5373 2090 5453 vous
2128 5333 2601 5447 devorez
2659 5362 2845 5433 vos
2889 5328 3256 5477 pleurs
3299 5419 3336 5473 ,

300 5486 811 5604 Madame
861 5569 899 5627 ,
938 5502 1037 5610 Lc
1092 5532 1207 5607 ce
1270 5491 1833 5607 filencc,..

1327 5650 2280 5772 ERIXENE.

1699 5821 2122 5961 Aprens
2185 5835 2434 5914 tous
2473 5835 2706 5909 mes
2739 5784 3306 5929 malheur,

2576 5953 2875 6109 C.iij
