4080 6648
1159 341 1262 496 6
1451 344 2322 513 SCIPION
2447 372 3723 586 L’AFRICAIN,

1148 550 1286 648 Et
1359 558 1711 691 quand
1758 556 1825 657 il
1874 564 2425 714 s'aperçoit
2478 578 2611 683 du
2652 593 3053 696 trouble
3094 598 3211 701 de
3262 602 3439 712 Ton
3474 647 3697 717 amc
3743 683 3780 738 ,

1147 690 1247 792 Il
1293 688 1666 802 fcmble
1735 699 2274 855 s’indigner
2326 718 2448 826 de
2488 722 2588 827 5a
2620 732 3102 840 nailiante
3142 741 3442 850 fldme
3498 828 3529 874 ,

1144 832 1238 931 Il
1278 827 1631 946 frémit
1687 847 1809 952 de
1849 843 2155 956 fcncir
2229 862 2655 975 l’amour
2700 877 2959 1014 qu’il
3011 920 3246 984 veut
3287 885 3764 1038 dompter
3806 973 3845 1028 ,

1138 976 1276 1080 Er
1311 1016 1512 1124 que
1566 1020 1796 1094 tout
1850 991 2025 1099 fon
2066 1034 2511 1149 courage
2566 1050 2627 1115 a
2671 1025 2957 1158 peine
2994 1020 3050 1127 à
3090 1022 3692 1148 furmonter.

1137 1126 1448 1229 Voila
1499 1131 1588 1229 le
1666 1136 1902 1274 plan
1951 1135 2186 1247 d’un
2254 1188 2540 1258 cœur
2590 1158 3016 1268 difficile
3046 1169 3097 1274 à
3162 1184 3703 1287 connoître
3744 1228 3775 1306 j

1141 1266 1421 1375 Mais
1462 1310 1731 1413 pour
1759 1275 2370 1422 aprofondir
2430 1304 2613 1440 qui
2656 1338 2894 1441 peut
2941 1347 3058 1412 en
3115 1314 3370 1421 cftrc
3409 1328 3784 1437 maître
3826 1406 3859 1454 ,

1129 1410 1256 1547 Je
1320 1409 1559 1557 fçay
1618 1453 1857 1561 trop
1911 1428 2471 1571 qu’lfperic
2528 1481 2587 1546 a
2627 1447 2799 1551 des
2854 1448 3323 1562 charmes
3354 1463 3785 1604 puiflans
3825 1550 3860 1598 ,

1132 1554 1392 1681 Que
1441 1553 1536 1659 fa
1585 1559 1953 1671 beauté
1994 1572 2421 1686 d’abord
2469 1622 2708 1729 peut
2744 1589 3297 1705 enchanter
3344 1612 3481 1706 les
3532 1607 3741 1720 Cens
3785 1689 3823 1740 ,

1125 1696 1252 1799 M
1279 1699 1405 1801 iis
1447 1698 1498 1801 à
1543 1698 1715 1806 Ton
1767 1709 2015 1816 cher
2057 1726 2438 1830 Amant
2547 1732 2732 1836 elle
2773 1736 2911 1836 cft
2959 1771 3188 1883 trop
3225 1750 3706 1859 attachée
3748 1838 3785 1883 ,

1124 1836 1257 1938 Et
1301 1876 1481 1980 par
1538 1847 1710 1951 nul
1758 1886 2045 1960 autre
2090 1862 2381 2009 objet
2413 1876 2647 1980 n’eu
2686 1913 2929 2018 peut
2993 1886 3251 1992 cftre
3291 1896 3846 2036 arrachée,

1124 1982 1556 2124 Scipion
1620 1992 1718 2095 le
1792 2006 2259 2113 connoît.

2029 2163 2113 2253 A
2151 2148 2255 2259 U
2293 2159 2473 2268 RI
2513 2169 2707 2271 LC
2748 2182 2819 2278 A
2862 2183 2995 2277 R.

1893 2293 2452 2421 Madame,
2513 2317 2611 2407 &
2682 2308 2909 2450 plût
2979 2352 3179 2427 aux
3233 2332 3578 2440 Dieux
3627 2355 3651 2446 !

1114 2418 1368 2541 Que
1426 2451 1540 2528 ce
1584 2429 2183 2575 Vainqueur
2224 2438 2515 2551 sentit
2566 2452 2653 2551 le
2709 2468 3153 2591 pouvoir
3200 2467 3317 2571 de
3357 2514 3539 2580 vos
3580 2520 3843 2623 yeux
3901 2510 3937 2602 ?

2122 2592 2201 2692 E
2232 2604 2332 2701 R
2375 2596 2415 2696 I
2456 2600 2551 2698 X
2598 2597 2675 2700 E
2714 2604 2817 2702 N
2848 2611 2957 2703 £.

1097 2702 1219 2835 Je
1267 2745 1391 2811 ne
1441 2716 1705 2820 m'en
1767 2715 1836 2821 fl
1867 2750 2049 2824 ûte
2094 2731 2424 2864 point,
2465 2742 2723 2840 mais
2757 2735 2973 2848 fans
3017 2750 3524 2907 eftrctrop
3565 2775 3923 2902 vainc,

1100 2851 1525 2989 Scipion
1600 2856 1818 2965 fans
1874 2870 2227 3002 rougir
2271 2885 2689 3013 pouroit
2751 2919 3095 3022 porter
3148 2932 3313 3002 ma
3363 2909 3808 3042 chaîne,

1098 2994 1358 3127 Que
1393 2999 1722 3143 dis-je
1763 3019 1795 3102 ?
1841 3043 1948 3108 ce
2000 3017 2332 3120 Haros
2384 3096 2409 3143 ,
2456 3020 2540 3122 le
2583 3024 2804 3162 plus
2845 3039 3166 3170 grand
3210 3042 3379 3151 des
3416 3063 3845 3170 mortels
3887 3139 3922 3194 ,

1097 3148 1185 3240 A
1238 3141 1412 3277 qui
1455 3154 1795 3249 Rome
1835 3147 2075 3291 déjà
2129 3159 2602 3268 consacre
2639 3168 2808 3272 des
2873 3188 3226 3287 Autels
3264 3261 3297 3310 ,

1080 3283 1190 3388 D
1254 3318 1371 3383 an
1432 3325 1713 3391 cœur
1744 3290 1878 3391 tel
1915 3333 2115 3434 que
2154 3299 2241 3401 le
2298 3313 2563 3411 mien
2613 3346 2851 3449 peut
2884 3316 3293 3430 devenir
3335 3333 3423 3439 le
3459 3342 3833 3450 maître
3872 3427 3908 3478 ,

1084 3432 1218 3531 Et
1284 3424 1441 3531 s'il
1522 3432 1763 3537 n’cft
1816 3471 2056 3544 mon
2100 3456 2478 3554 Amant
2542 3456 2607 3554 il
2648 3456 2781 3555 eft
2830 3457 3130 3603 digne
3176 3471 3297 3574 de
3354 3480 3716 3594 l'eflre.

1089 3576 1651 3676 Peut-cftrc
1702 3577 1906 3713 j'en
1947 3582 2097 3689 dis
2131 3620 2366 3730 trop
2412 3669 2443 3718 ,
2503 3607 2593 3695 &
2638 3602 3054 3737 j’avoue
3115 3609 3165 3713 à
3211 3644 3548 3758 regret

1084 3702 1257 3814 Un
1312 3707 1631 3819 foiblc
1667 3797 1698 3844 ,
1768 3716 2015 3830 dont
2056 3765 2295 3832 mon
2334 3769 2611 3844 cœur
2658 3775 2819 3842 me
2845 3739 3193 3857 faifoît
3233 3798 3363 3862 un
3401 3758 3717 3878 secret
3757 3823 3794 3895 ;

1080 3856 1352 3958 Mais
1401 3893 1680 4002 quoy
1748 3881 1780 3962 ?
1826 3869 1925 3968 Si
1964 3869 2166 3974 l’on
2238 3865 2574 3983 faifoît
2648 3885 2748 3987 la
2781 3895 3020 4027 paix
3090 3931 3331 4007 avec
3384 3918 3894 4059 Carrage,

1079 3995 1323 4104 Plût
1369 4038 1502 4104 au
1551 4009 1771 4111 Ciel
1827 4025 1849 4112 !
1888 4049 2082 4150 que
2115 4014 2552 4127 l’amour
2599 4061 2712 4128 en
2763 4033 3266 4147 ébauchât
3314 4048 3889 4204 l’ouvrage,

1068 4139 1199 4243 Et
1260 4138 1391 4247 du
1436 4152 1757 4252 moins
1803 4163 1905 4289 je
1974 4158 2457 4266 voudrois
2508 4211 2769 4311 pour
2825 4177 3111 4281 flater
3181 4221 3346 4295 ma
3393 4192 3687 4309 fierté
3732 4278 3769 4333 ,

1070 4283 1324 4414 Que
1408 4283 1972 4401 l'heureiife
2024 4306 2457 4412 Erixene
2508 4313 2679 4420 eût
2729 4354 2953 4458 part
2994 4323 3046 4424 à
3100 4365 3207 4428 ce
3248 4341 3576 4444 traité.

1073 4422 1400 4531 Adieu
1450 4500 1482 4553 ,
1565 4436 1982 4585 Scipion
2022 4452 2365 4578 vient,
2417 4465 2507 4555 &
2546 4494 2800 4568 vous
2834 4467 3092 4573 allez
3164 4471 3749 4594 l’entendre.
