4080 6534
1104 461 1219 612 4
1417 427 2292 597 SCIPION
2409 447 3693 649 L’AFRICAIN,

1104 626 1254 724 La
1292 628 1618 731 Nièce
1654 631 2275 761 d’Annibal,
2350 644 3386 803 l’adorablelfpcric,

1103 764 1259 866 Fit
1331 763 1675 871 briller
1713 802 1931 875 tant
1979 772 2342 890 d’éclat
2405 800 2495 890 &
2533 824 2744 897 tant
2817 796 2938 899 de
2989 810 3472 917 modcftie

1099 904 1398 1040 QujI
1440 944 1561 1013 en
1606 904 1765 1016 fut
1834 916 2199 1066 cbloiiy
2260 967 2281 1025 :
2344 935 2593 1031 mais
2634 933 2901 1040 enfin
2967 942 3071 1047 fa
3119 949 3474 1059 beauté

1099 1052 1396 1150 Porte
1441 1086 1576 1153 un
1611 1052 2034 1164 charme
2078 1061 2394 1173 fecret
2444 1071 2692 1177 dont
2750 1118 2882 1182 on
2940 1084 3076 1188 eft
3120 1090 3661 1220 enchante.

1095 1194 1255 1288 Au
1309 1194 1657 1296 Prince
1729 1199 2167 1344 Lucejus
2211 1209 2398 1314 elle
2459 1208 2550 1315 fc
2593 1223 2744 1319 vit
2792 1228 3226 1363 promife
3268 1309 3301 1357 ,

1098 1326 1184 1423 11
1246 1330 1606 1438 devoir
1662 1336 2542 1493 l’épouler-quand
2594 1369 2907 1466 Zama
2978 1364 3137 1475 fut
3185 1369 3667 1518 furprife;

1087 1476 1236 1571 Ce
1294 1483 1546 1598 jour
1615 1469 2135 1592 infortuné
2193 1492 2262 1597 fi
2327 1491 2716 1604 funefte
2776 1539 3032 1642 pour
3082 1550 3278 1623 eux

1095 1610 1481 1749 Sépara
1545 1653 1703 1721 ces
1759 1634 2129 1732 Amans
2165 1629 2327 1736 fur
2363 1640 2451 1740 le
2504 1644 2791 1778 point
2841 1647 3188 1759 d’eftre
3247 1658 3700 1775 heureux
3745 1712 3766 1778 :

1086 1752 1302 1855 Elle
1346 1762 1704 1896 ignore
1748 1757 1881 1863 où
1932 1800 2040 1864 ce
2104 1777 2451 1882 Prince
2504 1817 2559 1882 a
2606 1779 2784 1924 fçù
2823 1823 3165 1930 porter
3209 1797 3349 1907 fes
3396 1842 3717 1915 armes
3759 1880 3802 1939 *

1081 1894 1212 1996 Et
1261 1884 1684 2001 fouvent
1749 1897 1892 2007 fes
1951 1904 2274 2020 beaux
2352 1959 2612 2067 yeux
2672 1961 2932 2066 pour
2978 1932 3146 2076 luy
3228 1946 3620 2053 verfent
3698 1957 3872 2062 des

1286 2037 1657 2145 larmes
1706 2080 1733 2143 :

1080 2178 1348 2287 Mais
1408 2254 1439 2302 ,
1520 2187 2014 2328 Seigneur
2062 2269 2091 2317 ,
2140 2201 2567 2313 Erixene
2606 2245 2721 2316 en
2764 2248 2873 2318 ce
2926 2215 3123 2323 lieu
3168 2225 3373 2331 doit
3412 2231 3689 2335 venir
3735 2310 3774 2365 ,

1087 2325 1500 2455 Scipion
1557 2321 1726 2465 luy
1784 2366 2170 2466 permet
2207 2338 2328 2445 de
2401 2385 2654 2455 vous
2717 2369 3327 2492 entretenir,

1067 2452 1118 2591 3
1142 2499 1189 2562 e
1228 2467 1449 2569 vois
1493 2467 1859 2607 qu’elle
1892 2476 2422 2611 s’avance,
2459 2504 2551 2592 &
2585 2527 2829 2601 vous
2855 2489 3123 2605 laide
3153 2542 3608 2658 avecque
3645 2517 3859 2629 elle-

1663 3149 2802 3383 SCENE
3022 3196 3335 3390 II.

1071 3530 3831 3729 F.RIXENE,BARSE',AURU.CAR.

2047 3881 2871 3997 ERIXENE.

1073 4146 1327 4394 O
1345 4145 1451 4243 N
1487 4179 1742 4252 nous
1777 4154 2052 4261 vient
2084 4156 2682 4274 d’annoncer
2712 4210 2900 4281 une
2929 4184 3312 4319 grande
3352 4193 3851 4327 nouvelle,

1351 4288 1776 4399 Annibal
1815 4334 1931 4399 en
1995 4297 2461 4441 AfFrique
2529 4316 2663 4413 eft
2709 4316 2980 4423 enfin
3029 4324 3146 4423 de
3197 4364 3581 4442 retour.

1958 4453 2036 4547 A
2082 4440 2190 4550 U
2226 4453 2314 4551 R
2354 4452 2508 4556 IL
2552 4463 2636 4561 C
2686 4466 2768 4560 A
2803 4467 2928 4569 R.

1061 4566 1340 4668 Vous
1385 4562 1476 4668 le
1517 4605 1860 4678 verrez
1906 4658 1939 4707 ,
1995 4586 2470 4693 Madame
2510 4666 2539 4714 ,
2576 4633 2886 4705 avant
2950 4604 3042 4707 la
3088 4605 3218 4714 fin
3266 4613 3398 4721 du
3429 4627 3698 4764 jour.

1997 4732 2928 4848 ERIXENE.

1050 4842 1170 4975 Je
1218 4846 1452 4991 fçay
1487 4888 1686 4994 que
1726 4854 1967 4965 dans
2000 4868 2285 4975 l'état
2330 4869 2466 4975 où
2506 4873 3047 5027 l’Affrique
3092 4899 3226 5000 eft
3275 4902 3722 5038 réduite.

1053 4989 1272 5095 Elle
1337 4996 1778 5137 n’etpere
1842 5008 2058 5142 plus
2094 5016 2396 5154 qu’en
2439 5010 2546 5122 fa
2605 5016 2868 5126 feule
2926 5038 3402 5149 conduite
3456 5092 3477 5160 ;

1052 5132 1217 5233 Ne
1266 5167 1425 5233 me
1470 5134 1941 5278 deguifez
1985 5153 2191 5257 rien
2229 5153 2389 5260 fur
2425 5158 2573 5259 fes
2605 5200 3136 5278 nouveaux
3196 5200 3582 5329 projets
3622 5272 3657 5321 ,

1047 5262 1164 5407 Je
1227 5275 1713 5412 prévois,
1786 5294 2313 5425 Aurilcar,
2371 5300 2673 5448 qu’ils
2742 5309 3151 5426 tendent
3196 5360 3251 5431 a
3300 5328 3387 5434 Ja
3447 5339 3728 5477 paix.
