<?xml version="1.0" encoding="UTF-8" standalone="yes"?>
<PcGts xmlns="http://schema.primaresearch.org/PAGE/gts/pagecontent/2013-07-15" xmlns:xsi="http://www.w3.org/2001/XMLSchema-instance" xsi:schemaLocation="http://schema.primaresearch.org/PAGE/gts/pagecontent/2013-07-15 http://schema.primaresearch.org/PAGE/gts/pagecontent/2013-07-15/pagecontent.xsd">
    <Metadata>
        <Creator></Creator>
        <Created>2019-01-26T18:27:55.077+01:00</Created>
        <LastChange>2019-02-13T19:14:29.367+01:00</LastChange>
        <Comments>
                Measurement unit: pixel
                PrimaryLanguage: English
                Language: FrenchStandard
                Producer: ABBYY FineReader Engine 11</Comments>
        <TranskribusMetadata docId="148986" pageId="5537864" pageNr="34" tsid="9263075" status="DONE" userId="10612" imgUrl="https://files.transkribus.eu/Get?id=IEHSKAYMTZBNOSZXBJTFRCIH&amp;fileType=view" xmlUrl="https://files.transkribus.eu/Get?id=HRQQSKMLBPUSDLFMYOPZGRGK" imageId="2612108"/>
    </Metadata>
    <Page imageFilename="Pradon1697_Oeuvres_bpt6k857200c_cropped_corrected_0034.png" imageWidth="4080" imageHeight="6862">
        <PrintSpace>
            <Coords points="55,0 3982,0 3982,6862 55,6862"/>
        </PrintSpace>
        <ReadingOrder>
            <OrderedGroup id="ro_1604218650753" caption="Regions reading order">
                <RegionRefIndexed index="0" regionRef="r_1_1"/>
                <RegionRefIndexed index="1" regionRef="r_1_3"/>
                <RegionRefIndexed index="2" regionRef="r_1_4"/>
                <RegionRefIndexed index="3" regionRef="r_1_5"/>
                <RegionRefIndexed index="4" regionRef="r_1_6"/>
                <RegionRefIndexed index="5" regionRef="r_1_7"/>
                <RegionRefIndexed index="6" regionRef="r_1_8"/>
                <RegionRefIndexed index="7" regionRef="r_1_9"/>
                <RegionRefIndexed index="8" regionRef="r_1_10"/>
                <RegionRefIndexed index="9" regionRef="r_1_11"/>
                <RegionRefIndexed index="10" regionRef="r_1_12"/>
                <RegionRefIndexed index="11" regionRef="r_1_13"/>
                <RegionRefIndexed index="12" regionRef="r_1_14"/>
                <RegionRefIndexed index="13" regionRef="r_1_15"/>
                <RegionRefIndexed index="14" regionRef="r_1_16"/>
            </OrderedGroup>
        </ReadingOrder>
        <TextRegion type="paragraph" id="r_1_1" custom="readingOrder {index:0;}">
            <Coords points="1074,460 3753,461 3753,695 1074,694"/>
            <TextLine id="tl_1" primaryLanguage="English" custom="readingOrder {index:0;}">
                <Coords points="1075,461 3752,461 3752,693 1075,693"/>
                <Baseline points="1075,626 1224,634 2308,635 3749,649"/>
                <Word id="w_w2aab1b1b2b1b1ab1" language="English" custom="readingOrder {index:0;}">
                    <Coords points="1075,490 1224,490 1224,634 1075,634"/>
                    <TextEquiv>
                        <Unicode>i8</Unicode>
                    </TextEquiv>
                    <TextStyle fontFamily="Times New Roman" fontSize="14.0"/>
                </Word>
                <Word id="w_w2aab1b1b2b1b1ab7" language="English" custom="readingOrder {index:1;}">
                    <Coords points="1423,464 2308,464 2308,635 1423,635"/>
                    <TextEquiv>
                        <Unicode>SCIPION</Unicode>
                    </TextEquiv>
                    <TextStyle fontFamily="Times New Roman" fontSize="14.0"/>
                </Word>
                <Word id="w_w2aab1b1b2b1b1ac23" language="English" custom="readingOrder {index:2;}">
                    <Coords points="2411,472 3750,473 3750,694 2411,693"/>
                    <TextEquiv>
                        <Unicode>L’AFRICAIN,’</Unicode>
                    </TextEquiv>
                    <TextStyle fontFamily="Times New Roman" fontSize="14.0"/>
                </Word>
                <TextEquiv>
                    <Unicode>18 SCIPION L’AFRICAIN,</Unicode>
                </TextEquiv>
                <TextStyle fontFamily="Times New Roman" fontSize="14.0"/>
            </TextLine>
            <TextEquiv>
                <Unicode>18 SCIPION L’AFRICAIN,</Unicode>
            </TextEquiv>
        </TextRegion>
        <TextRegion type="paragraph" id="r_1_3" custom="readingOrder {index:1;}">
            <Coords points="1643,1303 3338,1303 3338,1504 1643,1504"/>
            <TextLine id="tl_3" primaryLanguage="English" custom="readingOrder {index:0;}">
                <Coords points="1644,1304 3337,1304 3337,1503 1644,1503"/>
                <Baseline points="1644,1496 2832,1497 3336,1499"/>
                <Word id="w_w2aab1b1b2b5b1ab1" language="English" custom="readingOrder {index:0;}">
                    <Coords points="1644,1305 2832,1305 2832,1497 1644,1497"/>
                    <TextEquiv>
                        <Unicode>SCENE</Unicode>
                    </TextEquiv>
                    <TextStyle fontFamily="Times New Roman" fontSize="16.0"/>
                </Word>
                <Word id="w_w2aab1b1b2b5b1ac13" language="English" custom="readingOrder {index:1;}">
                    <Coords points="3060,1314 3336,1314 3336,1503 3060,1503"/>
                    <TextEquiv>
                        <Unicode>II.</Unicode>
                    </TextEquiv>
                    <TextStyle fontFamily="Times New Roman" fontSize="16.0"/>
                </Word>
                <TextEquiv>
                    <Unicode>SCENE II.</Unicode>
                </TextEquiv>
                <TextStyle fontFamily="Times New Roman" fontSize="16.0"/>
            </TextLine>
            <TextEquiv>
                <Unicode>SCENE II.</Unicode>
            </TextEquiv>
        </TextRegion>
        <TextRegion type="paragraph" id="r_1_4" custom="readingOrder {index:2;}">
            <Coords points="1061,1672 3936,1672 3936,2003 1061,2003"/>
            <TextLine id="tl_4" primaryLanguage="English" custom="readingOrder {index:0;}">
                <Coords points="1062,1673 3935,1673 3935,1870 1062,1870"/>
                <Baseline points="1062,1802 1323,1810 2115,1834 2223,1806 2499,1811 3934,1854"/>
                <Word id="w_w2aab1b1b2b7b1ab1" language="English" custom="readingOrder {index:0;}">
                    <Coords points="1062,1673 1323,1673 1323,1810 1062,1810"/>
                    <TextEquiv>
                        <Unicode>LU</Unicode>
                    </TextEquiv>
                    <TextStyle fontFamily="Times New Roman" fontSize="11.0" bold="true"/>
                </Word>
                <Word id="w_w2aab1b1b2b7b1ab7" language="English" custom="readingOrder {index:1;}">
                    <Coords points="1378,1679 2115,1679 2115,1860 1378,1860"/>
                    <TextEquiv>
                        <Unicode>CEJUS,</Unicode>
                    </TextEquiv>
                    <TextStyle fontFamily="Times New Roman" fontSize="11.0" bold="true"/>
                </Word>
                <Word id="w_w2aab1b1b2b7b1ac21" language="English" custom="readingOrder {index:2;}">
                    <Coords points="2170,1682 2347,1682 2347,1811 2170,1811"/>
                    <TextEquiv>
                        <Unicode>IS</Unicode>
                    </TextEquiv>
                    <TextStyle fontFamily="Times New Roman" fontSize="11.0" bold="true"/>
                </Word>
                <Word id="w_w2aab1b1b2b7b1b1b1" language="English" custom="readingOrder {index:3;}">
                    <Coords points="2410,1683 2627,1683 2627,1811 2410,1811"/>
                    <TextEquiv>
                        <Unicode>PE</Unicode>
                    </TextEquiv>
                    <TextStyle fontFamily="Times New Roman" fontSize="11.0"/>
                </Word>
                <Word id="w_w2aab1b1b2b7b1b2b1" language="English" custom="readingOrder {index:4;}">
                    <Coords points="2682,1684 3934,1684 3934,1854 2682,1854"/>
                    <TextEquiv>
                        <Unicode>RIE,EMILIE,</Unicode>
                    </TextEquiv>
                    <TextStyle fontFamily="Times New Roman" fontSize="11.0" bold="true"/>
                </Word>
                <TextEquiv>
                    <Unicode>LUCEJUS, ISPERIE, EMILIE,</Unicode>
                </TextEquiv>
            </TextLine>
            <TextLine id="tl_5" primaryLanguage="English" custom="readingOrder {index:1;}">
                <Coords points="2062,1862 2994,1862 2994,2002 2062,2002"/>
                <Baseline points="2062,1998 2174,1998 2326,1995 2482,1991 2614,1992 2802,1997 2994,1982"/>
                <Word id="w_w2aab1b1b2b7b3ab1" language="English" custom="readingOrder {index:0;}">
                    <Coords points="2062,1866 2174,1866 2174,1998 2062,1998"/>
                    <TextEquiv>
                        <Unicode>C</Unicode>
                    </TextEquiv>
                    <TextStyle fontFamily="Times New Roman" fontSize="11.0" bold="true"/>
                </Word>
                <Word id="w_w2aab1b1b2b7b3ab5" language="English" custom="readingOrder {index:1;}">
                    <Coords points="2238,1874 2326,1874 2326,1995 2238,1995"/>
                    <TextEquiv>
                        <Unicode>E</Unicode>
                    </TextEquiv>
                    <TextStyle fontFamily="Times New Roman" fontSize="11.0" bold="true"/>
                </Word>
                <Word id="w_w2aab1b1b2b7b3ab9" language="English" custom="readingOrder {index:2;}">
                    <Coords points="2382,1867 2482,1867 2482,1991 2382,1991"/>
                    <TextEquiv>
                        <Unicode>L</Unicode>
                    </TextEquiv>
                    <TextStyle fontFamily="Times New Roman" fontSize="11.0" bold="true"/>
                </Word>
                <Word id="w_w2aab1b1b2b7b3ac13" language="English" custom="readingOrder {index:3;}">
                    <Coords points="2534,1872 2614,1872 2614,1992 2534,1992"/>
                    <TextEquiv>
                        <Unicode>S</Unicode>
                    </TextEquiv>
                    <TextStyle fontFamily="Times New Roman" fontSize="11.0" bold="true"/>
                </Word>
                <Word id="w_w2aab1b1b2b7b3ac17" language="English" custom="readingOrder {index:4;}">
                    <Coords points="2670,1864 2802,1864 2802,1997 2670,1997"/>
                    <TextEquiv>
                        <Unicode>U</Unicode>
                    </TextEquiv>
                    <TextStyle fontFamily="Times New Roman" fontSize="11.0" bold="true"/>
                </Word>
                <Word id="w_w2aab1b1b2b7b3ac21" language="English" custom="readingOrder {index:5;}">
                    <Coords points="2870,1869 2994,1869 2994,1997 2870,1997"/>
                    <TextEquiv>
                        <Unicode>S.</Unicode>
                    </TextEquiv>
                    <TextStyle fontFamily="Times New Roman" fontSize="11.0" bold="true"/>
                </Word>
                <TextEquiv>
                    <Unicode>CELSUS.</Unicode>
                </TextEquiv>
                <TextStyle fontFamily="Times New Roman" fontSize="11.0" bold="true"/>
            </TextLine>
            <TextEquiv>
                <Unicode>LUCEJUS, ISPERIE, EMILIE,
CELSUS.</Unicode>
            </TextEquiv>
        </TextRegion>
        <TextRegion type="paragraph" id="r_1_5" custom="readingOrder {index:3;}">
            <Coords points="2143,2185 2986,2185 2986,2346 2143,2346"/>
            <TextLine id="tl_6" primaryLanguage="English" custom="readingOrder {index:0;}">
                <Coords points="2144,2186 2985,2186 2985,2345 2144,2345"/>
                <Baseline points="2144,2298 2984,2309"/>
                <Word id="w_w2aab1b1b2b9b1ab1" language="English" custom="readingOrder {index:0;}">
                    <Coords points="2144,2186 2984,2186 2984,2344 2144,2344"/>
                    <TextEquiv>
                        <Unicode>LÜCEJÜS.</Unicode>
                    </TextEquiv>
                    <TextStyle fontFamily="Times New Roman" fontSize="9.0" bold="true"/>
                </Word>
                <TextEquiv>
                    <Unicode>LUCEJUS.</Unicode>
                </TextEquiv>
                <TextStyle fontFamily="Times New Roman" fontSize="9.0" bold="true"/>
            </TextLine>
            <TextEquiv>
                <Unicode>LUCEJUS.</Unicode>
            </TextEquiv>
        </TextRegion>
        <TextRegion type="paragraph" id="r_1_6" custom="readingOrder {index:4;}">
            <Coords points="2386,2477 3676,2477 3676,2778 2386,2778"/>
            <TextLine id="tl_7" primaryLanguage="English" custom="readingOrder {index:0;}">
                <Coords points="2387,2478 3675,2478 3675,2777 2387,2777"/>
                <Baseline points="2387,2737 2858,2732 3304,2736 3674,2761"/>
                <Word id="w_w2aab1b1b2c11b1ab1" language="English" custom="readingOrder {index:0;}">
                    <Coords points="2387,2478 2858,2478 2858,2747 2387,2747"/>
                    <TextEquiv>
                        <Unicode>^J’En</Unicode>
                    </TextEquiv>
                    <TextStyle fontFamily="Times New Roman" fontSize="8.5"/>
                </Word>
                <Word id="w_w2aab1b1b2c11b1ac13" language="English" custom="readingOrder {index:1;}">
                    <Coords points="2917,2620 3304,2620 3304,2738 2917,2738"/>
                    <TextEquiv>
                        <Unicode>doutez</Unicode>
                    </TextEquiv>
                    <TextStyle fontFamily="Times New Roman" fontSize="8.5"/>
                </Word>
                <Word id="w_w2aab1b1b2c11b1ac27" language="English" custom="readingOrder {index:2;}">
                    <Coords points="3385,2633 3674,2633 3674,2776 3385,2776"/>
                    <TextEquiv>
                        <Unicode>plus,</Unicode>
                    </TextEquiv>
                    <TextStyle fontFamily="Times New Roman" fontSize="8.5"/>
                </Word>
                <TextEquiv>
                    <Unicode>N'En doutez plus,</Unicode>
                </TextEquiv>
                <TextStyle fontFamily="Times New Roman" fontSize="8.5"/>
            </TextLine>
            <TextEquiv>
                <Unicode>N'En doutez plus,</Unicode>
            </TextEquiv>
        </TextRegion>
        <TextRegion type="paragraph" id="r_1_7" custom="readingOrder {index:5;}">
            <Coords points="1032,2755 3768,2755 3768,3069 1032,3069"/>
            <TextLine id="tl_8" primaryLanguage="English" custom="readingOrder {index:0;}">
                <Coords points="1033,2756 3767,2756 3767,2926 1033,2926"/>
                <Baseline points="1033,2901 1627,2899 1775,2875 2413,2870 3185,2919 3767,2890"/>
                <Word id="w_w2aab1b1b2c13b1ab1" language="English" custom="readingOrder {index:0;}">
                    <Coords points="1033,2771 1627,2771 1627,2901 1033,2901"/>
                    <TextEquiv>
                        <Unicode>JÆadame,</Unicode>
                    </TextEquiv>
                    <TextStyle fontFamily="Times New Roman" fontSize="8.5"/>
                </Word>
                <Word id="w_w2aab1b1b2c13b1ac19" language="English" custom="readingOrder {index:1;}">
                    <Coords points="1681,2781 1775,2781 1775,2875 1681,2875"/>
                    <TextEquiv>
                        <Unicode>&amp;</Unicode>
                    </TextEquiv>
                    <TextStyle fontFamily="Times New Roman" fontSize="8.5"/>
                </Word>
                <Word id="w_w2aab1b1b2c13b1ac23" language="English" custom="readingOrder {index:2;}">
                    <Coords points="1823,2761 2413,2761 2413,2876 1823,2876"/>
                    <TextEquiv>
                        <Unicode>connoiffez</Unicode>
                    </TextEquiv>
                    <TextStyle fontFamily="Times New Roman" fontSize="8.5"/>
                </Word>
                <Word id="w_w2aab1b1b2c13b1ac45" language="English" custom="readingOrder {index:3;}">
                    <Coords points="2451,2774 3185,2774 3185,2919 2451,2919"/>
                    <TextEquiv>
                        <Unicode>aujourd’huy</Unicode>
                    </TextEquiv>
                    <TextStyle fontFamily="Times New Roman" fontSize="8.5"/>
                </Word>
                <Word id="w_w2aab1b1b2c13b1ac69" language="English" custom="readingOrder {index:4;}">
                    <Coords points="3237,2786 3767,2786 3767,2925 3237,2925"/>
                    <TextEquiv>
                        <Unicode>Lucejus:</Unicode>
                    </TextEquiv>
                    <TextStyle fontFamily="Times New Roman" fontSize="8.5"/>
                </Word>
                <TextEquiv>
                    <Unicode>Madame, &amp; connoiſſez aujourd’huy Lucejus:</Unicode>
                </TextEquiv>
                <TextStyle fontFamily="Times New Roman" fontSize="8.5"/>
            </TextLine>
            <TextLine id="tl_9" primaryLanguage="English" custom="readingOrder {index:1;}">
                <Coords points="1046,2902 3369,2902 3369,3068 1046,3068"/>
                <Baseline points="1046,3033 1186,3029 1578,3025 1973,3024 2191,3023 2581,3015 2725,3023 3014,3029 3292,3034 3368,3054"/>
                <Word id="w_w2aab1b1b2c13b3ab1" language="English" custom="readingOrder {index:0;}">
                    <Coords points="1046,2908 1186,2908 1186,3033 1046,3033"/>
                    <TextEquiv>
                        <Unicode>ie</Unicode>
                    </TextEquiv>
                    <TextStyle fontFamily="Times New Roman" fontSize="8.5"/>
                </Word>
                <Word id="w_w2aab1b1b2c13b3ab7" language="English" custom="readingOrder {index:1;}">
                    <Coords points="1278,2917 1578,2917 1578,3028 1278,3028"/>
                    <TextEquiv>
                        <Unicode>fidcle</Unicode>
                    </TextEquiv>
                    <TextStyle fontFamily="Times New Roman" fontSize="8.5"/>
                </Word>
                <Word id="w_w2aab1b1b2c13b3ac21" language="English" custom="readingOrder {index:2;}">
                    <Coords points="1616,2918 1973,2918 1973,3029 1616,3029"/>
                    <TextEquiv>
                        <Unicode>Celfus</Unicode>
                    </TextEquiv>
                    <TextStyle fontFamily="Times New Roman" fontSize="8.5"/>
                </Word>
                <Word id="w_w2aab1b1b2c13b3ac35" language="English" custom="readingOrder {index:3;}">
                    <Coords points="2020,2908 2191,2908 2191,3029 2020,3029"/>
                    <TextEquiv>
                        <Unicode>fût</Unicode>
                    </TextEquiv>
                    <TextStyle fontFamily="Times New Roman" fontSize="8.5"/>
                </Word>
                <Word id="w_w2aab1b1b2c13b3ac43" language="English" custom="readingOrder {index:4;}">
                    <Coords points="2232,2909 2581,2909 2581,3058 2232,3058"/>
                    <TextEquiv>
                        <Unicode>captif</Unicode>
                    </TextEquiv>
                    <TextStyle fontFamily="Times New Roman" fontSize="8.5"/>
                </Word>
                <Word id="w_w2aab1b1b2c13b3ac57" language="English" custom="readingOrder {index:5;}">
                    <Coords points="2604,2913 2725,2913 2725,3023 2604,3023"/>
                    <TextEquiv>
                        <Unicode>de</Unicode>
                    </TextEquiv>
                    <TextStyle fontFamily="Times New Roman" fontSize="8.5"/>
                </Word>
                <Word id="w_w2aab1b1b2c13b3ac63" language="English" custom="readingOrder {index:6;}">
                    <Coords points="2762,2960 3014,2960 3014,3029 2762,3029"/>
                    <TextEquiv>
                        <Unicode>mon</Unicode>
                    </TextEquiv>
                    <TextStyle fontFamily="Times New Roman" fontSize="8.5"/>
                </Word>
                <Word id="w_w2aab1b1b2c13b3ac71" language="English" custom="readingOrder {index:7;}">
                    <Coords points="3054,2963 3292,2963 3292,3067 3054,3067"/>
                    <TextEquiv>
                        <Unicode>père</Unicode>
                    </TextEquiv>
                    <TextStyle fontFamily="Times New Roman" fontSize="8.5"/>
                </Word>
                <Word id="w_w2aab1b1b2c13b3ac81" language="English" custom="readingOrder {index:8;}">
                    <Coords points="3336,3008 3368,3008 3368,3054 3336,3054"/>
                    <TextEquiv>
                        <Unicode>,</Unicode>
                    </TextEquiv>
                    <TextStyle fontFamily="Times New Roman" fontSize="8.5"/>
                </Word>
                <TextEquiv>
                    <Unicode>Le fidele Celſus fût captif de mon père,</Unicode>
                </TextEquiv>
                <TextStyle fontFamily="Times New Roman" fontSize="8.5"/>
            </TextLine>
            <TextEquiv>
                <Unicode>Madame, &amp; connoiſſez aujourd’huy Lucejus:
Le fidele Celſus fût captif de mon père,</Unicode>
            </TextEquiv>
        </TextRegion>
        <TextRegion type="paragraph" id="r_1_8" custom="readingOrder {index:6;}">
            <Coords points="1040,3059 3443,3059 3443,3225 1040,3225"/>
            <TextLine id="tl_10" primaryLanguage="English" custom="readingOrder {index:0;}">
                <Coords points="1041,3060 3442,3060 3442,3224 1041,3224"/>
                <Baseline points="1042,3172 1138,3177 1810,3172 2126,3171 2206,3197 2374,3172 2642,3171 2814,3216 2962,3176 3442,3202"/>
                <Word id="w_w2aab1b1b2c15b1ab1" language="English" custom="readingOrder {index:0;}">
                    <Coords points="1042,3073 1138,3073 1138,3177 1042,3177"/>
                    <TextEquiv>
                        <Unicode>Il</Unicode>
                    </TextEquiv>
                    <TextStyle fontFamily="Times New Roman" fontSize="8.5"/>
                </Word>
                <Word id="w_w2aab1b1b2c15b1ab7" language="English" custom="readingOrder {index:1;}">
                    <Coords points="1200,3071 1810,3071 1810,3217 1200,3217"/>
                    <TextEquiv>
                        <Unicode>le.renvoya</Unicode>
                    </TextEquiv>
                    <TextStyle fontFamily="Times New Roman" fontSize="8.5"/>
                </Word>
                <Word id="w_w2aab1b1b2c15b1ac29" language="English" custom="readingOrder {index:2;}">
                    <Coords points="1864,3066 2126,3066 2126,3173 1864,3173"/>
                    <TextEquiv>
                        <Unicode>libre</Unicode>
                    </TextEquiv>
                    <TextStyle fontFamily="Times New Roman" fontSize="8.5"/>
                </Word>
                <Word id="w_w2aab1b1b2c15b1ac41" language="English" custom="readingOrder {index:3;}">
                    <Coords points="2169,3145 2206,3145 2206,3197 2169,3197"/>
                    <TextEquiv>
                        <Unicode>-</Unicode>
                    </TextEquiv>
                    <TextStyle fontFamily="Times New Roman" fontSize="8.5"/>
                </Word>
                <Word id="w_w2aab1b1b2c15b1ac45" language="English" custom="readingOrder {index:4;}">
                    <Coords points="2278,3082 2374,3082 2374,3172 2278,3172"/>
                    <TextEquiv>
                        <Unicode>&amp;</Unicode>
                    </TextEquiv>
                    <TextStyle fontFamily="Times New Roman" fontSize="8.5"/>
                </Word>
                <Word id="w_w2aab1b1b2c15b1ac49" language="English" custom="readingOrder {index:5;}">
                    <Coords points="2445,3066 2642,3066 2642,3202 2445,3202"/>
                    <TextEquiv>
                        <Unicode>j’en</Unicode>
                    </TextEquiv>
                    <TextStyle fontFamily="Times New Roman" fontSize="8.5"/>
                </Word>
                <Word id="w_w2aab1b1b2c15b1ac59" language="English" custom="readingOrder {index:6;}">
                    <Coords points="2688,3105 2814,3105 2814,3216 2688,3216"/>
                    <TextEquiv>
                        <Unicode>ay</Unicode>
                    </TextEquiv>
                    <TextStyle fontFamily="Times New Roman" fontSize="8.5"/>
                </Word>
                <Word id="w_w2aab1b1b2c15b1ac65" language="English" custom="readingOrder {index:7;}">
                    <Coords points="2868,3072 2962,3072 2962,3176 2868,3176"/>
                    <TextEquiv>
                        <Unicode>le</Unicode>
                    </TextEquiv>
                    <TextStyle fontFamily="Times New Roman" fontSize="8.5"/>
                </Word>
                <Word id="w_w2aab1b1b2c15b1ac71" language="English" custom="readingOrder {index:8;}">
                    <Coords points="3002,3071 3442,3071 3442,3202 3002,3202"/>
                    <TextEquiv>
                        <Unicode>falaire,</Unicode>
                    </TextEquiv>
                    <TextStyle fontFamily="Times New Roman" fontSize="8.5"/>
                </Word>
                <TextEquiv>
                    <Unicode>Il le renvoya libre, &amp; j’en ay le ſalaire,</Unicode>
                </TextEquiv>
                <TextStyle fontFamily="Times New Roman" fontSize="8.5"/>
            </TextLine>
            <TextEquiv>
                <Unicode>Il le renvoya libre, &amp; j’en ay le ſalaire,</Unicode>
            </TextEquiv>
        </TextRegion>
        <TextRegion type="paragraph" id="r_1_9" custom="readingOrder {index:7;}">
            <Coords points="1032,3209 3956,3211 3956,3496 1032,3494"/>
            <TextLine id="tl_11" primaryLanguage="English" custom="readingOrder {index:0;}">
                <Coords points="1033,3210 3954,3212 3954,3376 1033,3374"/>
                <Baseline points="1033,3331 1315,3323 1567,3360 1829,3320 2135,3325 2669,3319 2961,3324 3159,3325 3511,3335 3693,3340 3948,3342"/>
                <Word id="w_w2aab1b1b2c17b1ab1" language="English" custom="readingOrder {index:0;}">
                    <Coords points="1033,3221 1315,3221 1315,3331 1033,3331"/>
                    <TextEquiv>
                        <Unicode>C’eft</Unicode>
                    </TextEquiv>
                    <TextStyle fontFamily="Times New Roman" fontSize="8.5"/>
                </Word>
                <Word id="w_w2aab1b1b2c17b1ac13" language="English" custom="readingOrder {index:1;}">
                    <Coords points="1389,3220 1567,3220 1567,3360 1389,3360"/>
                    <TextEquiv>
                        <Unicode>luy</Unicode>
                    </TextEquiv>
                    <TextStyle fontFamily="Times New Roman" fontSize="8.5"/>
                </Word>
                <Word id="w_w2aab1b1b2c17b1ac21" language="English" custom="readingOrder {index:2;}">
                    <Coords points="1641,3219 1829,3219 1829,3365 1641,3365"/>
                    <TextEquiv>
                        <Unicode>qui</Unicode>
                    </TextEquiv>
                    <TextStyle fontFamily="Times New Roman" fontSize="8.5"/>
                </Word>
                <Word id="w_w2aab1b1b2c17b1ac29" language="English" custom="readingOrder {index:3;}">
                    <Coords points="1933,3221 2135,3221 2135,3325 1933,3325"/>
                    <TextEquiv>
                        <Unicode>m’a</Unicode>
                    </TextEquiv>
                    <TextStyle fontFamily="Times New Roman" fontSize="8.5"/>
                </Word>
                <Word id="w_w2aab1b1b2c17b1ac37" language="English" custom="readingOrder {index:4;}">
                    <Coords points="2233,3216 2669,3216 2669,3325 2233,3325"/>
                    <TextEquiv>
                        <Unicode>conduit</Unicode>
                    </TextEquiv>
                    <TextStyle fontFamily="Times New Roman" fontSize="8.5"/>
                </Word>
                <Word id="w_w2aab1b1b2c17b1ac53" language="English" custom="readingOrder {index:5;}">
                    <Coords points="2723,3255 2961,3255 2961,3364 2723,3364"/>
                    <TextEquiv>
                        <Unicode>près</Unicode>
                    </TextEquiv>
                    <TextStyle fontFamily="Times New Roman" fontSize="8.5"/>
                </Word>
                <Word id="w_w2aab1b1b2c17b1ac63" language="English" custom="readingOrder {index:6;}">
                    <Coords points="3035,3221 3159,3221 3159,3329 3035,3329"/>
                    <TextEquiv>
                        <Unicode>de</Unicode>
                    </TextEquiv>
                    <TextStyle fontFamily="Times New Roman" fontSize="8.5"/>
                </Word>
                <Word id="w_w2aab1b1b2c17b1ac69" language="English" custom="readingOrder {index:7;}">
                    <Coords points="3247,3264 3511,3264 3511,3335 3247,3335"/>
                    <TextEquiv>
                        <Unicode>vous</Unicode>
                    </TextEquiv>
                    <TextStyle fontFamily="Times New Roman" fontSize="8.5"/>
                </Word>
                <Word id="w_w2aab1b1b2c17b1ac79" language="English" custom="readingOrder {index:8;}">
                    <Coords points="3569,3269 3693,3269 3693,3340 3569,3340"/>
                    <TextEquiv>
                        <Unicode>en</Unicode>
                    </TextEquiv>
                    <TextStyle fontFamily="Times New Roman" fontSize="8.5"/>
                </Word>
                <Word id="word_1548531792171_1537" custom="readingOrder {index:9;}">
                    <Coords points="3782,3252 3948,3252 3948,3350 3782,3350"/>
                    <TextEquiv>
                        <Unicode></Unicode>
                    </TextEquiv>
                </Word>
                <TextEquiv>
                    <Unicode>C’eſt luy qui m’a conduit prés de vous en ces</Unicode>
                </TextEquiv>
                <TextStyle fontFamily="Times New Roman" fontSize="8.5"/>
            </TextLine>
            <TextLine id="tl_12" primaryLanguage="English" custom="readingOrder {index:1;}">
                <Coords points="1246,3369 1667,3369 1667,3493 1246,3493"/>
                <Baseline points="1246,3473 1539,3478 1666,3493"/>
                <Word id="w_w2aab1b1b2c17b3ab1" language="English" custom="readingOrder {index:0;}">
                    <Coords points="1246,3369 1539,3369 1539,3478 1246,3478"/>
                    <TextEquiv>
                        <Unicode>lieux</Unicode>
                    </TextEquiv>
                    <TextStyle fontFamily="Times New Roman" fontSize="8.5"/>
                </Word>
                <Word id="w_w2aab1b1b2c17b3ac13" language="English" custom="readingOrder {index:1;}">
                    <Coords points="1636,3447 1666,3447 1666,3493 1636,3493"/>
                    <TextEquiv>
                        <Unicode>,</Unicode>
                    </TextEquiv>
                    <TextStyle fontFamily="Times New Roman" fontSize="8.5"/>
                </Word>
                <TextEquiv>
                    <Unicode>lieux,</Unicode>
                </TextEquiv>
                <TextStyle fontFamily="Times New Roman" fontSize="8.5"/>
            </TextLine>
            <TextEquiv>
                <Unicode>C’eſt luy qui m’a conduit prés de vous en ces
lieux,</Unicode>
            </TextEquiv>
        </TextRegion>
        <TextRegion type="paragraph" id="r_1_10" custom="readingOrder {index:8;}">
            <Coords points="1022,3505 3813,3505 3813,3853 1022,3853"/>
            <TextLine id="tl_13" primaryLanguage="English" custom="readingOrder {index:0;}">
                <Coords points="1023,3506 3812,3506 3812,3684 1023,3684"/>
                <Baseline points="1023,3672 1158,3621 1500,3626 1860,3622 2086,3627 2358,3626 2438,3646 2650,3623 3104,3631 3214,3627 3452,3626 3812,3642"/>
                <Word id="w_w2aab1b1b2c19b1ab1" language="English" custom="readingOrder {index:0;}">
                    <Coords points="1023,3516 1158,3516 1158,3672 1023,3672"/>
                    <TextEquiv>
                        <Unicode>Je</Unicode>
                    </TextEquiv>
                    <TextStyle fontFamily="Times New Roman" fontSize="8.5"/>
                </Word>
                <Word id="w_w2aab1b1b2c19b1ab7" language="English" custom="readingOrder {index:1;}">
                    <Coords points="1216,3517 1500,3517 1500,3631 1216,3631"/>
                    <TextEquiv>
                        <Unicode>viens</Unicode>
                    </TextEquiv>
                    <TextStyle fontFamily="Times New Roman" fontSize="8.5"/>
                </Word>
                <Word id="w_w2aab1b1b2c19b1ac19" language="English" custom="readingOrder {index:2;}">
                    <Coords points="1542,3511 1860,3511 1860,3627 1542,3627"/>
                    <TextEquiv>
                        <Unicode>brifer</Unicode>
                    </TextEquiv>
                    <TextStyle fontFamily="Times New Roman" fontSize="8.5"/>
                </Word>
                <Word id="w_w2aab1b1b2c19b1ac33" language="English" custom="readingOrder {index:3;}">
                    <Coords points="1898,3556 2086,3556 2086,3632 1898,3632"/>
                    <TextEquiv>
                        <Unicode>vos</Unicode>
                    </TextEquiv>
                    <TextStyle fontFamily="Times New Roman" fontSize="8.5"/>
                </Word>
                <Word id="w_w2aab1b1b2c19b1ac41" language="English" custom="readingOrder {index:4;}">
                    <Coords points="2150,3511 2358,3511 2358,3626 2150,3626"/>
                    <TextEquiv>
                        <Unicode>fers</Unicode>
                    </TextEquiv>
                    <TextStyle fontFamily="Times New Roman" fontSize="8.5"/>
                </Word>
                <Word id="w_w2aab1b1b2c19b1ac51" language="English" custom="readingOrder {index:5;}">
                    <Coords points="2406,3600 2438,3600 2438,3646 2406,3646"/>
                    <TextEquiv>
                        <Unicode>,</Unicode>
                    </TextEquiv>
                    <TextStyle fontFamily="Times New Roman" fontSize="8.5"/>
                </Word>
                <Word id="w_w2aab1b1b2c19b1ac55" language="English" custom="readingOrder {index:6;}">
                    <Coords points="2516,3557 2650,3557 2650,3623 2516,3623"/>
                    <TextEquiv>
                        <Unicode>ou</Unicode>
                    </TextEquiv>
                    <TextStyle fontFamily="Times New Roman" fontSize="8.5"/>
                </Word>
                <Word id="w_w2aab1b1b2c19b1ac61" language="English" custom="readingOrder {index:7;}">
                    <Coords points="2698,3521 3104,3521 3104,3631 2698,3631"/>
                    <TextEquiv>
                        <Unicode>mourir</Unicode>
                    </TextEquiv>
                    <TextStyle fontFamily="Times New Roman" fontSize="8.5"/>
                </Word>
                <Word id="w_w2aab1b1b2c19b1ac75" language="English" custom="readingOrder {index:8;}">
                    <Coords points="3158,3515 3214,3515 3214,3627 3158,3627"/>
                    <TextEquiv>
                        <Unicode>à</Unicode>
                    </TextEquiv>
                    <TextStyle fontFamily="Times New Roman" fontSize="8.5"/>
                </Word>
                <Word id="w_w2aab1b1b2c19b1ac79" language="English" custom="readingOrder {index:9;}">
                    <Coords points="3262,3556 3452,3556 3452,3632 3262,3632"/>
                    <TextEquiv>
                        <Unicode>vos</Unicode>
                    </TextEquiv>
                    <TextStyle fontFamily="Times New Roman" fontSize="8.5"/>
                </Word>
                <Word id="w_w2aab1b1b2c19b1ac87" language="English" custom="readingOrder {index:10;}">
                    <Coords points="3503,3565 3812,3565 3812,3675 3503,3675"/>
                    <TextEquiv>
                        <Unicode>yeux.</Unicode>
                    </TextEquiv>
                    <TextStyle fontFamily="Times New Roman" fontSize="8.5"/>
                </Word>
                <TextEquiv>
                    <Unicode>Je viens briſer vos fers, ou mourir à vos yeux.</Unicode>
                </TextEquiv>
                <TextStyle fontFamily="Times New Roman" fontSize="8.5"/>
            </TextLine>
            <TextLine id="tl_14" primaryLanguage="English" custom="readingOrder {index:1;}">
                <Coords points="2027,3738 2917,3738 2917,3852 2027,3852"/>
                <Baseline points="2027,3841 2215,3849 2917,3848"/>
                <Word id="w_w2aab1b1b2c19b3ab1" language="English" custom="readingOrder {index:0;}">
                    <Coords points="2027,3740 2729,3740 2729,3849 2027,3849"/>
                    <TextEquiv>
                        <Unicode>ISPERI</Unicode>
                    </TextEquiv>
                    <TextStyle fontFamily="Times New Roman" fontSize="8.5"/>
                </Word>
                <Word id="w_w2aab1b1b2c19b3b1b3" language="English" custom="readingOrder {index:1;}">
                    <Coords points="2797,3744 2917,3744 2917,3848 2797,3848"/>
                    <TextEquiv>
                        <Unicode>E.</Unicode>
                    </TextEquiv>
                    <TextStyle fontFamily="Times New Roman" fontSize="8.5"/>
                </Word>
                <TextEquiv>
                    <Unicode>ISPERIE.</Unicode>
                </TextEquiv>
            </TextLine>
            <TextEquiv>
                <Unicode>Je viens briſer vos fers, ou mourir à vos yeux.
ISPERIE.</Unicode>
            </TextEquiv>
        </TextRegion>
        <TextRegion type="paragraph" id="r_1_11" custom="readingOrder {index:9;}">
            <Coords points="1031,3949 2201,3949 2201,4106 1031,4106"/>
            <TextLine id="tl_15" primaryLanguage="English" custom="readingOrder {index:0;}">
                <Coords points="1032,3950 2200,3950 2200,4105 1032,4105"/>
                <Baseline points="1032,4073 1266,4067 1336,4068 2132,4057 2200,4057"/>
                <Word id="w_w2aab1b1b2c21b1ab1" language="English" custom="readingOrder {index:0;}">
                    <Coords points="1032,3951 1266,3951 1266,4073 1032,4073"/>
                    <TextEquiv>
                        <Unicode>Ciel</Unicode>
                    </TextEquiv>
                    <TextStyle fontFamily="Times New Roman" fontSize="8.5"/>
                </Word>
                <Word id="w_w2aab1b1b2c21b1ac11" language="English" custom="readingOrder {index:1;}">
                    <Coords points="1310,3971 1336,3971 1336,4068 1310,4068"/>
                    <TextEquiv>
                        <Unicode>!</Unicode>
                    </TextEquiv>
                    <TextStyle fontFamily="Times New Roman" fontSize="8.5"/>
                </Word>
                <Word id="w_w2aab1b1b2c21b1ac15" language="English" custom="readingOrder {index:2;}">
                    <Coords points="1398,3952 2132,3952 2132,4102 1398,4102"/>
                    <TextEquiv>
                        <Unicode>qu’entens-je</Unicode>
                    </TextEquiv>
                    <TextStyle fontFamily="Times New Roman" fontSize="8.5"/>
                </Word>
                <Word id="w_w2aab1b1b2c21b1ac41" language="English" custom="readingOrder {index:3;}">
                    <Coords points="2174,3971 2200,3971 2200,4057 2174,4057"/>
                    <TextEquiv>
                        <Unicode>?</Unicode>
                    </TextEquiv>
                    <TextStyle fontFamily="Times New Roman" fontSize="8.5"/>
                </Word>
                <TextEquiv>
                    <Unicode>Ciel! qu’entens-je?</Unicode>
                </TextEquiv>
                <TextStyle fontFamily="Times New Roman" fontSize="8.5"/>
            </TextLine>
            <TextEquiv>
                <Unicode>Ciel! qu’entens-je?</Unicode>
            </TextEquiv>
        </TextRegion>
        <TextRegion type="paragraph" id="r_1_12" custom="readingOrder {index:10;}">
            <Coords points="2036,4098 2933,4098 2933,4257 2036,4257"/>
            <TextLine id="tl_16" primaryLanguage="English" custom="readingOrder {index:0;}">
                <Coords points="2037,4099 2932,4099 2932,4256 2037,4256"/>
                <Baseline points="2037,4211 2528,4211 2626,4255 2788,4214 2931,4204"/>
                <Word id="w_w2aab1b1b2c23b1ab1" language="English" custom="readingOrder {index:0;}">
                    <Coords points="2037,4101 2528,4101 2528,4214 2037,4214"/>
                    <TextEquiv>
                        <Unicode>LUCE</Unicode>
                    </TextEquiv>
                    <TextStyle fontFamily="Times New Roman" fontSize="10.0" bold="true"/>
                </Word>
                <Word id="w_w2aab1b1b2c23b1ac11" language="English" custom="readingOrder {index:1;}">
                    <Coords points="2575,4115 2626,4115 2626,4255 2575,4255"/>
                    <TextEquiv>
                        <Unicode>J</Unicode>
                    </TextEquiv>
                    <TextStyle fontFamily="Times New Roman" fontSize="10.0" bold="true"/>
                </Word>
                <Word id="w_w2aab1b1b2c23b1ac15" language="English" custom="readingOrder {index:2;}">
                    <Coords points="2677,4101 2788,4101 2788,4214 2677,4214"/>
                    <TextEquiv>
                        <Unicode>U</Unicode>
                    </TextEquiv>
                    <TextStyle fontFamily="Times New Roman" fontSize="10.0" bold="true"/>
                </Word>
                <Word id="w_w2aab1b1b2c23b1ac19" language="English" custom="readingOrder {index:3;}">
                    <Coords points="2827,4120 2931,4120 2931,4214 2827,4214"/>
                    <TextEquiv>
                        <Unicode>S.</Unicode>
                    </TextEquiv>
                    <TextStyle fontFamily="Times New Roman" fontSize="10.0" bold="true"/>
                </Word>
                <TextEquiv>
                    <Unicode>LUCEJUS.</Unicode>
                </TextEquiv>
                <TextStyle fontFamily="Times New Roman" fontSize="10.0" bold="true"/>
            </TextLine>
            <TextEquiv>
                <Unicode>LUCEJUS.</Unicode>
            </TextEquiv>
        </TextRegion>
        <TextRegion type="paragraph" id="r_1_13" custom="readingOrder {index:11;}">
            <Coords points="1006,4250 3932,4250 3932,4843 1006,4843"/>
            <TextLine id="tl_17" primaryLanguage="English" custom="readingOrder {index:0;}">
                <Coords points="2242,4251 3931,4251 3931,4407 2242,4407"/>
                <Baseline points="2243,4364 2561,4363 3233,4368 3931,4399"/>
                <Word id="w_w2aab1b1b2c25b1ab1" language="English" custom="readingOrder {index:0;}">
                    <Coords points="2243,4254 2561,4254 2561,4364 2243,4364"/>
                    <TextEquiv>
                        <Unicode>Voila</Unicode>
                    </TextEquiv>
                    <TextStyle fontFamily="Times New Roman" fontSize="8.5"/>
                </Word>
                <Word id="w_w2aab1b1b2c25b1ac13" language="English" custom="readingOrder {index:1;}">
                    <Coords points="2615,4253 3233,4253 3233,4403 2615,4403"/>
                    <TextEquiv>
                        <Unicode>lefujetqui</Unicode>
                    </TextEquiv>
                    <TextStyle fontFamily="Times New Roman" fontSize="8.5"/>
                </Word>
                <Word id="w_w2aab1b1b2c25b1ac35" language="English" custom="readingOrder {index:2;}">
                    <Coords points="3297,4264 3931,4264 3931,4399 3297,4399"/>
                    <TextEquiv>
                        <Unicode>m’ameine,</Unicode>
                    </TextEquiv>
                    <TextStyle fontFamily="Times New Roman" fontSize="8.5"/>
                </Word>
                <TextEquiv>
                    <Unicode>Voila le ſujet qui m’ameine,</Unicode>
                </TextEquiv>
                <TextStyle fontFamily="Times New Roman" fontSize="8.5"/>
            </TextLine>
            <TextLine id="tl_18" primaryLanguage="English" custom="readingOrder {index:1;}">
                <Coords points="1022,4390 3920,4390 3920,4558 1022,4558"/>
                <Baseline points="1022,4507 1270,4507 1720,4517 1998,4512 2448,4506 2764,4512 2892,4512 3258,4516 3920,4540"/>
                <Word id="w_w2aab1b1b2c25b3ab1" language="English" custom="readingOrder {index:0;}">
                    <Coords points="1022,4406 1270,4406 1270,4507 1022,4507"/>
                    <TextEquiv>
                        <Unicode>Mes</Unicode>
                    </TextEquiv>
                    <TextStyle fontFamily="Times New Roman" fontSize="8.5"/>
                </Word>
                <Word id="w_w2aab1b1b2c25b3ab9" language="English" custom="readingOrder {index:1;}">
                    <Coords points="1334,4392 1720,4392 1720,4517 1334,4517"/>
                    <TextEquiv>
                        <Unicode>foldats</Unicode>
                    </TextEquiv>
                    <TextStyle fontFamily="Times New Roman" fontSize="8.5"/>
                </Word>
                <Word id="w_w2aab1b1b2c25b3ac25" language="English" custom="readingOrder {index:2;}">
                    <Coords points="1770,4401 1998,4401 1998,4516 1770,4516"/>
                    <TextEquiv>
                        <Unicode>font</Unicode>
                    </TextEquiv>
                    <TextStyle fontFamily="Times New Roman" fontSize="8.5"/>
                </Word>
                <Word id="w_w2aab1b1b2c25b3ac35" language="English" custom="readingOrder {index:3;}">
                    <Coords points="2050,4395 2448,4395 2448,4511 2050,4511"/>
                    <TextEquiv>
                        <Unicode>cachez</Unicode>
                    </TextEquiv>
                    <TextStyle fontFamily="Times New Roman" fontSize="8.5"/>
                </Word>
                <Word id="w_w2aab1b1b2c25b3ac49" language="English" custom="readingOrder {index:4;}">
                    <Coords points="2516,4403 2764,4403 2764,4512 2516,4512"/>
                    <TextEquiv>
                        <Unicode>dans</Unicode>
                    </TextEquiv>
                    <TextStyle fontFamily="Times New Roman" fontSize="8.5"/>
                </Word>
                <Word id="w_w2aab1b1b2c25b3ac59" language="English" custom="readingOrder {index:5;}">
                    <Coords points="2792,4402 2892,4402 2892,4512 2792,4512"/>
                    <TextEquiv>
                        <Unicode>la</Unicode>
                    </TextEquiv>
                    <TextStyle fontFamily="Times New Roman" fontSize="8.5"/>
                </Word>
                <Word id="w_w2aab1b1b2c25b3ac65" language="English" custom="readingOrder {index:6;}">
                    <Coords points="2940,4400 3258,4400 3258,4517 2940,4517"/>
                    <TextEquiv>
                        <Unicode>foreft</Unicode>
                    </TextEquiv>
                    <TextStyle fontFamily="Times New Roman" fontSize="8.5"/>
                </Word>
                <Word id="w_w2aab1b1b2c25b3ac79" language="English" custom="readingOrder {index:7;}">
                    <Coords points="3292,4411 3920,4411 3920,4556 3292,4556"/>
                    <TextEquiv>
                        <Unicode>prochaine,</Unicode>
                    </TextEquiv>
                    <TextStyle fontFamily="Times New Roman" fontSize="8.5"/>
                </Word>
                <TextEquiv>
                    <Unicode>Mes ſoldats ſont cachez dans la foreſt prochaine,</Unicode>
                </TextEquiv>
                <TextStyle fontFamily="Times New Roman" fontSize="8.5"/>
            </TextLine>
            <TextLine id="tl_19" primaryLanguage="English" custom="readingOrder {index:2;}">
                <Coords points="1007,4542 3930,4542 3930,4713 1007,4713"/>
                <Baseline points="1007,4700 1528,4654 1820,4660 1988,4658 2150,4655 2542,4695 2642,4659 2972,4664 3930,4675"/>
                <Word id="w_w2aab1b1b2c25b5ab1" language="English" custom="readingOrder {index:0;}">
                    <Coords points="1007,4551 1528,4551 1528,4700 1007,4700"/>
                    <TextEquiv>
                        <Unicode>Jufqu’au</Unicode>
                    </TextEquiv>
                    <TextStyle fontFamily="Times New Roman" fontSize="8.5"/>
                </Word>
                <Word id="w_w2aab1b1b2c25b5ac19" language="English" custom="readingOrder {index:1;}">
                    <Coords points="1577,4595 1820,4595 1820,4699 1577,4699"/>
                    <TextEquiv>
                        <Unicode>pics</Unicode>
                    </TextEquiv>
                    <TextStyle fontFamily="Times New Roman" fontSize="8.5"/>
                </Word>
                <Word id="w_w2aab1b1b2c25b5ac29" language="English" custom="readingOrder {index:2;}">
                    <Coords points="1863,4552 1988,4552 1988,4660 1863,4660"/>
                    <TextEquiv>
                        <Unicode>de</Unicode>
                    </TextEquiv>
                    <TextStyle fontFamily="Times New Roman" fontSize="8.5"/>
                </Word>
                <Word id="w_w2aab1b1b2c25b5ac35" language="English" custom="readingOrder {index:3;}">
                    <Coords points="2037,4589 2150,4589 2150,4661 2037,4661"/>
                    <TextEquiv>
                        <Unicode>ce</Unicode>
                    </TextEquiv>
                    <TextStyle fontFamily="Times New Roman" fontSize="8.5"/>
                </Word>
                <Word id="w_w2aab1b1b2c25b5ac41" language="English" custom="readingOrder {index:4;}">
                    <Coords points="2199,4559 2542,4559 2542,4695 2199,4695"/>
                    <TextEquiv>
                        <Unicode>Camp</Unicode>
                    </TextEquiv>
                    <TextStyle fontFamily="Times New Roman" fontSize="8.5"/>
                </Word>
                <Word id="w_w2aab1b1b2c25b5ac51" language="English" custom="readingOrder {index:5;}">
                    <Coords points="2583,4550 2840,4550 2840,4664 2583,4664"/>
                    <TextEquiv>
                        <Unicode>nous</Unicode>
                    </TextEquiv>
                    <TextStyle fontFamily="Times New Roman" fontSize="8.5"/>
                </Word>
                <Word id="w_w2aab1b1b2c25b5b1b1" language="English" custom="readingOrder {index:6;}">
                    <Coords points="2911,4550 3364,4550 3364,4708 2911,4708"/>
                    <TextEquiv>
                        <Unicode>fommes</Unicode>
                    </TextEquiv>
                    <TextStyle fontFamily="Times New Roman" fontSize="8.0"/>
                </Word>
                <Word id="w_w2aab1b1b2c25b5b2b1" language="English" custom="readingOrder {index:7;}">
                    <Coords points="3429,4600 3930,4600 3930,4709 3429,4709"/>
                    <TextEquiv>
                        <Unicode>parvenus</Unicode>
                    </TextEquiv>
                    <TextStyle fontFamily="Times New Roman" fontSize="8.5"/>
                </Word>
                <TextEquiv>
                    <Unicode>Juſqu’au prés de ce Camp nous ſommes parvenus</Unicode>
                </TextEquiv>
            </TextLine>
            <TextLine id="tl_20" primaryLanguage="English" custom="readingOrder {index:3;}">
                <Coords points="1017,4692 3703,4692 3703,4842 1017,4842"/>
                <Baseline points="1017,4809 1217,4803 1433,4804 1771,4813 2229,4809 2311,4822 2527,4809 3085,4813 3629,4819 3703,4842"/>
                <Word id="w_w2aab1b1b2c25b7ab1" language="English" custom="readingOrder {index:0;}">
                    <Coords points="1017,4708 1217,4708 1217,4809 1017,4809"/>
                    <TextEquiv>
                        <Unicode>Par</Unicode>
                    </TextEquiv>
                    <TextStyle fontFamily="Times New Roman" fontSize="8.5"/>
                </Word>
                <Word id="w_w2aab1b1b2c25b7ab9" language="English" custom="readingOrder {index:1;}">
                    <Coords points="1259,4703 1433,4703 1433,4804 1259,4804"/>
                    <TextEquiv>
                        <Unicode>des</Unicode>
                    </TextEquiv>
                    <TextStyle fontFamily="Times New Roman" fontSize="8.5"/>
                </Word>
                <Word id="w_w2aab1b1b2c25b7ac17" language="English" custom="readingOrder {index:2;}">
                    <Coords points="1483,4702 1771,4702 1771,4813 1483,4813"/>
                    <TextEquiv>
                        <Unicode>lieux</Unicode>
                    </TextEquiv>
                    <TextStyle fontFamily="Times New Roman" fontSize="8.5"/>
                </Word>
                <Word id="w_w2aab1b1b2c25b7ac29" language="English" custom="readingOrder {index:3;}">
                    <Coords points="1809,4708 2229,4708 2229,4814 1809,4814"/>
                    <TextEquiv>
                        <Unicode>écartez</Unicode>
                    </TextEquiv>
                    <TextStyle fontFamily="Times New Roman" fontSize="8.5"/>
                </Word>
                <Word id="w_w2aab1b1b2c25b7ac45" language="English" custom="readingOrder {index:4;}">
                    <Coords points="2279,4774 2311,4774 2311,4822 2279,4822"/>
                    <TextEquiv>
                        <Unicode>,</Unicode>
                    </TextEquiv>
                    <TextStyle fontFamily="Times New Roman" fontSize="8.5"/>
                </Word>
                <Word id="w_w2aab1b1b2c25b7ac49" language="English" custom="readingOrder {index:5;}">
                    <Coords points="2353,4698 2527,4698 2527,4809 2353,4809"/>
                    <TextEquiv>
                        <Unicode>des</Unicode>
                    </TextEquiv>
                    <TextStyle fontFamily="Times New Roman" fontSize="8.5"/>
                </Word>
                <Word id="w_w2aab1b1b2c25b7ac57" language="English" custom="readingOrder {index:6;}">
                    <Coords points="2599,4703 3085,4703 3085,4813 2599,4813"/>
                    <TextEquiv>
                        <Unicode>chemins</Unicode>
                    </TextEquiv>
                    <TextStyle fontFamily="Times New Roman" fontSize="8.5"/>
                </Word>
                <Word id="w_w2aab1b1b2c25b7ac73" language="English" custom="readingOrder {index:7;}">
                    <Coords points="3129,4713 3629,4713 3629,4823 3129,4823"/>
                    <TextEquiv>
                        <Unicode>incorinus</Unicode>
                    </TextEquiv>
                    <TextStyle fontFamily="Times New Roman" fontSize="8.5"/>
                </Word>
                <Word id="w_w2aab1b1b2c25b7ac93" language="English" custom="readingOrder {index:8;}">
                    <Coords points="3663,4793 3703,4793 3703,4842 3663,4842"/>
                    <TextEquiv>
                        <Unicode>,</Unicode>
                    </TextEquiv>
                    <TextStyle fontFamily="Times New Roman" fontSize="8.5"/>
                </Word>
                <TextEquiv>
                    <Unicode>Par des lieux écartez, des chemins inconnus,</Unicode>
                </TextEquiv>
                <TextStyle fontFamily="Times New Roman" fontSize="8.5"/>
            </TextLine>
            <TextEquiv>
                <Unicode>Voila le ſujet qui m’ameine,
Mes ſoldats ſont cachez dans la foreſt prochaine,
Juſqu’au prés de ce Camp nous ſommes parvenus
Par des lieux écartez, des chemins inconnus,</Unicode>
            </TextEquiv>
        </TextRegion>
        <TextRegion type="paragraph" id="r_1_14" custom="readingOrder {index:12;}">
            <Coords points="1001,4843 3695,4843 3695,5141 1001,5141"/>
            <TextLine id="tl_21" primaryLanguage="English" custom="readingOrder {index:0;}">
                <Coords points="1002,4844 3694,4844 3694,5004 1002,5004"/>
                <Baseline points="1002,4992 1132,4957 1414,4992 1676,4961 1982,4956 2278,4996 2526,4953 2754,4962 3228,4962 3694,4996"/>
                <Word id="w_w2aab1b1b2c27b1ab1" language="English" custom="readingOrder {index:0;}">
                    <Coords points="1002,4852 1132,4852 1132,4992 1002,4992"/>
                    <TextEquiv>
                        <Unicode>Je</Unicode>
                    </TextEquiv>
                    <TextStyle fontFamily="Times New Roman" fontSize="8.5"/>
                </Word>
                <Word id="w_w2aab1b1b2c27b1ab7" language="English" custom="readingOrder {index:1;}">
                    <Coords points="1180,4847 1414,4847 1414,4992 1180,4992"/>
                    <TextEquiv>
                        <Unicode>n’ay</Unicode>
                    </TextEquiv>
                    <TextStyle fontFamily="Times New Roman" fontSize="8.5"/>
                </Word>
                <Word id="w_w2aab1b1b2c27b1ac17" language="English" custom="readingOrder {index:2;}">
                    <Coords points="1468,4857 1676,4857 1676,4994 1468,4994"/>
                    <TextEquiv>
                        <Unicode>pris</Unicode>
                    </TextEquiv>
                    <TextStyle fontFamily="Times New Roman" fontSize="8.5"/>
                </Word>
                <Word id="w_w2aab1b1b2c27b1ac27" language="English" custom="readingOrder {index:3;}">
                    <Coords points="1724,4891 1982,4891 1982,4958 1724,4958"/>
                    <TextEquiv>
                        <Unicode>avec</Unicode>
                    </TextEquiv>
                    <TextStyle fontFamily="Times New Roman" fontSize="8.5"/>
                </Word>
                <Word id="w_w2aab1b1b2c27b1ac37" language="English" custom="readingOrder {index:4;}">
                    <Coords points="2026,4891 2278,4891 2278,4996 2026,4996"/>
                    <TextEquiv>
                        <Unicode>moy</Unicode>
                    </TextEquiv>
                    <TextStyle fontFamily="Times New Roman" fontSize="8.5"/>
                </Word>
                <Word id="w_w2aab1b1b2c27b1ac45" language="English" custom="readingOrder {index:5;}">
                    <Coords points="2318,4886 2526,4886 2526,4996 2318,4996"/>
                    <TextEquiv>
                        <Unicode>que</Unicode>
                    </TextEquiv>
                    <TextStyle fontFamily="Times New Roman" fontSize="8.5"/>
                </Word>
                <Word id="w_w2aab1b1b2c27b1ac53" language="English" custom="readingOrder {index:6;}">
                    <Coords points="2574,4851 2754,4851 2754,4962 2574,4962"/>
                    <TextEquiv>
                        <Unicode>des</Unicode>
                    </TextEquiv>
                    <TextStyle fontFamily="Times New Roman" fontSize="8.5"/>
                </Word>
                <Word id="w_w2aab1b1b2c27b1ac61" language="English" custom="readingOrder {index:7;}">
                    <Coords points="2798,4888 3228,4888 3228,5001 2798,5001"/>
                    <TextEquiv>
                        <Unicode>troupes</Unicode>
                    </TextEquiv>
                    <TextStyle fontFamily="Times New Roman" fontSize="8.5"/>
                </Word>
                <Word id="w_w2aab1b1b2c27b1ac77" language="English" custom="readingOrder {index:8;}">
                    <Coords points="3268,4856 3694,4856 3694,4996 3268,4996"/>
                    <TextEquiv>
                        <Unicode>d’élite,</Unicode>
                    </TextEquiv>
                    <TextStyle fontFamily="Times New Roman" fontSize="8.5"/>
                </Word>
                <TextEquiv>
                    <Unicode>Je n’ay pris avec moy que des troupes d’élite,</Unicode>
                </TextEquiv>
                <TextStyle fontFamily="Times New Roman" fontSize="8.5"/>
            </TextLine>
            <TextLine id="tl_22" primaryLanguage="English" custom="readingOrder {index:1;}">
                <Coords points="1003,4994 3308,4994 3308,5140 1003,5140"/>
                <Baseline points="1003,5104 1490,5104 2078,5105 2156,5129 2280,5106 2448,5100 2542,5105 2680,5105 3308,5134"/>
                <Word id="w_w2aab1b1b2c27b3ab1" language="English" custom="readingOrder {index:0;}">
                    <Coords points="1003,4995 1490,4995 1490,5105 1003,5105"/>
                    <TextEquiv>
                        <Unicode>Indibilis</Unicode>
                    </TextEquiv>
                    <TextStyle fontFamily="Times New Roman" fontSize="8.5"/>
                </Word>
                <Word id="w_w2aab1b1b2c27b3ac21" language="English" custom="readingOrder {index:1;}">
                    <Coords points="1565,4998 2078,4998 2078,5111 1565,5111"/>
                    <TextEquiv>
                        <Unicode>m’attend</Unicode>
                    </TextEquiv>
                    <TextStyle fontFamily="Times New Roman" fontSize="8.5"/>
                </Word>
                <Word id="w_w2aab1b1b2c27b3ac39" language="English" custom="readingOrder {index:2;}">
                    <Coords points="2131,5079 2156,5079 2156,5129 2131,5129"/>
                    <TextEquiv>
                        <Unicode>,</Unicode>
                    </TextEquiv>
                    <TextStyle fontFamily="Times New Roman" fontSize="8.5"/>
                </Word>
                <Word id="w_w2aab1b1b2c27b3ac43" language="English" custom="readingOrder {index:3;}">
                    <Coords points="2219,4999 2280,4999 2280,5106 2219,5106"/>
                    <TextEquiv>
                        <Unicode>il</Unicode>
                    </TextEquiv>
                    <TextStyle fontFamily="Times New Roman" fontSize="8.5"/>
                </Word>
                <Word id="w_w2aab1b1b2c27b3ac49" language="English" custom="readingOrder {index:4;}">
                    <Coords points="2323,5034 2448,5034 2448,5100 2323,5100"/>
                    <TextEquiv>
                        <Unicode>en</Unicode>
                    </TextEquiv>
                    <TextStyle fontFamily="Times New Roman" fontSize="8.5"/>
                </Word>
                <Word id="w_w2aab1b1b2c27b3ac55" language="English" custom="readingOrder {index:5;}">
                    <Coords points="2485,5038 2542,5038 2542,5105 2485,5105"/>
                    <TextEquiv>
                        <Unicode>a</Unicode>
                    </TextEquiv>
                    <TextStyle fontFamily="Times New Roman" fontSize="8.5"/>
                </Word>
                <Word id="w_w2aab1b1b2c27b3ac59" language="English" custom="readingOrder {index:6;}">
                    <Coords points="2585,5001 2680,5001 2680,5105 2585,5105"/>
                    <TextEquiv>
                        <Unicode>la</Unicode>
                    </TextEquiv>
                    <TextStyle fontFamily="Times New Roman" fontSize="8.5"/>
                </Word>
                <Word id="w_w2aab1b1b2c27b3ac65" language="English" custom="readingOrder {index:7;}">
                    <Coords points="2727,5004 3308,5004 3308,5140 2727,5140"/>
                    <TextEquiv>
                        <Unicode>conduite;,</Unicode>
                    </TextEquiv>
                    <TextStyle fontFamily="Times New Roman" fontSize="8.5"/>
                </Word>
                <TextEquiv>
                    <Unicode>Indibilis m’attend, il en a la conduite,</Unicode>
                </TextEquiv>
                <TextStyle fontFamily="Times New Roman" fontSize="8.5"/>
            </TextLine>
            <TextEquiv>
                <Unicode>Je n’ay pris avec moy que des troupes d’élite,
Indibilis m’attend, il en a la conduite,</Unicode>
            </TextEquiv>
        </TextRegion>
        <TextRegion type="paragraph" id="r_1_15" custom="readingOrder {index:13;}">
            <Coords points="997,5131 3724,5131 3724,5604 997,5604"/>
            <TextLine id="tl_23" primaryLanguage="English" custom="readingOrder {index:0;}">
                <Coords points="1007,5132 3723,5132 3723,5302 1007,5302"/>
                <Baseline points="1007,5259 1509,5254 1701,5259 2101,5293 2537,5253 3233,5258 3391,5258 3723,5288"/>
                <Word id="w_w2aab1b1b2c29b1ab1" language="English" custom="readingOrder {index:0;}">
                    <Coords points="1007,5162 1509,5162 1509,5292 1007,5292"/>
                    <TextEquiv>
                        <Unicode>Avecque</Unicode>
                    </TextEquiv>
                    <TextStyle fontFamily="Times New Roman" fontSize="8.5"/>
                </Word>
                <Word id="w_w2aab1b1b2c29b1ac17" language="English" custom="readingOrder {index:1;}">
                    <Coords points="1561,5192 1701,5192 1701,5259 1561,5259"/>
                    <TextEquiv>
                        <Unicode>un</Unicode>
                    </TextEquiv>
                    <TextStyle fontFamily="Times New Roman" fontSize="8.5"/>
                </Word>
                <Word id="w_w2aab1b1b2c29b1ac23" language="English" custom="readingOrder {index:2;}">
                    <Coords points="1765,5163 2101,5163 2101,5293 1765,5293"/>
                    <TextEquiv>
                        <Unicode>Camp</Unicode>
                    </TextEquiv>
                    <TextStyle fontFamily="Times New Roman" fontSize="8.5"/>
                </Word>
                <Word id="w_w2aab1b1b2c29b1ac33" language="English" custom="readingOrder {index:3;}">
                    <Coords points="2175,5138 2537,5138 2537,5260 2175,5260"/>
                    <TextEquiv>
                        <Unicode>volant</Unicode>
                    </TextEquiv>
                    <TextStyle fontFamily="Times New Roman" fontSize="8.5"/>
                </Word>
                <Word id="w_w2aab1b1b2c29b1ac47" language="English" custom="readingOrder {index:4;}">
                    <Coords points="2589,5148 3233,5148 3233,5259 2589,5259"/>
                    <TextEquiv>
                        <Unicode>Mandonius</Unicode>
                    </TextEquiv>
                    <TextStyle fontFamily="Times New Roman" fontSize="8.5"/>
                </Word>
                <Word id="w_w2aab1b1b2c29b1ac67" language="English" custom="readingOrder {index:5;}">
                    <Coords points="3307,5154 3391,5154 3391,5258 3307,5258"/>
                    <TextEquiv>
                        <Unicode>le</Unicode>
                    </TextEquiv>
                    <TextStyle fontFamily="Times New Roman" fontSize="8.5"/>
                </Word>
                <Word id="w_w2aab1b1b2c29b1ac73" language="English" custom="readingOrder {index:6;}">
                    <Coords points="3445,5152 3723,5152 3723,5288 3445,5288"/>
                    <TextEquiv>
                        <Unicode>fuit,</Unicode>
                    </TextEquiv>
                    <TextStyle fontFamily="Times New Roman" fontSize="8.5"/>
                </Word>
                <TextEquiv>
                    <Unicode>Avecque un Camp volant Mandonius le ſuit,</Unicode>
                </TextEquiv>
                <TextStyle fontFamily="Times New Roman" fontSize="8.5"/>
            </TextLine>
            <TextLine id="tl_24" primaryLanguage="English" custom="readingOrder {index:1;}">
                <Coords points="998,5294 3669,5294 3669,5453 998,5453"/>
                <Baseline points="1001,5406 1316,5407 1776,5407 2338,5406 2486,5396 3012,5407 3338,5406 3598,5417 3668,5421"/>
                <Word id="w_w2aab1b1b2c29b3ab1" language="English" custom="readingOrder {index:0;}">
                    <Coords points="998,5306 1316,5306 1316,5407 998,5407"/>
                    <TextEquiv>
                        <Unicode>"Nous</Unicode>
                    </TextEquiv>
                    <TextStyle fontFamily="Times New Roman" fontSize="8.5"/>
                </Word>
                <Word id="w_w2aab1b1b2c29b3ac13" language="English" custom="readingOrder {index:1;}">
                    <Coords points="1378,5296 1776,5296 1776,5407 1378,5407"/>
                    <TextEquiv>
                        <Unicode>devons</Unicode>
                    </TextEquiv>
                    <TextStyle fontFamily="Times New Roman" fontSize="8.5"/>
                </Word>
                <Word id="w_w2aab1b1b2c29b3ac27" language="English" custom="readingOrder {index:2;}">
                    <Coords points="1844,5332 2338,5332 2338,5447 1844,5447"/>
                    <TextEquiv>
                        <Unicode>attaquer</Unicode>
                    </TextEquiv>
                    <TextStyle fontFamily="Times New Roman" fontSize="8.5"/>
                </Word>
                <Word id="w_w2aab1b1b2c29b3ac45" language="English" custom="readingOrder {index:3;}">
                    <Coords points="2372,5336 2486,5336 2486,5402 2372,5402"/>
                    <TextEquiv>
                        <Unicode>ce</Unicode>
                    </TextEquiv>
                    <TextStyle fontFamily="Times New Roman" fontSize="8.5"/>
                </Word>
                <Word id="w_w2aab1b1b2c29b3ac51" language="English" custom="readingOrder {index:4;}">
                    <Coords points="2536,5306 3012,5306 3012,5445 2536,5445"/>
                    <TextEquiv>
                        <Unicode>quartier</Unicode>
                    </TextEquiv>
                    <TextStyle fontFamily="Times New Roman" fontSize="8.5"/>
                </Word>
                <Word id="w_w2aab1b1b2c29b3ac69" language="English" custom="readingOrder {index:5;}">
                    <Coords points="3064,5337 3338,5337 3338,5412 3064,5412"/>
                    <TextEquiv>
                        <Unicode>cette</Unicode>
                    </TextEquiv>
                    <TextStyle fontFamily="Times New Roman" fontSize="8.5"/>
                </Word>
                <Word id="w_w2aab1b1b2c29b3ac81" language="English" custom="readingOrder {index:6;}">
                    <Coords points="3376,5311 3598,5311 3598,5417 3376,5417"/>
                    <TextEquiv>
                        <Unicode>nuit</Unicode>
                    </TextEquiv>
                    <TextStyle fontFamily="Times New Roman" fontSize="8.5"/>
                </Word>
                <Word id="w_w2aab1b1b2c29b3ac91" language="English" custom="readingOrder {index:7;}">
                    <Coords points="3632,5345 3668,5345 3668,5421 3632,5421"/>
                    <TextEquiv>
                        <Unicode>5</Unicode>
                    </TextEquiv>
                    <TextStyle fontFamily="Times New Roman" fontSize="8.5"/>
                </Word>
                <TextEquiv>
                    <Unicode>Nous devons attaquer ce quartier cette nuit;</Unicode>
                </TextEquiv>
                <TextStyle fontFamily="Times New Roman" fontSize="8.5"/>
            </TextLine>
            <TextLine id="tl_25" primaryLanguage="English" custom="readingOrder {index:2;}">
                <Coords points="1011,5438 3630,5438 3630,5603 1011,5603"/>
                <Baseline points="1011,5578 1400,5594 1588,5555 1888,5554 2182,5571 2344,5550 2616,5551 2784,5550 3630,5579"/>
                <Word id="w_w2aab1b1b2c29b5ab1" language="English" custom="readingOrder {index:0;}">
                    <Coords points="1011,5444 1400,5444 1400,5594 1011,5594"/>
                    <TextEquiv>
                        <Unicode>jen’ay</Unicode>
                    </TextEquiv>
                    <TextStyle fontFamily="Times New Roman" fontSize="8.5"/>
                </Word>
                <Word id="w_w2aab1b1b2c29b5ac15" language="English" custom="readingOrder {index:1;}">
                    <Coords points="1453,5444 1588,5444 1588,5555 1453,5555"/>
                    <TextEquiv>
                        <Unicode>fié</Unicode>
                    </TextEquiv>
                    <TextStyle fontFamily="Times New Roman" fontSize="8.5"/>
                </Word>
                <Word id="w_w2aab1b1b2c29b5ac23" language="English" custom="readingOrder {index:2;}">
                    <Coords points="1645,5444 1888,5444 1888,5595 1645,5595"/>
                    <TextEquiv>
                        <Unicode>qu’à</Unicode>
                    </TextEquiv>
                    <TextStyle fontFamily="Times New Roman" fontSize="8.5"/>
                </Word>
                <Word id="w_w2aab1b1b2c29b5ac33" language="English" custom="readingOrder {index:3;}">
                    <Coords points="1931,5484 2182,5484 2182,5571 1931,5571"/>
                    <TextEquiv>
                        <Unicode>moy</Unicode>
                    </TextEquiv>
                    <TextStyle fontFamily="Times New Roman" fontSize="8.5"/>
                </Word>
                <Word id="w_w2aab1b1b2c29b5ac41" language="English" custom="readingOrder {index:4;}">
                    <Coords points="2228,5449 2344,5449 2344,5556 2228,5556"/>
                    <TextEquiv>
                        <Unicode>‘le</Unicode>
                    </TextEquiv>
                    <TextStyle fontFamily="Times New Roman" fontSize="8.5"/>
                </Word>
                <Word id="w_w2aab1b1b2c29b5ac49" language="English" custom="readingOrder {index:5;}">
                    <Coords points="2394,5444 2616,5444 2616,5555 2394,5555"/>
                    <TextEquiv>
                        <Unicode>foin</Unicode>
                    </TextEquiv>
                    <TextStyle fontFamily="Times New Roman" fontSize="8.5"/>
                </Word>
                <Word id="w_w2aab1b1b2c29b5ac59" language="English" custom="readingOrder {index:6;}">
                    <Coords points="2660,5445 2784,5445 2784,5550 2660,5550"/>
                    <TextEquiv>
                        <Unicode>de</Unicode>
                    </TextEquiv>
                    <TextStyle fontFamily="Times New Roman" fontSize="8.5"/>
                </Word>
                <Word id="w_w2aab1b1b2c29b5ac65" language="English" custom="readingOrder {index:7;}">
                    <Coords points="2862,5454 3630,5454 3630,5579 2862,5579"/>
                    <TextEquiv>
                        <Unicode>reconnoiftte,</Unicode>
                    </TextEquiv>
                    <TextStyle fontFamily="Times New Roman" fontSize="8.5"/>
                </Word>
                <TextEquiv>
                    <Unicode>Je n’ay fié qu’à moy le ſoin de reconnoiſtre,</Unicode>
                </TextEquiv>
                <TextStyle fontFamily="Times New Roman" fontSize="8.5"/>
            </TextLine>
            <TextEquiv>
                <Unicode>Avecque un Camp volant Mandonius le ſuit,
Nous devons attaquer ce quartier cette nuit;
Je n’ay fié qu’à moy le ſoin de reconnoiſtre,</Unicode>
            </TextEquiv>
        </TextRegion>
        <TextRegion type="paragraph" id="r_1_16" custom="readingOrder {index:14;}">
            <Coords points="1000,5589 3932,5589 3932,5760 1000,5760"/>
            <TextLine id="tl_26" primaryLanguage="English" custom="readingOrder {index:0;}">
                <Coords points="1001,5590 3931,5590 3931,5759 1001,5759"/>
                <Baseline points="1001,5708 1153,5703 1433,5708 1883,5702 2403,5748 2635,5703 2997,5709 3243,5714 3609,5713 3861,5712 3931,5733"/>
                <Word id="w_w2aab1b1b2c31b1ab1" language="English" custom="readingOrder {index:0;}">
                    <Coords points="1001,5604 1153,5604 1153,5708 1001,5708"/>
                    <TextEquiv>
                        <Unicode>En</Unicode>
                    </TextEquiv>
                    <TextStyle fontFamily="Times New Roman" fontSize="8.5"/>
                </Word>
                <Word id="w_w2aab1b1b2c31b1ab7" language="English" custom="readingOrder {index:1;}">
                    <Coords points="1185,5594 1433,5594 1433,5747 1185,5747"/>
                    <TextEquiv>
                        <Unicode>quel</Unicode>
                    </TextEquiv>
                    <TextStyle fontFamily="Times New Roman" fontSize="8.5"/>
                </Word>
                <Word id="w_w2aab1b1b2c31b1ac17" language="English" custom="readingOrder {index:2;}">
                    <Coords points="1467,5599 1883,5599 1883,5713 1467,5713"/>
                    <TextEquiv>
                        <Unicode>endroit</Unicode>
                    </TextEquiv>
                    <TextStyle fontFamily="Times New Roman" fontSize="8.5"/>
                </Word>
                <Word id="w_w2aab1b1b2c31b1ac33" language="English" custom="readingOrder {index:3;}">
                    <Coords points="1917,5594 2403,5594 2403,5748 1917,5748"/>
                    <TextEquiv>
                        <Unicode>duCanap</Unicode>
                    </TextEquiv>
                    <TextStyle fontFamily="Times New Roman" fontSize="8.5"/>
                </Word>
                <Word id="w_w2aab1b1b2c31b1ac49" language="English" custom="readingOrder {index:4;}">
                    <Coords points="2451,5626 2635,5626 2635,5707 2451,5707"/>
                    <TextEquiv>
                        <Unicode>vos</Unicode>
                    </TextEquiv>
                    <TextStyle fontFamily="Times New Roman" fontSize="8.5"/>
                </Word>
                <Word id="w_w2aab1b1b2c31b1ac57" language="English" custom="readingOrder {index:5;}">
                    <Coords points="2669,5632 2997,5632 2997,5712 2669,5712"/>
                    <TextEquiv>
                        <Unicode>tentes</Unicode>
                    </TextEquiv>
                    <TextStyle fontFamily="Times New Roman" fontSize="8.5"/>
                </Word>
                <Word id="w_w2aab1b1b2c31b1ac71" language="English" custom="readingOrder {index:6;}">
                    <Coords points="3035,5637 3243,5637 3243,5747 3035,5747"/>
                    <TextEquiv>
                        <Unicode>pou</Unicode>
                    </TextEquiv>
                    <TextStyle fontFamily="Times New Roman" fontSize="8.5"/>
                </Word>
                <Word id="w_w2aab1b1b2c31b1ac79" language="English" custom="readingOrder {index:7;}">
                    <Coords points="3257,5604 3609,5604 3609,5718 3257,5718"/>
                    <TextEquiv>
                        <Unicode>voient</Unicode>
                    </TextEquiv>
                    <TextStyle fontFamily="Times New Roman" fontSize="8.5"/>
                </Word>
                <Word id="w_w2aab1b1b2c31b1ac93" language="English" custom="readingOrder {index:8;}">
                    <Coords points="3647,5603 3861,5603 3861,5722 3647,5722"/>
                    <TextEquiv>
                        <Unicode>être</Unicode>
                    </TextEquiv>
                    <TextStyle fontFamily="Times New Roman" fontSize="8.5"/>
                </Word>
                <Word id="w_w2aab1b1b2c31b1ad103" language="English" custom="readingOrder {index:9;}">
                    <Coords points="3895,5672 3931,5672 3931,5733 3895,5733"/>
                    <TextEquiv>
                        <Unicode>-</Unicode>
                    </TextEquiv>
                    <TextStyle fontFamily="Times New Roman" fontSize="8.5"/>
                </Word>
                <TextEquiv>
                    <Unicode>En quel endroit du Camp vos tentes pouvoient être,</Unicode>
                </TextEquiv>
                <TextStyle fontFamily="Times New Roman" fontSize="8.5"/>
            </TextLine>
            <TextEquiv>
                <Unicode>En quel endroit du Camp vos tentes pouvoient être,</Unicode>
            </TextEquiv>
        </TextRegion>
        <SeparatorRegion id="r_2" custom="readingOrder {index:15;}">
            <Coords points="55,3867 107,3867 107,5475 55,5475"/>
        </SeparatorRegion>
        <SeparatorRegion id="r_3" custom="readingOrder {index:16;}">
            <Coords points="73,2051 106,2051 106,2719 73,2719"/>
        </SeparatorRegion>
        <SeparatorRegion id="r_4" custom="readingOrder {index:17;}">
            <Coords points="171,1444 206,1444 206,6624 171,6624"/>
        </SeparatorRegion>
        <SeparatorRegion id="r_5" custom="readingOrder {index:18;}">
            <Coords points="195,1404 266,1404 266,6862 195,6862"/>
        </SeparatorRegion>
        <SeparatorRegion id="r_6" custom="readingOrder {index:19;}">
            <Coords points="234,660 281,660 281,1324 234,1324"/>
        </SeparatorRegion>
        <SeparatorRegion id="r_7" custom="readingOrder {index:20;}">
            <Coords points="238,6008 264,6008 264,6732 238,6732"/>
        </SeparatorRegion>
        <SeparatorRegion id="r_8" custom="readingOrder {index:21;}">
            <Coords points="262,1672 321,1672 321,6860 262,6860"/>
        </SeparatorRegion>
        <SeparatorRegion id="r_9" custom="readingOrder {index:22;}">
            <Coords points="313,0 380,0 380,1672 313,1672"/>
        </SeparatorRegion>
        <ImageRegion id="Image_1548531693349_1519" custom="readingOrder {index:23;}">
            <Coords points="1059,844 3966,844 3966,1158 1059,1158"/>
        </ImageRegion>
    </Page>
</PcGts>
