4080 6682
1196 437 1275 591 F
1520 429 2375 606 SCIPION
2512 459 3796 669 L’AFRICAIN,

1199 645 1330 744 Et
1383 646 1524 748 les
1579 679 1890 793 ayant
1961 689 2194 758 tous
2246 666 2435 767 mis
2472 666 2725 772 dans
2782 675 2879 774 la
2936 678 3193 806 juste
3238 679 3729 807 balance,

1194 784 1345 889 En
1390 782 1663 927 pefer
1714 789 1770 894 à
1820 791 1954 897 loi
1970 796 2093 899 lit
2158 801 2301 903 les
2352 805 2731 913 raifons
2788 887 2816 938 ,
2872 815 3656 955 l'importance,

1192 930 1469 1033 Pour
1497 931 1871 1073 garder
1922 931 1978 1038 à
2028 940 2423 1053 chacun
2472 964 2567 1054 &
2618 948 2715 1058 fa
2757 960 3073 1102 gloire
3119 975 3213 1062 &
3259 959 3430 1066 fon
3481 1003 3730 1111 rang
3775 1006 3810 1086 ;

1193 1074 1654 1178 Souvent
1695 1113 1886 1182 une
1941 1115 2488 1202 entrcvcue
2535 1099 2976 1237 épargne
3021 1103 3686 1256 biendufang
3737 1185 3771 1236 ,

1183 1214 1467 1323 Ainfi
1522 1257 1784 1363 pour
1835 1226 2266 1334 Annibal
2308 1239 2410 1372 je
2457 1240 2552 1342 la
2583 1238 3068 1347 demande
3099 1283 3511 1357 encore.

2154 1383 2985 1492 SCIPION.

1182 1500 1356 1608 Hé
1390 1500 1667 1607 bien?
1703 1543 1961 1646 pour
1998 1514 2165 1657 luy
2210 1557 2777 1667 marquera
2805 1529 3044 1667 quel
3079 1533 3367 1671 point
3401 1544 3497 1666 je
3534 1538 3999 1657 l’honore

1175 1644 1697 1787 J’accepte
1754 1654 2377 1766 l’entrcvcue
2425 1741 2454 1786 ,
2509 1679 2605 1772 &
2655 1706 2913 1777 veux
2961 1672 3189 1782 bien
3229 1673 3640 1792 différer

1179 1794 1320 1894 La
1365 1789 1784 1897 bataille
1819 1833 1954 1901 ou
1995 1803 2212 1946 j’ay
2249 1838 2426 1911 cru
2467 1808 2826 1916 devoir
2871 1851 3030 1921 me
3092 1829 3568 1961 préparer
3607 1871 3638 1946 ;

1181 1938 1456 2038 Pour
1511 1934 1788 2042 lever
1839 1973 2068 2047 tout
2105 1945 2596 2099 ombrage
2651 1967 2750 2057 &
2785 1993 3072 2065 toute
3143 1963 3675 2092 défiance,

1174 2074 1499 2211 Qu’il,
1544 2079 2011 2191 choifille
2062 2127 2195 2192 un
2268 2093 2469 2197 lieu
2524 2136 2885 2241 propre
2920 2104 2972 2206 à
3008 2141 3271 2207 cette
3326 2108 3917 2226 conférence
3958 2199 3988 2246 ,

1163 2214 1287 2357 Je
1324 2219 1533 2366 m’y
1578 2228 2001 2370 rendray
2042 2307 2068 2351 ,
2120 2238 2672 2376 Seigneur,
2704 2278 2827 2346 au
2863 2249 3101 2385 jour
3147 2253 3387 2391 qu’il
3428 2291 3988 2386 nommera,

1174 2368 1301 2472 Et
1364 2406 1481 2471 ne
1532 2368 1751 2477 fera
1765 2410 1821 2515 y
1877 2372 2169 2515 fuivy
2221 2383 2769 2515 qu’autant
2843 2392 3105 2529 qu’il
3161 2398 3250 2495 le
3303 2392 3550 2506 fera.

2029 2517 3079 2646 AÜRILCAR.

1165 2645 1263 2748 Il
1300 2649 1733 2796 prétend
1767 2652 2012 2766 dans
2053 2701 2166 2766 ce
2201 2672 2526 2809 Camp
2567 2677 2850 2777 venir
2887 2677 3362 2790 bien-tôt
3395 2682 3981 2831 luy-même.

2148 2817 3038 2927 SCIPION.

1163 2942 1503 3086 Quoy
1550 2957 1577 3047 !
1630 2942 2213 3085 luy-même
2250 2991 2369 3056 en
2414 2991 2657 3061 mon
2708 2972 3035 3104 Camp
3093 3039 3122 3089 ,
3158 3006 3329 3075 ma
3370 2967 3797 3119 furprife
3844 2980 3981 3084 cft

1386 3088 1851 3192 extrême
1893 3113 1929 3195 ?

1163 3228 1442 3331 Mais
1480 3233 1723 3371 quel
1791 3270 2102 3379 otage
2145 3277 2458 3350 encor
2515 3247 3073 3385 exige-t-il
3133 3251 3612 3404 demoy?

1158 3376 1418 3493 Que
1459 3371 2214 3482 demande-t-il
2264 3391 2442 3528 qui
2510 3386 2851 3524 puilfe.
2921 3474 2941 3494 .
2994 3475 3015 3499 .

1942 3522 2320 3637 AÜR
2396 3533 3043 3645 ILCAR.

3066 3686 3395 3799 Vôtre
3455 3691 3666 3842 foy,

2109 3822 2952 3935 SCIPION.

1159 3946 1331 4056 Hé
1396 3984 1676 4095 quoy
1767 3967 1798 4055 ?
1869 3952 2130 4065 donc
2217 3966 2663 4069 Annibal
2737 4008 2866 4075 ne
2925 4009 3164 4085 veut
3216 3985 3508 4128 point
3582 3989 3970 4099 d’autre

1356 4092 1664 4244 ôtage
1724 4116 1760 4204 ?

2024 4251 2094 4346 A
2152 4241 2252 4349 U
2288 4257 2370 4355 R
2424 4258 2468 4354 I
2524 4257 2724 4365 LC
2766 4275 2837 4365 A
2892 4275 3010 4373 R.

1148 4381 1243 4481 Il
1294 4416 1539 4489 veut
1580 4385 1701 4489 de
1778 4391 2189 4529 Scipion
2274 4391 2369 4495 la
2415 4400 2759 4538 parole
2815 4443 3072 4547 pour
3147 4453 3410 4563 gage
3453 4503 3486 4551 ,

1149 4526 1325 4630 Hé
1381 4532 1617 4669 quel
1691 4535 2000 4677 ôtage
2077 4569 2324 4679 peut
2399 4544 2960 4682 remplacer
3011 4558 3445 4669 Annibal
3491 4584 3530 4668 ?

2101 4690 2975 4804 SCIPION.

1146 4802 1262 4933 Je
1305 4801 1542 4953 fçay
1598 4816 1852 4953 qu’il
1912 4820 2131 4929 n’en
2168 4830 2306 4930 est
2346 4831 2643 4967 point
2722 4873 2981 4978 pour
3050 4878 3183 4949 un
3230 4849 3368 4952 tel
3402 4855 3864 4972 General,

1144 4960 1271 5060 Et
1313 4950 1786 5098 puisqu'il
1826 4960 1925 5069 fe
1988 4964 2319 5074 confie
2362 5009 2483 5073 en
2526 5009 2691 5078 ma
2722 4973 2991 5087 feule
3067 4995 3411 5131 parole
3453 5067 3484 5118 ,

1145 5094 1263 5233 Je
1323 5105 1551 5234 jure
1599 5138 1785 5237 par
1850 5106 1993 5214 les
2052 5111 2393 5218 Dieux
2437 5125 2797 5258 appuis
2835 5121 2972 5229 du
3059 5138 3608 5272 Capitole,

1149 5235 1461 5368 Qu’il
1521 5275 1760 5378 peut
1811 5250 2349 5363 enfeureté
2405 5255 2498 5363 fe
2573 5264 3266 5422 fieràmafoy
3297 5356 3333 5403 ,

1143 5380 1239 5488 Il
1275 5386 1634 5493 n’aura
1685 5395 1938 5504 dans
1981 5432 2228 5512 mon
2264 5413 2586 5546 Camp
2636 5443 2904 5552 pour
2968 5415 3266 5571 ôtage
3306 5457 3508 5566 que
3552 5457 3829 5567 moy.
