4080 7051
3022 576 3127 737 -

802 536 2503 705 TRAGEDIE.

1047 776 1136 868 A
1187 754 1292 867 U
1355 766 1440 866 R
1503 765 1544 866 I
1603 765 1684 865 L
1723 768 1816 872 C
1871 771 1944 863 A
2003 770 2140 875 R.

199 921 770 1075 Seigneur,
827 912 1239 1024 c’eneft
1329 907 1639 1019 allez.

1188 1074 1250 1176 S
1310 1073 1392 1176 C
1442 1069 1488 1171 I
1548 1074 1614 1176 P
1666 1067 1710 1170 I
1770 1068 1872 1171 O
1924 1070 2066 1176 N.

1639 1221 1939 1323 Allez
1989 1292 2015 1342 ,
2075 1221 2183 1363 je
2227 1222 2445 1328 vais
2491 1200 3129 1342 l’attendre,

193 1384 308 1530 Je
346 1418 504 1489 me
543 1368 748 1486 fais
788 1412 926 1485 un
1000 1362 1362 1515 plaifir
1415 1363 1548 1475 de
1597 1362 1692 1474 le
1742 1372 1986 1475 voir
2030 1443 2060 1490 ,
2115 1367 2238 1475 de
2281 1364 2858 1489 l'entendre
2900 1438 2934 1489 y

194 1521 895 1682 MaisprefTcz
944 1523 977 1636 1
1014 1534 1595 1633 entreveuë
1638 1515 1781 1628 cù
1824 1518 2047 1667 j’ay
2090 1514 2237 1633 dû
2296 1515 2901 1643 confcntir,

189 1691 318 1798 Et
361 1721 698 1840 voyez
767 1676 1164 1830 Ifperie
1223 1706 1538 1794 avant
1579 1711 1782 1824 que
1845 1672 1976 1783 de
2045 1672 2422 1819 partir.

688 2407 2561 2642 SCENE IV.
621 2814 2716 3013 SCIPION, LEPIDE.
1266 3176 2187 3294 SCIPION
209 3351 424 3622 L
438 3333 845 3492 Epide,
895 3369 1107 3488 que
1153 3333 1631 3441 crois-tu
1684 3327 1813 3435 de
1861 3359 2141 3437 cette
2201 3313 2831 3431 conférence

447 3485 1164 3634 Qu’Annibal
1203 3520 1378 3592 me
1431 3480 1954 3597 demande
1983 3514 2466 3628 avecque
2515 3506 2746 3583 tant
2823 3453 3166 3578 d'ins¬

392 3677 703 3761 tance
756 3693 783 3761 3

209 3803 414 3906 Son
453 3790 1028 3907 invincible
1067 3789 1306 3902 bras
1351 3869 1386 3923 »
1431 3795 1538 3907 la
1571 3830 1990 3907 terreur
2039 3789 2218 3902 des
2257 3780 2785 3902 Romains
2829 3855 2862 3901 ,

210 3955 414 4060 Son
468 3950 808 4100 grand
844 3987 1138 4054 coeur
1182 4022 1215 4074 ,
1268 3936 1370 4054 fa
1416 3947 1918 4069 conduite
1962 4028 1989 4074 ,
2040 3961 2132 4057 &
2166 3940 2314 4053 fes
2354 3937 2688 4044 vaftes
2718 3900 3176 4039 deffeins

209 4107 667 4212 Avoient
747 4104 941 4217 mis
991 4094 1387 4207 l’Italie
1427 4139 1639 4213 aux
1699 4098 2025 4216 bords
2063 4099 2201 4211 du
2257 4088 2801 4242 précipice
2849 4159 2887 4211 -

204 4251 936 4399 Long-temps
996 4245 1122 4363 de
1168 4250 1264 4358 la
1320 4241 1756 4364 fortune
1806 4254 1878 4363 il
1942 4250 2166 4364 fixa
2216 4250 2308 4359 le
2348 4240 2774 4389 caprice
2830 4271 2862 4347 ;

204 4411 375 4516 De
428 4407 825 4517 Trebie
883 4484 911 4536 ,
955 4417 1057 4516 &
1100 4402 1269 4521 fur
1311 4437 1553 4515 tout
1598 4408 1725 4516 de
1775 4416 2187 4521 Cannes
2246 4398 2339 4504 le
2393 4386 2887 4505 malheur
2925 4462 2967 4521 ,

203 4563 856 4672 Monumens
909 4554 1366 4673 éternels
1415 4555 1540 4667 de
1613 4554 1720 4668 fa
1786 4596 2014 4663 rare
2094 4554 2460 4661 valeur
2516 4627 2542 4677 ,

210 4721 413 4824 Sur
472 4712 617 4820 les
650 4711 931 4820 deux
1010 4716 1503 4860 Scipions
1568 4706 1665 4820 fa
1714 4707 2197 4819 dernicre
2272 4696 2795 4825 viâoire,

215 4869 510 4977 Tout
559 4859 844 4973 enfin
893 4904 950 4972 a
1001 4859 1300 5012 fervy
1351 4859 1474 4967 de
1521 4859 1984 5011 trophée
2043 4859 2102 4967 à
2149 4859 2244 4967 fa
2291 4853 2634 5002 gloire
2683 4890 2704 4956 :

210 5015 818 5169 Cependant
864 5055 976 5124 ce
1036 5020 1634 5164 vainqueur
1674 5010 1990 5159 après
2044 5046 2272 5123 tant
2322 5006 2446 5114 de
2496 4995 2992 5113 combats

215 5173 641 5320 Envoyé
687 5167 743 5275 à
807 5171 1239 5311 Scipion
1303 5243 1331 5290 ,
1375 5177 1473 5275 5c
1527 5162 1721 5276 fait
1781 5167 1923 5275 les
1967 5162 2475 5310 premiers
2535 5188 2719 5305 pas
2763 5229 2801 5279 ,

214 5329 302 5433 Il
342 5324 774 5433 dément
818 5324 916 5428 la
980 5315 1286 5432 fierté
1334 5315 1462 5427 de
1528 5314 1706 5428 fon
1760 5361 1812 5423 a
1836 5356 2000 5424 me
2058 5313 2602 5427 hautaine.

215 5485 469 5620 Que
513 5511 683 5585 me
757 5482 1047 5585 vient
1117 5467 1625 5625 proposer
1705 5507 1817 5579 ce
1870 5462 2313 5580 fameux
2398 5457 2963 5609 Capitaine
3018 5472 3055 5564 ?

209 5637 566 5742 Dieux
619 5649 642 5737 !
701 5623 1216 5737 feroit-ce
1253 5624 1352 5732 la
1396 5624 1640 5771 paix
1709 5639 1742 5727 ?
1825 5614 2440 5766 monefprit
2499 5613 2802 5763 agité

220 5785 611 5899 ïrernit
654 5821 783 5893 en
848 5816 961 5892 ce
1006 5811 1489 5898 moment
1532 5776 1671 5894 du
1714 5769 1933 5889 feul
1988 5806 2223 5904 jnot
2268 5770 2395 5884 de
2438 5766 2795 5883 traite.
