4080 6673
1021 433 1170 535 rr
1341 368 2207 553 SCIPIÔN
2329 380 3633 595 L’AFRICAIN,

1525 1130 3340 1328 SCENE III.
1236 1561 2372 1723 ISPERIE,
2500 1561 3624 1693 ERMILIE.

2045 1864 2093 1960 1
2161 1867 2453 1968 SPE
2505 1871 2597 1967 R
2657 1863 2705 1959 I
2765 1870 2873 1975 E.

1015 2156 1257 2405 A
1332 2148 1732 2258 Prefent
1780 2161 1878 2301 je
1930 2150 2302 2294 refpîre
2348 2167 2370 2255 !
2422 2148 2486 2252 il
2542 2188 2596 2254 a
2634 2149 3000 2289 rempli
3058 2188 3276 2258 mes
3314 2181 3632 2251 voeux
3674 2222 3706 2272 -

1283 2304 1472 2400 Cet
1553 2312 1926 2406 Amant
1968 2342 2162 2444 que
2203 2304 2302 2440 je
2358 2300 2576 2400 vois
2621 2294 2956 2400 fidelîe
3009 2311 3101 2400 &
3140 2327 3652 2440 genereux
3704 2372 3738 2416 ,

1008 2444 1174 2540 De
1226 2472 1438 2541 tant
1480 2444 1602 2546 de
1636 2475 2306 2552 mouvemens
2346 2443 2596 2546 dont
2642 2443 2996 2580 j’avois
3028 2439 3328 2546 l'ame
3370 2443 3844 2563 atteinte,

1008 2568 1096 2680 îi
1158 2621 1274 2681 ne
1324 2622 1486 2690 me
1538 2594 1786 2694 refte
1828 2598 2046 2734 plus
2088 2626 2288 2730 que
2330 2587 2770 2690 l’amour
2806 2601 2894 2689 &
2976 2587 3072 2690 la
3116 2591 3504 2690 crainte
3558 2631 3588 2699 ;

1004 2722 1280 2829 Mais
1332 2726 1609 2834 helas
1654 2752 1675 2840 J
1718 2740 2051 2874 quelle
2098 2736 2239 2834 eft
2286 2745 2515 2836 vive
2556 2746 2645 2834 &
2686 2727 3095 2834 (enfible
3134 2728 3189 2836 à
3232 2769 3468 2834 mon
3510 2737 3840 2829 cocurî

998 2868 1121 3002 Je
1162 2868 1377 2975 fens
1414 2882 1699 2984 mille
1752 2876 2317 3018 transports
2392 2877 2515 2980 de
2560 2888 2801 3018 joye
2844 2873 3089 2980 &dc
3126 2876 3561 2980 douleur
3616 2945 3646 2989 ,

1008 3008 1102 3114 Il
1158 3016 1302 3117 eft
1346 3018 1650 3168 digne
1708 3026 1824 3134 de
1880 3064 2118 3168 moy
2160 3100 2182 3148 ,
2262 3031 2360 3166 je
2402 3021 2624 3128 dois
2676 3059 2910 3161 trop
2976 3025 3058 3124 le
3100 3017 3642 3124 connoître
3698 3052 3728 3128 j

1004 3166 1284 3265 Mais
1340 3166 1410 3268 il
1472 3210 1592 3274 va
1630 3172 2218 3312 s'exposer,
2286 3185 2374 3274 A
2398 3172 2726 3310 périra
2774 3172 3348 3308 peut-eftre
3400 3205 3430 3279 ;

1008 3306 1267 3432 Que
1312 3310 1709 3452 dis-je,
1756 3315 1921 3419 son
1989 3353 2355 3418 amour
2393 3353 2515 3414 va
2571 3346 2905 3414 tenter
2953 3349 3083 3414 un
3121 3310 3431 3414 effort

1008 3450 1251 3572 Qui
1302 3456 1401 3558 lu
1422 3494 1473 3592 y
1534 3456 1749 3562 fera
1800 3496 2221 3562 trouver
2300 3460 2707 3596 Scipion
2772 3465 2861 3558 Sc
2928 3455 3021 3557 la
3090 3489 3373 3558 mort
3410 3493 3441 3567 j

1002 3596 1332 3736 Juftes
1390 3604 1728 3708 Dieux
1780 3619 1800 3708 1
1880 3604 2452 3708 détournez
2516 3640 2624 3708 ce
2676 3596 3068 3702 funefte
3154 3595 3568 3745 présage
3612 3615 3640 3707 î

1004 3738 1477 3881 Inspirez
1558 3754 1985 3856 Annibal
2034 3788 2293 3890 pour
2376 3749 2471 3852 la
2532 3750 2775 3886 paix
2850 3743 2971 3847 de
3020 3753 3463 3881 Lattage
3520 3759 3541 3851 !

1009 3888 1279 3990 C'efl
1327 3928 1497 3996 ma
1549 3890 1819 4003 feule
1861 3894 2403 4036 espérance
2441 3932 2557 3998 en
2605 3927 2871 3996 cette
2923 3884 3391 3992 occafîon
3439 3965 3475 4015 ,

1009 4034 1139 4136 Et
1193 4035 1357 4137 fur
1403 4072 1631 4146 tout
1688 4078 2185 4190 portez-y
2249 4040 2337 4142 le
2383 4078 2665 4146 cœur
2729 4038 2851 4146 de
2909 4038 3325 4176 Scipion
3367 4073 3391 4141 ;

1008 4178 1102 4284 Il
1158 4181 1510 4314 vient,
1576 4230 1774 4338 que
1818 4230 1982 4296 me
2040 4187 2436 4296 veut-il
2478 4204 2508 4290 ?
