4080 6933
3033 519 3166 624 Il

780 452 2521 622 TRAGEDIE.

1112 742 1173 844 S
1236 742 1323 845 C
1386 737 1433 838 I
1492 743 1559 843 P
1616 741 1663 839 I
1724 743 1827 848 O
1884 743 2022 850 N.

1362 961 1776 1069 Ecoute
1820 1038 1852 1088 ,
1890 996 2088 1064 une
2130 958 2256 1068 de
2304 993 2526 1069 mes
2590 959 3068 1107 captives
3100 1033 3146 1088 ,

194 1112 320 1268 je
362 1106 804 1219 tremble
848 1102 1422 1219 feulement
1486 1107 1716 1215 d’en
1792 1147 2380 1254 prononcer
2430 1112 2520 1223 le
2588 1151 2840 1221 nom
2904 1187 2940 1239 ,

208 1280 301 1373 A
358 1261 743 1373 fournis
792 1296 919 1388 ,a
963 1256 1343 1363 vaincu
1387 1255 1477 1363 le
1531 1295 1817 1364 cœur
1885 1257 2011 1363 de
2075 1265 2509 1409 Scipion
2548 1311 2591 1397 z

207 1418 429 1523 Pou
447 1411 829 1547 rois-je
867 1407 1073 1508 t’en
1123 1441 1471 1513 tracer
1511 1445 1707 1513 une
1771 1401 2041 1518 afl'ez
2089 1412 2331 1518 vive
2375 1416 2729 1559 image
2777 1427 2814 1518 ?

197 1556 379 1669 Un
417 1557 851 1663 charme
891 1554 1515 1664 ébloüiflant
1565 1555 1877 1669 brille
1919 1557 2087 1668 fur
2149 1558 2333 1668 fon
2369 1557 2725 1707 vifage
2773 1635 2809 1688 ,

202 1706 375 1817 Un
428 1713 575 1811 air
618 1707 895 1847 plein
942 1705 1069 1808 de
1116 1705 1643 1852 grandeur
1682 1791 1712 1837 ,
1764 1751 1961 1817 une
2000 1706 2307 1818 noble
2360 1706 2671 1817 fierté
2710 1785 2744 1837 ,

202 1859 601 1967 L’éclat
642 1870 739 1963 &
788 1860 885 1962 la
922 1851 1397 1966 douceur
1456 1865 1797 2007 jointe
1846 1860 1908 1971 à
1950 1855 2047 1962 la
2120 1860 2562 1997 majefté
2600 1940 2641 1989 ,

199 2010 510 2117 Mille
565 2021 658 2112 Le
703 2004 994 2112 mille
1043 2040 1478 2137 vertus,
1520 2051 1728 2117 une
1778 2046 2098 2158 grâce
2165 2004 2700 2122 infinie...

198 2155 516 2269 Enfin
554 2194 680 2262 ne
718 2155 1124 2262 dois-tu
1165 2190 1348 2296 pas
1382 2161 2076 2272 reconnoître
2150 2158 2582 2311 Ifperie.

1216 2313 2014 2417 LEPIDE.

207 2445 402 2567 Hé
449 2461 485 2555 ?
522 2455 713 2595 qui
748 2458 1183 2596 pouroit
1237 2460 1333 2561 la
1371 2459 1603 2564 voir
1637 2455 1857 2566 fans
1905 2494 2033 2562 en
2075 2460 2337 2566 eftre
2385 2454 2851 2610 furprîs,

213 2599 723 2747 Seigneur
783 2680 809 2730 ,
853 2638 1113 2711 avec
1153 2603 1503 2715 raifon
1541 2643 1811 2716 vous
1851 2644 1977 2716 en
2031 2608 2285 2718 eftes
2335 2613 2605 2756 épris
2651 2695 2687 2751 ,

217 2756 405 2855 Ses
447 2784 753 2893 yeux.
823 2834 843 2860 .
911 2829 933 2851 .

1192 2905 2046 3016 SCIPION.

512 3053 679 3160 Ne
742 3047 1039 3160 fiâtes
1082 3054 1383 3200 point
1420 3093 1677 3161 mon
1724 3054 2334 3199 panchant,
2380 3100 2555 3175 ma
2598 3064 3079 3186 foibleflc
3128 3163 3164 3214 ,

212 3208 346 3309 Et
388 3193 606 3305 loin
638 3198 764 3305 de
806 3239 964 3306 me
1036 3198 1378 3314 laifier
1420 3208 1838 3349 languir
1900 3203 2168 3314 dans
2210 3208 2312 3319 la
2354 3219 2790 3333 moleife
2828 3309 2859 3349 .

208 3362 600 3459 Contre
668 3389 804 3455 un
844 3342 1024 3454 feu
1078 3346 1144 3460 fi
1196 3348 1464 3461 fatal
1511 3357 2136 3504 prête-moy
2189 3358 2336 3470 du
2393 3358 2900 3505 fecours»

212 3506 560 3609 Sauve
604 3532 849 3644 moy
908 3577 938 3623 ,
988 3502 1155 3605 s’il
1192 3502 1289 3609 fe
1335 3541 1658 3650 peut,
1700 3501 1833 3609 de
1886 3503 2321 3619 l’abîme
2370 3512 2507 3624 où
2545 3533 2650 3674 je
2704 3567 3014 3642 cours
3057 3573 3088 3639 :

209 3642 759 3789 D’ifperic
807 3726 835 3774 ,
883 3647 953 3753 il
989 3652 1133 3756 eft
1171 3692 1437 3800 vray
1483 3737 1513 3783 ,
1570 3661 1677 3797 je
1715 3652 2271 3764 redoucois
2341 3668 2443 3774 la
2505 3693 2779 3787 veuë
2819 3767 2855 3815 ,

209 3788 325 3934 3e
391 3791 1059 3905 fentoisàfes
1117 3837 1397 3948 yeux
1453 3845 1707 3913 mon
1765 3841 2007 3909 ame
2065 3840 2311 3957 trop
2369 3816 2821 3963 émeuë,

213 3946 450 4095 j'ay
499 3945 828 4053 voulu
867 3946 1282 4059 l’éviter
1331 4033 1361 4081 ,
1417 3957 1726 4065 vaine
1765 3955 2402 4102 précaution
2445 3986 2476 4077 i

222 4110 425 4213 Par
474 4092 979 4207 l’abfence
1032 4096 1246 4248 j’ay
1306 4141 1494 4213 cru
1530 4111 1956 4214 vaincre
2010 4142 2184 4212 ma
2224 4120 2620 4256 pafiion
2666 4217 2696 4259 ,

218 4246 455 4393 J’ay
488 4281 735 4357 tenu
772 4252 1237 4396 quelque
1330 4287 1677 4407 temps
1726 4291 2093 4365 contre
2144 4256 2271 4366 de
2320 4271 2388 4386 fi
2454 4276 2754 4393 doux
2834 4287 3174 4403 char¬

424 4432 650 4503 mes
692 4451 720 4521 ;

223 4546 514 4657 Mais
547 4545 824 4657 enfin
903 4555 1004 4697 je
1067 4548 1432 4686 lavis,
1505 4552 1702 4671 elle
1739 4571 2138 4688 verfoit
2179 4576 2360 4696 des
2403 4580 2786 4695 larmes
2829 4671 2865 4719 ,

224 4695 665 4807 C’eftoit
711 4740 975 4845 pour
1012 4700 1193 4812 fon
1236 4718 1722 4841 Amant,
1765 4731 1861 4827 &
1911 4726 2122 4875 j'en
2173 4726 2340 4844 fus
2379 4729 2829 4871 offenfé,

229 4845 519 4953 D’un
563 4883 1247 4962 mouvement
1299 4858 1677 5001 jaloux
1745 4879 1847 5015 je
1903 4918 2073 4986 me
2115 4881 2423 4996 fentis
2459 4879 2875 5031 pressé,

229 4994 359 5101 Et
409 4990 555 5107 fes
607 5001 949 5141 pleurs
997 5080 1029 5130 >
1083 5004 1233 5116 fes
1327 5003 1741 5165 foûpirs
1781 5097 1811 5150 »
1901 5025 2007 5136 fa
2091 5029 2611 5188 langueur
2664 5115 2697 5165 -
2749 5039 2849 5153 fa
2918 5049 3175 5165 trif-

381 5139 699 5281 cesse,
2213 5244 2235 5280 .

238 5298 414 5404 Me
482 5295 788 5428 firent
822 5319 1372 5424 vivement
1426 5317 1896 5441 ressentir
1950 5372 2126 5446 ma
2160 5330 2700 5469 foiblefie,

234 5442 355 5585 Je
398 5445 628 5559 n*en
672 5469 878 5580 fuis
936 5468 1168 5610 plus
1206 5464 1296 5575 le
1376 5477 1836 5615 maître,
1926 5499 2026 5590 &
2060 5488 2481 5636 malgré
2530 5529 2750 5595 mes
2794 5491 3172 5616 efforts

228 5592 356 5731 Je
388 5594 1019 5750 fuccombe,
1078 5623 1543 5769 Lcpide,
1586 5627 1650 5741 à
1700 5633 1827 5750 de
1874 5633 1948 5749 fi
1986 5632 2281 5750 doux
2328 5638 2978 5789 transports.
