4080 6784
977 436 1134 581 16
1321 427 2202 590 SCIPION
2325 432 3625 654 L’AFRICAIN,

1991 716 2076 825 E
2135 729 2232 834 R
2279 730 2400 835 M
2447 732 2492 828 I
2555 737 2624 833 L
2679 734 2728 834 I
2779 731 2899 840 E.

970 917 1131 1033 Eh
1182 938 1213 1022 ?
1256 957 2011 1067 pouvez-vous
2044 927 2417 1046 douter
2468 981 2675 1086 que
2728 985 2841 1052 ce
2878 948 3239 1057 Prince
3286 982 3541 1061 vous
3574 947 3882 1091 aime,

977 1070 1488 1179 Madamè
1535 1153 1565 1199 ,
1617 1080 2074 1223 rapellez
2145 1080 2327 1188 fon
2405 1084 2921 1238 derefpoir
2959 1103 3433 1204 extrême
3491 1178 3517 1218 ,

979 1221 1395 1355 Quand
1450 1230 1772 1331 Zama
1841 1231 2050 1370 pris
2102 1222 2544 1341 cTafTaut
2610 1236 2694 1341 le
2738 1235 3098 1385 sépara
3174 1241 3302 1350 de
3354 1280 3614 1345 vous
3662 1281 3688 1346 :

970 1372 1125 1473 Ce
1179 1364 1883 1482 malheureux
1930 1388 2319 1482 Amant
2360 1378 2611 1486 dans
2650 1383 2831 1492 Ton
2890 1392 3155 1527 jufte
3206 1426 3689 1497 couroux
3730 1466 3767 1512 ,

971 1510 1322 1619 Guidé
1367 1550 1546 1654 par
1587 1516 1688 1624 fa
1745 1515 2102 1629 fureur
2141 1525 2534 1634 s’alloit
2611 1528 2846 1639 ôter
2883 1539 2980 1640 la
3021 1541 3186 1658 vie
3233 1614 3273 1658 a

962 1652 1081 1797 Je
1142 1657 1688 1810 defarmay
1740 1665 1922 1776 fon
2008 1667 2244 1777 bras
2332 1710 2464 1781 au
2512 1671 2731 1791 feul
2796 1721 3048 1795 nom
3090 1680 3580 1831 d’Ifperie
3644 1759 3674 1809 ,

971 1808 1109 1909 Et
1146 1813 1839 1952 peuc-eftre..
1897 1902 1917 1926 .

1993 2049 2040 2153 I
2093 2058 2147 2162 S
2209 2059 2275 2157 P
2323 2054 2398 2159 E
2453 2063 2545 2164 R
2599 2054 2642 2159 I
2685 2059 2793 2162 E.

1851 2268 2317 2412 Dequoy
2401 2269 2885 2379 viens-tu
2933 2268 3645 2383 m’entretenir
3697 2280 3738 2368 ?

970 2396 1540 2545 Pourquoy
1598 2444 1760 2508 me
1848 2414 2288 2553 rapeiler
2336 2454 2446 2520 ce
2512 2420 2798 2521 trille
2860 2415 3410 2526 souvenir3

966 2537 1361 2652 0*huit
1420 2562 1447 2652 I
1500 2556 1683 2695 qui
1764 2558 2207 2692 précéda
2272 2561 2373 2666 la
2454 2557 2779 2667 fatale
2826 2567 3269 2707 journée

965 2694 1208 2815 Qui
1285 2689 1648 2804 devoir
1739 2699 2176 2809 éclairer
2219 2748 2354 2812 un
2433 2709 2912 2818 heureux
2981 2709 3494 2857 hymenéc
3541 2724 3566 2817 !

972 2854 1138 2942 Au
1178 2840 1378 2944 lieu
1426 2842 1550 2949 de
1612 2885 1770 2949 me
1814 2846 2128 2955 livrer
2176 2891 2304 2960 au
2346 2850 2830 2961 malheur
2859 2866 3049 3003 qui
3090 2896 3258 2961 me
3296 2854 3496 2965 fuit
3536 2938 3576 2985 ,

960 2992 1217 3121 Que
1281 2988 1667 3096 n’es-tu
1711 2993 2177 3107 devenue
2262 3041 2461 3107 une
2532 3002 3019 3112 éternelle
3090 3008 3311 3112 nuit
3368 3023 3399 3111 3

957 3134 1228 3235 Lors
1271 3134 1590 3277 qu’on
1641 3145 1870 3245 vint
1915 3182 2172 3253 nous
2209 3149 2606 3255 donner
2655 3149 2780 3254 de
2829 3148 2892 3259 h
2937 3154 3224 3258 vives
3285 3155 3845 3283 allarmcs,

962 3282 1223 3409 Que
1266 3315 1505 3386 tout
1558 3281 2187 3401 retentifToit
2238 3295 2352 3400 de
2390 3292 2876 3405 l’affreux
2914 3297 3199 3405 bruit
3246 3302 3421 3405 des
3448 3336 3783 3406 armes
3824 3369 3860 3425 -

960 3428 1227 3571 Que
1299 3429 1389 3533 le
1437 3422 1595 3534 fer
1667 3432 1722 3539 à
1775 3433 1873 3538 la
1931 3442 2215 3547 main
2268 3451 2363 3578 je
2435 3448 2587 3547 vis
2645 3477 2867 3548 tant
2919 3443 3043 3552 de
3097 3446 3487 3552 soldats

954 3580 1106 3675 En
1152 3566 1438 3678 foule
1470 3615 1594 3680 en
1647 3619 1894 3689 mon
1955 3584 2288 3694 Palais
2365 3593 2930 3733 précipiter
2977 3590 3242 3698 leurs
3285 3628 3464 3733 pas
3505 3658 3536 3708 >

952 3721 1051 3825 Il
1102 3722 1311 3825 t’en
1354 3722 1571 3826 doit
1608 3722 2093 3831 souvenir
2142 3810 2172 3857 ,
2234 3731 2481 3841 dans
2532 3770 2681 3841 tes
2746 3736 2979 3846 bras
3052 3740 3483 3846 Ermilie

953 3868 1076 4011 Je
1127 3864 1698 4017 denieuray
1749 3873 2421 4051 long-temps
2477 3888 3013 3993 immobile
3075 3898 3166 3993 &
3227 3884 3443 3994 fans
3485 3889 3649 4000 vie
3693 3972 3733 4022 ,

952 4016 1388 4158 Scipion
1456 4017 2118 4165 m’aperçût,
2206 4031 2382 4134 fon
2424 4030 2642 4135 zele
2680 4030 3180 4139 officieux

948 4168 1143 4267 Me
1196 4167 1483 4305 prêta
1524 4163 1663 4270 du
1710 4167 2187 4301 secours,
2242 4215 2407 4282 me
2460 4175 2577 4286 fît
2610 4187 2969 4286 ouvrir
3016 4182 3155 4287 les
3192 4221 3469 4326 yeux
3516 4264 3553 4311 ,

937 4318 1038 4413 A
1097 4303 1280 4417 fon
1323 4318 1482 4418 air
1525 4387 1559 4437 ,
1597 4314 1654 4418 à
1705 4313 1888 4423 fon
1937 4357 2178 4461 port
2219 4329 2320 4461 je
2367 4366 2754 4434 connus
2805 4368 2916 4433 ce
2963 4334 3292 4476 grand
3329 4329 3766 4442 homme
3799 4407 3839 4467 -

942 4460 1090 4563 La
1134 4496 1530 4571 terreur
1568 4459 1692 4571 de
1744 4479 2200 4608 Cartage
2238 4485 2333 4576 &
2386 4475 2474 4579 la
2511 4476 2852 4618 gloire
2890 4481 3008 4585 de
3056 4490 3464 4604 Rome,

937 4608 1077 4711 Et
1129 4602 1349 4712 fans
1402 4607 1657 4755 qu’il
1701 4607 1877 4722 eût
1945 4612 2303 4723 besoin
2346 4624 2671 4767 qu’on
2722 4628 3301 4775 prononçât
3339 4627 3517 4735 fon
3551 4666 3837 4755 nom.

937 4760 1160 4864 Son
1201 4744 1486 4864 front
1533 4760 2196 4897 majeltueux
2243 4769 2804 4878 découvrit
2879 4783 3302 4917 Scipion
3345 4853 3375 4903 ,

936 4906 1351 5044 Depuis
1406 4906 1531 5011 de
1602 4907 1889 5011 mille
1956 4907 2217 5020 foins
2268 4926 2369 5058 je
2424 4915 2525 5026 lu
2546 4960 2603 5064 y
2658 4915 2847 5031 fuis
2920 4926 3459 5035 redevable
3502 4964 3533 5044 ;

937 5051 1551 5196 Cependant
1597 5057 2323 5212 aujourd'huy
2381 5071 2618 5173 c’cft
2675 5067 2851 5217 luy
2899 5067 3112 5182 feul
3148 5076 3336 5220 qui
3371 5078 3835 5190 m’acca^

1136 5198 1296 5304 ble
1403 5282 1434 5328 ,

932 5341 1023 5447 Il
1064 5341 1257 5456 fait
1314 5357 1667 5465 couler
1726 5400 1943 5466 mes
1988 5362 2329 5504 pleurs
2400 5366 2803 5515 malgré
2854 5405 3083 5480 tant
3118 5371 3243 5480 de
3282 5410 3708 5504 vertus,

937 5498 1072 5601 Et
1147 5494 1374 5607 fans
1427 5502 1603 5656 luy
1656 5518 1755 5661 je
1813 5508 2137 5618 ferois
2181 5518 2417 5627 unie
2473 5507 2534 5612 à
2581 5522 3071 5667 Lucejus.
