4080 6942
337 843 1391 1039 EXTRAIT
1560 839 1943 983 DV
2060 828 3247 972 PRIVILEGE

1447 1042 1639 1199 du
1704 1056 2071 1248 Roy.

339 1385 543 1645 P
573 1377 646 1481 A
694 1374 766 1476 R
830 1372 1171 1474 Grâce
1209 1357 1307 1455 &
1349 1329 1875 1476 Privilège
1937 1323 2075 1434 du
2145 1331 2441 1464 Roy,
2473 1308 2831 1425 donné
2863 1312 2921 1421 à
2959 1313 3249 1425 Paris

558 1529 652 1626 le
769 1498 1570 1656 vingt-unicme
1627 1488 1929 1590 Mars
1978 1489 2182 1594 169
2212 1513 2319 1600 7.
2407 1462 2731 1614 Signé
2803 1538 2836 1587 ,
2911 1477 3150 1574 Par,
3149 1459 3184 1570 1
3196 1503 3250 1571 e

337 1681 582 1814 Roy
638 1703 761 1770 en
815 1660 991 1765 fon
1053 1632 1475 1765 Confeil
1518 1635 1775 1764 ,le
1863 1633 1927 1731 F
1963 1663 2015 1730 e
2057 1662 2121 1726 y
2163 1652 2239 1725 r
2277 1619 2365 1726 e.
2412 1614 2505 1721 II
2543 1616 2687 1721 eft
2743 1614 3125 1756 permis
3190 1607 3253 1725 à

346 1823 857 1931 Thomas
912 1813 1509 1917 Guillain
1563 1865 1596 1914 ,
1663 1767 2260 1888 Marchand
2311 1763 2780 1875 Libraire
2821 1763 2880 1874 à
2931 1764 3260 1890 Paris,

343 1966 473 2072 de
527 1957 787 2071 faire
813 1954 1363 2095 imprimer
1424 2017 1457 2064 ,
1499 1927 1881 2040 vendre
1933 1936 2031 2031 &
2072 1908 2481 2025 débiter
2512 1907 2602 2013 le
2644 1907 3053 2016 Recueil
3090 1909 3265 2014 des

344 2107 888 2246 Tragédies
928 2099 1068 2205 du
1134 2098 1434 2201 Sieur
1496 2097 1572 2199 P
1589 2118 1660 2191 R
1679 2118 1906 2186 ado
1923 2108 2041 2197 N,
2092 2063 2550 2215 pendant
2602 2064 2690 2168 le
2732 2098 3080 2205 temps
3128 2059 3260 2171 de

353 2262 507 2371 fix
593 2253 1041 2375 années,
1116 2243 1175 2354 à
1263 2268 1747 2379 compter
1806 2227 1950 2330 du
2046 2233 2296 2368 jour
2363 2208 2794 2356 qu’elles
2906 2207 3255 2320 feront

355 2402 860 2519 achevées
928 2392 1592 2539 d’imprimer
1682 2411 1952 2523 pour
2031 2368 2130 2474 la
2212 2358 2726 2508 première
2791 2352 3000 2467 fois
3037 2437 3070 2489 -
3126 2397 3254 2470 en

355 2592 662 2668 vertu
732 2549 912 2656 des
991 2541 1512 2693 prefentes
1568 2612 1601 2660 ,
1677 2521 2131 2673 pendant
2182 2506 2525 2662 lequel
2583 2546 2927 2645 temps
2977 2546 3258 2620 tres-

345 2692 856 2854 expreffes
892 2693 1516 2805 inhibitions
1558 2699 1660 2794 &
1703 2663 2176 2781 défenfes
2213 2657 2441 2768 font
2477 2648 2780 2770 faites
2811 2655 2870 2765 à
2908 2696 3270 2775 toutes

353 2847 911 3008 personnes
947 2843 1075 2951 de
1123 2838 1581 2990 quelque
1617 2817 2021 2975 qualité
2073 2825 2177 2924 &
2219 2806 2769 2920 condition
2823 2808 3265 2955 qu’elles

347 3004 496 3114 foi
510 3042 630 3110 en
644 3037 762 3124 c,
823 2997 950 3105 de
981 2988 1252 3100 faire
1289 2982 1841 3128 imprimer
1883 3046 1910 3093 ,
1952 2960 2345 3075 vendre
2378 2996 2522 3104 ny
2557 2951 2965 3064 débiter
3007 2957 3134 3066 de
3147 2957 3253 3068 la¬

349 3152 617 3264 dites
739 3137 1315 3294 Tragédies
1440 3127 2297 3274 conjointement
2424 3184 2459 3233 ,
2573 3142 2721 3216 ou
2838 3103 3265 3250 fepare¬

358 3336 647 3410 ment
719 3378 760 3428 ,
853 3297 1258 3404 d'autre
1375 3280 1796 3390 Edition
1912 3307 2120 3419 que
2218 3257 2526 3369 celles
2603 3257 2736 3364 de
2811 3255 3273 3408 l’Expo-

349 3446 577 3560 fant
634 3528 665 3574 ,
738 3487 877 3555 ou
919 3448 1047 3549 de
1084 3476 1351 3549 ceux
1423 3432 1611 3578 qui
1669 3452 2057 3530 auront
2096 3412 2381 3519 droit
2446 3403 2577 3514 de
2630 3403 2735 3514 lu
2751 3447 2811 3550 y
2872 3491 2895 3534 ,
2948 3405 3009 3514 à
3047 3413 3268 3559 pei¬

345 3638 482 3709 ne
538 3597 666 3709 de
700 3597 1098 3739 .quinze
1163 3621 1402 3695 cens
1478 3578 1792 3687 livres
1836 3556 2392 3674 d’amende
2446 3632 2480 3684 ,
2541 3557 2986 3700 payable
3047 3556 3284 3678 fans

348 3747 733 3892 déport
787 3780 973 3887 par
1013 3736 1427 3849 chacun
1472 3726 1655 3833 des
1728 3727 2520 3829 Contrevenons
2562 3781 2595 3832 ,
2668 3706 2800 3814 de
2867 3705 3274 3818 confîf-

349 3900 710 4008 cation
792 3875 1768 4027 des'Exemplaires
1862 3851 2584 3984 contrefaits,
2672 3865 2780 3964 &
2821 3855 2946 3969 de
3034 3891 3280 3968 tous

358 4040 1411 4192 dépens,dommages
1456 4045 1557 4138 6c
1592 4014 2215 4138 inrercfts,&
2257 4041 2601 4118 autres
2641 4011 2990 4152 peines
3035 4045 3284 4155 por¬

364 4199 582 4309 tées
637 4196 866 4343 plus
929 4232 1060 4303 au
1092 4187 1345 4338 long
1382 4219 1572 4334 par
1611 4167 2030 4279 lcfdices
2077 4166 2484 4272 Lettres
2531 4151 2662 4264 de
2721 4160 3278 4309 Privilège.

498 4491 938 4633 Regi/tré
952 4497 1142 4638 fur
1181 4486 1274 4587 le
1322 4487 1626 4588 Livre
1683 4476 1804 4584 de
1871 4467 1983 4576 la
2032 4456 2792 4579 Communauté
2835 4461 3002 4569 des
3052 4475 3277 4568 Im¬

353 4677 837 4792 primeurs
916 4621 1047 4773 è*
1103 4635 1607 4744 Libraires
1647 4631 1767 4735 de
1813 4620 1931 4727 U
1961 4621 2231 4733 Ville
2275 4620 2395 4723 de
2447 4619 2737 4720 Paris
2819 4613 2852 4747 ,
2923 4612 3017 4718 le
3094 4631 3279 4718 16.

370 4811 674 4908 Mars
784 4820 1126 4933 .16?j.

1406 4931 1723 5073 'Signé
1783 4940 1909 5038 P.
1961 4918 2769 5048 AVBOVXX
2811 4905 3289 5057 ,Syndic*

507 5175 938 5288 Achevé
1017 5164 1687 5312 d’imprimer
1772 5193 2045 5306 pour
2125 5150 2229 5263 la
2306 5144 2833 5302 première
2900 5130 3109 5251 fois
3185 5131 3289 5247 le

371 5329 827 5482 premier
863 5320 1167 5437 Avril
1217 5337 1560 5457 1697.

492 5629 677 5756 Le
721 5630 1027 5817 prix
1103 5616 1268 5801 eft
1323 5624 1681 5807 vingt
1722 5610 2031 5787 fols.
