4080 6707
1176 449 1393 626 H
1580 416 2461 577 SCIPION
2528 416 3869 622 L'AFRICAIN,

2128 712 2180 808 I
2240 717 2300 817 S
2364 717 2432 817 P
2492 713 2560 818 E
2632 722 2728 818 R
2800 714 2848 810 I
2908 715 3020 815 E.

1168 920 1668 1033 Scroii-il
1734 920 1906 1028 des
1958 915 2490 1024 malheurs
2544 920 3252 1061 comparables
3314 963 3518 1027 aux
3562 926 3804 1032 fiens
3846 948 3876 1037 î

1168 1074 1466 1173 Tout
1502 1070 1776 1212 prêts
1828 1066 1882 1172 à
1950 1103 2206 1169 nous
2272 1070 2506 1168 unir
2546 1099 2724 1207 par
2766 1065 2904 1170 les
2950 1070 3166 1208 pins
3208 1071 3538 1174 beaux
3590 1076 3872 1207 liens,

1159 1224 1309 1323 Ce
1373 1225 1679 1357 jeune
1755 1215 2109 1324 Prince
2161 1207 2443 1314 bêlas
2499 1230 2521 1314 1
2583 1210 3097 1318 attendoit
3165 1216 3257 1319 la
3305 1220 3735 1353 journée

1159 1361 1397 1493 Qui
1449 1357 1805 1464 devoir
1847 1390 2429 1463 couronner
2477 1394 2613 1459 un
2655 1394 3185 1498 pompeux
3237 1357 3301 1463 h
3319 1399 3373 1503 y
3391 1362 3747 1468 menée
3793 1438 3823 1484 ,

1154 1507 2067 1643 Pardonnez-moy
2108 1579 2138 1623 ,
2218 1502 2715 1642 Seigneur
2762 1579 2792 1627 ,
2844 1539 2957 1606 cc
3000 1506 3287 1610 trifte
3362 1501 3892 1629 souvenir,

1150 1652 1320 1755 De
1396 1685 1566 1755 ma
1610 1651 2104 1754 mémoire
2142 1680 2458 1750 encor
2500 1656 2598 1784 je
2650 1685 2768 1749 ne
2810 1652 3020 1789 puis
3068 1646 3160 1750 le
3218 1651 3576 1755 bannir
3626 1724 3654 1774 ,

1149 1793 1422 1901 C’eft
1463 1835 1718 1903 vous
1753 1797 1936 1932 qui
2001 1793 2172 1933 luy
2225 1788 2584 1895 causer
2631 1793 2768 1895 les
2819 1792 3346 1901 malheurs
3405 1793 3528 1909 de
3567 1792 3674 1904 sa
3711 1796 3916 1919 vie,

1139 1942 1601 2066 Errant,
1649 1934 2177 2044 infortune
2219 2014 2249 2060 ,
2283 1937 2631 2078 séparé
2679 1931 3237 2078 d'Isperie,

1145 2082 1243 2187 Il
1315 2092 1659 2192 nourir
1731 2086 1945 2190 loin
2007 2083 2129 2185 de
2197 2116 2439 2224 moy
2505 2082 3025 2187 d’inutiles
3067 2117 3537 2229 regrets,

1140 2231 1736 2336 Peut-eftre
1792 2226 1930 2331 ses
1978 2261 2216 2331 tour
2230 2262 2390 2326 me
2408 2262 2512 2330 ns
2554 2267 2676 2335 ne
2718 2223 3146 2331 finiront
3188 2237 3558 2371 jamais
3598 2282 3630 2360 ;

1140 2379 1256 2481 Si
1296 2411 1552 2481 vous
1600 2378 1968 2481 aimiez
2012 2445 2042 2495 ,
2088 2378 2628 2516 Seigneur,
2660 2407 2918 2476 vous
2960 2374 3422 2514 (çauriez
3460 2411 3650 2520 par
3682 2413 3950 2486 vous-

1281 2523 1625 2627 même

1129 2674 1427 2777 Dans
1469 2658 2109 2811 quelafreux
2171 2693 2705 2772 tourment
2771 2663 2909 2768 eft
2951 2702 3087 2772 un
3155 2702 3441 2773 cœur
3513 2672 3857 2816 quand
3905 2673 3949 2777 il

1284 2819 1563 2917 aime
1620 2896 1654 2940 ,

1130 2964 1262 3066 Et
1294 2955 1548 3101 qu’il
1600 2960 1736 3062 eft
1778 2954 2124 3101 séparé
2166 2959 2288 3062 de
2336 2954 2696 3101 l’objet
2742 2949 2860 3061 de
2898 2960 3040 3062 (es
3086 2992 3398 3067 vœux
3450 2987 3484 3071 ?

1129 3105 1494 3217 Helas!
1535 3100 1796 3246 qu’il
1831 3105 1968 3203 eft
2005 3105 2056 3203 à
2093 3104 2598 3245 plaindre?
2637 3115 2730 3207 &
2763 3104 3020 3245 qu’il
3057 3108 3196 3212 eft
3241 3109 3950 3232 malheureux!

1133 3254 1393 3391 Que
1435 3245 1615 3357 son
1663 3248 1945 3353 trifte
1987 3245 2365 3357 deftin.
2423 3326 2511 3358 ..

2089 3400 2927 3508 SCIPION.

2302 3544 2612 3676 Qu'il
2674 3545 2816 3647 eft
2862 3542 3166 3692 digne
3202 3545 3600 3662 d’envie
3658 3594 3682 3668 i

1126 3694 1576 3798 Peut-on
1648 3690 1862 3794 rien
1904 3691 2328 3827 ajouter
2374 3724 2506 3788 au
2558 3685 3030 3807 bojiheur
3086 3694 3208 3799 de
3260 3691 3364 3803 fa
3426 3705 3588 3808 vie
3638 3724 3674 3808 ?

1121 3840 1571 3977 Lucejus
1605 3836 1742 3934 eft
1783 3829 2110 3938 choifi
2155 3869 2409 3972 pour
2487 3837 2739 3939 eftre
2809 3836 3111 3944 vôtre
3163 3875 3509 3979 epoux
3561 3928 3591 3964 ,

1115 3980 1219 4079 Il
1265 4015 1519 4083 vous
1553 3982 1883 4103 aime,
1953 3991 2051 4083 &
2105 3981 2477 4118 déplus
2545 3981 2613 4079 il
2675 3981 2817 4079 eft
2893 3982 3165 4088 aimé
3207 3983 3329 4089 de
3377 4029 3721 4098 vous,.

1114 4126 1397 4229 Mais
1440 4127 1659 4271 ç’en
1730 4126 1871 4230 eft
1928 4161 2236 4267 trop,
2322 4126 2397 4230 il
2452 4116 2681 4231 faut
2742 4122 3325 4234 combattre
3372 4131 3617 4244 dans
3662 4136 3931 4254 vôtre

1304 4305 1538 4375 ame
1586 4346 1620 4394 >

1109 4416 1248 4521 Et
1279 4413 1630 4524 bannir
1673 4450 1940 4558 pour
1983 4421 2366 4563 jamais
2423 4455 2696 4525 cette
2733 4421 3098 4530 inutile
3155 4426 3495 4539 flâme.

2089 4571 2139 4665 I
2191 4577 2249 4674 S
2317 4576 2385 4670 P
2437 4572 2517 4674 E
2573 4577 2671 4675 R
2719 4571 2763 4669 I
2829 4571 2943 4674 E.

1111 4708 1375 4853 Moy
1421 4723 1441 4815 !
1513 4718 2003 4858 Seigneur
2045 4731 2077 4815 ?

2036 4866 2908 4972 SCIPION.

1446 5017 1702 5150 Guy
1756 5080 1784 5130 ,
1842 5040 2096 5145 pour
2152 5042 2410 5110 vous
2476 5018 2808 5115 Rome
2850 5047 2904 5116 a
2950 5012 3402 5125 d’autres
3444 5017 3910 5155 desseins,

1105 5158 1233 5261 Et
1309 5149 1795 5295 puisqu'il
1841 5153 1984 5251 eft
2055 5147 2327 5256 enfin
2395 5191 2829 5299 ennemy
2877 5158 3047 5266 des
3121 5171 3621 5280 Romains

1105 5312 1301 5406 Cet
1373 5313 1829 5420 Amant,
1877 5297 2139 5439 qu’il
2201 5298 2617 5405 combat
2661 5337 3019 5410 contre
3063 5308 3161 5410 la
3197 5314 3911 5468 République,

1092 5452 1399 5570 .Tout
1430 5438 1835 5586 s'opose
1866 5442 1921 5553 à
1962 5439 2111 5551 ses
2156 5481 2473 5552 vœux
2516 5522 2550 5575 ,
2626 5443 2966 5558 raison
3010 5530 3040 5580 ,
3082 5468 3175 5560 &
3202 5459 3780 5605 politique,

3426 5613 3906 5720 Pouroit-
