4080 7051
895 444 2348 619 FREFACE

196 689 356 877 Il
412 752 644 873 me
652 663 1236 944 femble
1336 693 1824 854 même
1872 744 2160 936 que
2212 674 3160 931 Scipionau-

185 948 845 1149 roitbien
905 942 1373 1127 douté
1401 938 1581 1122 de
1577 941 1801 1197 fa
1845 1003 2377 1121 uertu
2421 978 2469 1163 ,
2637 942 2869 1162 (êfl
2953 941 3165 1117 du

166 1236 822 1497 pouvoir
862 1214 1242 1475 qu’il
1278 1270 1726 1394 avoit
1749 1208 2610 1465 furlujde
2698 1193 3166 1462 n’ofer

190 1516 591 1673 ruoir
634 1559 943 1668 une
978 1547 1359 1663 très-
1390 1474 1755 1666 belle
1766 1483 2211 1745 perf
2214 1555 2555 1683 me,
2606 1474 3171 1742 depeur

183 1769 499 1953 d’en
627 1776 979 1940 être
999 1762 1507 1942 tenté..
1611 1769 2247 1937 Comme
2315 1743 3151 1974 IHijloire

188 2113 364 2217 ne
408 2103 992 2217 nomme
1060 2042 1508 2287 point
1548 2093 1928 2209 cette
1980 2016 2360 2200 belle
2416 2042 3040 2282 captive
3084 2161 3148 2241 ,

165 2337 309 2557 je
396 2305 561 2481 la
600 2300 937 2564 fais
1036 2298 1581 2479 Nièce
1668 2283 2381 2477 d’Annib
2393 2303 2553 2471 al
2589 2434 2641 2502 }
2745 2350 3153 2550 pour

169 2577 714 2753 donner
761 2639 966 2748 un
985 2574 1346 2835 plus
1353 2568 1882 2830 grand
1921 2566 2662 2811 contrajle
2689 2578 2798 2742 à
2833 2569 3138 2742 l’a¬

166 2908 579 3021 mour
634 2836 827 3016 de
902 2863 1263 3099 Scip
1274 2840 1947 3097 ion-qu'il
2018 2827 2627 3019 combat
2698 2974 2755 3046 }
2878 2833 3135 3054 (§jr

163 3105 507 3289 dont
563 3111 955 3348 enfin
1011 3103 1143 3291 il
1183 3101 1983 3365 triomphe,
2051 3071 2271 3316 ffl)
2283 3139 2455 3355 je
2487 3122 2847 3367 puis
2895 3101 3135 3282 di¬

168 3453 320 3565 re
372 3448 652 3645 que
736 3447 1128 3560 cette
1176 3370 1688 3558 aéîion
1740 3449 1836 3561 a
1884 3380 2176 3640 plu
2260 3434 2592 3639 trop
2648 3437 3140 3642 géné¬

165 3661 913 3832 ralement
1040 3647 1433 3831 dans
1512 3649 1649 3826 le
1757 3647 2589 3908 cinquième
2688 3633 3129 3822 Allé

117 3977 506 4182 pour
545 3988 790 4096 me
865 3942 1546 4183 repentir
1589 3905 1770 4101 de
1861 3916 2434 4097 l'aVoir
2485 3910 2874 4163 fait.
2965 3913 3126 4093 Il

98 4265 263 4438 y
310 4261 402 4365 a
474 4180 710 4372 des
738 4259 1118 4452 gens
1218 4198 1478 4450 qui
1566 4181 2402 4367 s'étonnent
2470 4189 3118 4451 qu'An-

143 4445 575 4637 nibal
691 4479 1307 4643 mienne
1415 4448 2263 4638 demander
2375 4455 2535 4635 la
2663 4458 3111 4637 Paix

148 4781 820 4992 avecque
916 4803 1204 4911 une
1312 4725 1748 4990 afife%
1828 4723 2300 4989 greffe
2391 4714 2984 4907 Armée
3028 4789 3100 4917 i

140 5013 541 5181 mais
604 4992 725 5180 il
760 5075 981 5183 ne
956 5007 1113 5251 fl
1156 5066 1445 5267 pas
1480 5016 2049 5262 permis
2100 5000 2853 5263 d’ignorer
2892 5065 3105 5178 un

105 5265 418 5514 fait
453 5264 1262 5539 hiftorique
1321 5346 1514 5454 au
1525 5285 1674 5537 fit
1721 5341 2194 5452 connu
2245 5266 3101 5531 queceluy-

134 5533 290 5713 l'a
330 5552 358 5725 .
498 5552 646 5724 Il
714 5543 918 5788 efi
990 5546 1666 5790 confiant
1770 5612 1974 5805 qu
2022 5526 2762 5732 Annibal
2814 5513 3102 5790 fut

179 5808 715 6077 rapellé
743 5823 1231 6084 parle
1267 5826 1731 6002 Sénat
1763 5809 1939 5997 de
1991 5828 2691 6075 Curtage
2695 5866 3127 6078 pour;
