4080 6844
994 561 1057 662 i
1074 557 1186 708 4
1332 459 2256 645 SCIPION
2380 428 3733 627 L’AFRICAIN,

987 725 1618 852 Apprenons
1686 677 2269 826 cependant
2317 705 2437 776 ce
2487 651 3265 811 qu’Aurilcara
3310 637 3507 749 fait
3560 716 3598 767 ,

985 825 2506 990 Feut-eftrequ’Ifperieaura
2550 809 2732 960 fçû
2800 804 3049 955 quel
3099 800 3463 944 projet

984 996 1450 1122 Annibal
1488 1020 1742 1138 peut
1791 971 2196 1087 former
2243 1052 2274 1096 ,
2321 979 2422 1074 &
2470 957 2852 1114 qu’elle
2898 952 3039 1058 eft
3084 947 3187 1059 fa
3224 933 3798 1062 conduite,

990 1167 1165 1272 De
1209 1150 1356 1259 fes
1407 1130 1842 1252 defleins
1889 1121 2116 1236 fans
2157 1125 2486 1233 doute
2534 1110 2730 1216 elle
2769 1104 3000 1212 doit
3042 1094 3301 1206 eftre
3351 1086 3823 1196 inftruite
3860 1120 3892 1195 ;

982 1304 1105 1452 Je
1153 1333 1427 1413 veux
1495 1282 1870 1398 fonder
1909 1272 2096 1384 fon
2152 1303 2448 1380 coeur
2493 1343 2523 1387 ,
2605 1268 2708 1402 je
2780 1283 3064 1363 veux
3134 1244 3396 1352 eftrc
3440 1233 3889 1374 eclaircy

998 1465 1219 1575 Des
1294 1422 2171 1561 fecretesraifons
2219 1416 2406 1571 qui
2447 1412 3018 1523 l'amènent
3085 1396 3310 1542 icy*

1826 1890 2023 1995 Tin
2082 1875 2225 1991 du
2285 1865 2705 2015 prnior
2778 1846 3078 1969 Atlc»
