4080 6698
1070 579 1143 675 r
1386 454 2250 613 SCIPION
2386 454 3651 645 L’AFRICAIN,

1971 725 2995 840 AURILCAR.

1060 942 1309 1074 Oiiy
1351 1016 1377 1060 ,
1442 939 1933 1085 Seigneur
1985 1016 2011 1060 ,
2076 939 2509 1046 Annibai
2550 933 3013 1041 fouhaite
3050 943 3901 1049 nneentreveuë,

1051 1082 1169 1219 Je
1221 1084 1499 1182 viens
1545 1083 1639 1181 la
1689 1083 2243 1186 demander
2295 1161 2325 1205 ,
2363 1083 2597 1183 c’cft
2705 1078 2881 1182 Ton
2957 1083 3461 1182 intention

1057 1228 1309 1357 Que
1365 1220 1487 1326 de
1539 1229 1763 1327 voir
1815 1223 2523 1365 aujourd'hui
2565 1229 2653 1327 Je
2715 1218 3141 1332 fameux
3213 1224 3625 1361 Scipion
3669 1286 3697 1332 »

1047 1378 1286 1472 Aux
1332 1368 1706 1506 plaines
1743 1369 1864 1477 de
1921 1384 2248 1480 Zama
2284 1407 2542 1471 nous
2589 1364 3030 1472 fommes
3079 1367 3288 1471 l'un
3333 1378 3428 1467 &
3479 1360 3888 1485 l’autre,

1046 1512 1406 1621 Nôtre
1482 1523 1856 1631 Armçc
1908 1518 2048 1616 cft
2100 1513 2522 1655 campée
2600 1510 2862 1613 allez
2924 1547 3152 1650 près
3200 1509 3316 1611 de
3368 1509 3466 1612 la
3524 1510 3820 1612 vôtre
3862 1543 3892 1621 j

1052 1654 1328 1757 Mais
1384 1659 1812 1762 Annibai
1868 1655 2296 1800 prétend
2342 1693 2586 1761 avec
2628 1658 2722 1756 lu
2750 1692 2799 1796 y
2866 1649 3326 1758 conférer
3368 1731 3394 1777 ,

1051 1794 1183 1903 Et
1225 1810 1325 1936 je
1375 1803 1653 1907 viens
1689 1843 1807 1907 en
1883 1838 1991 1906 ce
2043 1814 2373 1939 Camp
2455 1833 2717 1935 pour
2787 1838 2905 1902 en
2949 1795 3451 1901 délibérer
3495 1872 3529 1916 ,

1051 1954 1395 2049 Ayant
1439 1983 1637 2086 que
1679 1945 1797 2051 de
1859 1950 2073 2056 rien
2111 1940 2363 2048 faire
2395 1959 2489 2043 &
2521 1945 2639 2047 de
2705 1944 2915 2044 rien
2947 1940 3703 2081 entreprendre.

2141 2094 2838 2194 LEP1DE.

1056 2240 1304 2339 Sans
1346 2230 1652 2338 doute
1690 2234 2006 2377 qu'on
2042 2268 2156 2338 ne
2202 2263 2442 2372 peut
2492 2224 2876 2333 refufer
2908 2226 3026 2332 de
3074 2228 3622 2333 l'entendre
3658 2264 3688 2342 ;

1056 2380 1348 2483 Nous
1398 2413 1812 2488 verrons
1850 2375 2562 2522 aujourd'hui
2642 2408 2798 2476 ces
2890 2372 3162 2478 deux
3242 2370 3612 2517 grands
3682 2371 3872 2478 Ci¬

1200 2554 1561 2662 toyens
1617 2597 1653 2643 ,

1061 2674 1353 2773 Tous
1405 2665 1677 2768 deux
1733 2665 1855 2767 de
1893 2664 2107 2768 leur
2159 2699 2383 2802 pars
2421 2661 2513 2767 la
2565 2660 2891 2807 gloire
2937 2673 3035 2764 &
3079 2650 3683 2767 lesfoûciens
3741 2734 3771 2784 ,

1051 2820 1487 2918 Donner
1525 2849 1633 2913 ce
1671 2848 1863 2951 peu
1897 2806 2019 2908 de
2067 2816 2353 2912 trêve
2421 2805 2475 2913 à
2521 2840 2783 2913 cette
2825 2806 3203 2948 longue
3243 2839 3611 2947 guerre
3657 2878 3689 2922 ,

1055 2960 1328 3059 Pour
1369 2955 1782 3060 décider
1826 2984 2388 3058 entre-eux
2457 2951 2590 3059 du
2641 2946 2958 3054 deftin
3023 2949 3146 3049 de
3189 2951 3282 3053 la
3348 2980 3612 3049 terre
3654 3018 3688 3068 ,

1056 3104 1188 3203 Et
1244 3100 1366 3204 de
1408 3102 1628 3204 leur
1680 3086 2276 3204 conférence
2338 3135 2470 3199 on
2550 3090 2900 3199 attend
2958 3087 3510 3195 déformais

1050 3250 1192 3349 Le
1254 3250 1498 3382 jour
1530 3245 1652 3349 de
1684 3241 1782 3349 la
1826 3240 2228 3348 bataille
2284 3323 2315 3367 ,
2366 3279 2498 3343 ou
2542 3236 2829 3378 celuy
2866 3236 2992 3338 de
3034 3237 3128 3339 la
3184 3241 3462 3373 paix.

1977 3382 2967 3498 AURILCAR.

1041 3536 1163 3683 Je
1201 3570 1319 3638 ne
1351 3531 1985 3679 m'explique
2023 3532 2305 3668 point
2343 3531 2517 3633 des
2555 3516 2967 3635 deffeins
3001 3521 3117 3626 de
3151 3555 3399 3625 mon
3437 3526 3867 3649 Maître,

1051 3682 1154 3784 Il
1191 3681 1662 3818 paroîtra
1709 3672 2354 3819 luy-mêmc,
2391 3691 2486 3779 5c
2527 3677 2668 3775 les
2709 3666 2926 3774 fera
2961 3667 3500 3779 connoîcre
3542 3744 3568 3788 ,

1052 3826 1146 3929 II
1186 3821 1614 3928 marche
1652 3817 1812 3929 fur
1844 3850 2058 3925 mes
2092 3855 2300 3958 pas:
2338 3821 2590 3925 mais
2628 3850 2822 3958 que
2866 3812 3428 3919 d’heureux
3474 3806 3862 3939 fuccéï,

1052 3976 1622 4112 Seigneur,
1680 3967 1800 4069 de
1844 3966 2266 4102 Scipion
2328 3956 2944 4102 ontremply
2994 3957 3132 4060 les
3190 3966 3582 4103 projets
3644 3972 3678 4060 )

1052 4120 1203 4219 La
1261 4111 1691 4220 vi&oire
1735 4150 1857 4211 en
1917 4140 2151 4210 tous
2178 4106 2459 4215 lieux
2520 4107 2575 4209 à
2612 4102 2789 4209 fon
2826 4102 3051 4210 bras
3089 4097 3651 4209 enchaînée

1051 4262 1463 4371 Semble
1511 4257 1637 4359 de
1705 4252 2223 4359 l’Univers
2285 4247 2543 4355 faire
2595 4249 2687 4355 la
2745 4248 3185 4355 deftinéc
3233 4291 3259 4365 j

1041 4406 1357 4549 Jeune
1403 4440 1709 4505 encor
1767 4479 1798 4523 ,
1883 4436 2009 4500 on
2057 4436 2115 4500 a
2163 4436 2299 4504 vu
2363 4397 2503 4499 fes
2549 4388 2977 4539 grandes
3029 4397 3423 4499 actions

1048 4556 1414 4655 Suivre
1462 4619 1488 4669 ,
1560 4561 1652 4649 &
1718 4542 2048 4649 même
2096 4537 2412 4680 palier
2458 4542 2754 4645 celles
2822 4532 2988 4640 des
3034 4537 3496 4673 Scipions
3538 4600 3572 4654 >

1046 4696 1178 4801 Et
1234 4692 1536 4834 digne
1602 4701 2010 4829 rejeton
2062 4688 2184 4790 de
2260 4717 2532 4795 cette
2588 4682 2968 4790 illuftre
3030 4717 3326 4801 race,

1046 4852 1125 4945 A
1172 4838 1463 4980 vingt
1510 4871 1685 4939 ans
1724 4874 1855 4937 on
1896 4832 2025 4936 l'a
2086 4872 2223 4936 vu
2260 4828 2921 4935 commander
2966 4866 3093 4929 en
3126 4827 3341 4931 leur
3402 4826 3689 4969 place
3722 4866 3757 4940 ;

1033 4977 1807 5091 llnouscliafla
1855 4978 2417 5116 d’Efpagne
2473 4972 2769 5111 après
2803 5007 3163 5114 quatre
3209 4972 3751 5094 combats,

1041 5128 1211 5241 Où
1255 5138 1589 5234 Rome
1655 5122 2193 5260 triompha
2249 5157 2427 5259 par
2493 5108 2871 5226 l’effort
2903 5118 3021 5222 de
3063 5113 3233 5221 fon
3271 5113 3499 5221 bras
3547 5196 3581 5240 ,

1041 5286 1174 5385 Le
1220 5278 1526 5409 voicy
1567 5273 1812 5381 dans
1867 5262 2422 5410 l'Affrique
2467 5267 2906 5371 étonnée
2962 5342 2992 5386 ,
3044 5259 3504 5370 affoiblie
3544 5336 3592 5390 ,

1046 5422 1134 5531 Il
1168 5413 1604 5530 arrache
1652 5412 2098 5531 Annibai
2150 5410 2286 5520 du
2342 5409 2552 5521 fein
2628 5408 2750 5516 de
2822 5408 3234 5516 l'Italie.
