4080 6969
3021 548 3069 652 r
3081 539 3181 692 7

829 500 2517 686 TRAGEDIE.

1201 736 1282 844 E
1342 743 1438 844 R
1514 738 1634 835 M
1733 730 1782 830 I
1853 729 1934 833 L
2001 728 2050 829 I
2101 728 2214 832 E.

215 899 718 1035 Madame
757 918 1542 1035 pouvcz-Yous
1599 909 2214 983 murmurer
2255 864 2384 978 de
2437 863 2540 976 fa
2583 858 2970 975 chaîne
3019 883 3056 975 ?

216 1067 362 1166 Ce
426 1058 778 1161 Héros
828 1074 1094 1145 vous
1152 1028 1596 1175 regarde
1650 1039 1752 1129 Sc
1816 1028 2138 1130 traite
2186 1059 2312 1129 en
2368 1018 3060 1139 souveraine,

223 1205 563 1316 Vôtre
627 1229 875 1306 nom
929 1184 1181 1296 dans
1231 1195 1567 1291 Zama
1644 1175 1973 1285 feroit
2027 1175 2369 1286 moins
2427 1169 2891 1315 refpeâé
2943 1249 2975 1295 ,

225 1365 518 1466 Vous
573 1349 830 1456 cftes
883 1338 1134 1445 dans
1203 1329 1386 1441 ton
1433 1340 1776 1471 Camp
1819 1364 1944 1430 en
2005 1325 2344 1472 pleine
2397 1320 2770 1430 liberté
2818 1400 2846 1446 ,

222 1489 974 1646 Sanstzardes,
1018 1480 1240 1592 fans
1280 1478 1742 1592 témoins
1790 1560 1822 1607 ,
1866 1474 1938 1582 il
1986 1515 2202 1582 met
2252 1509 2558 1582 toute
2602 1469 2708 1577 ta
2774 1469 3120 1622 gloire

231 1661 317 1758 A
383 1686 649 1757 vous
703 1635 969 1748 faire
1009 1635 1431 1742 oublier
1505 1665 1781 1738 cette
1835 1625 2133 1732 trîfte
2171 1625 2619 1736 victoire
2663 1704 2695 1751 ,

241 1805 372 1904 Et
441 1794 508 1903 6
567 1804 674 1938 je
717 1791 990 1897 m'en
1033 1820 1462 1933 raporte
1515 1776 1578 1882 à
1615 1781 1792 1887 des
1829 1775 2268 1928 regards
2313 1780 2550 1926 plus
2601 1771 2900 1882 doux
2954 1845 2980 1891 »

236 1951 378 2062 Le
462 1942 678 2053 feul
728 1937 1130 2089 refpeôt
1204 1936 1476 2043 n’efi
1530 1971 1716 2082 pas
1764 1966 2008 2039 tout
2096 1971 2208 2037 ce
2298 1927 2564 2078 qu'il
2638 1920 2854 2033 fent
2922 1946 3216 2067 pour

427 2132 733 2209 vous.

1293 2243 1340 2343 I
1409 2246 1472 2348 S
1531 2243 1598 2344 P
1655 2243 1872 2345 ER
1925 2236 1974 2334 I
2035 2237 2148 2339 E.

242 2389 578 2510 Helas
648 2422 668 2500 i
732 2423 985 2539 trop
1024 2388 1546 2498 attentive
1594 2383 1650 2494 à
1726 2422 1976 2489 mon
2016 2382 2344 2490 deftin
2386 2372 2855 2504 funefte,

235 2543 363 2694 Je
411 2542 713 2694 tbnge
757 2543 809 2649 à
873 2582 1119 2651 mon
1209 2553 1607 2645 Amant
1641 2547 1737 2645 &
1775 2532 2197 2684 néglige
2251 2528 2339 2638 le
2393 2533 2649 2640 refte
2699 2612 2729 2658 ,

245 2703 554 2804 Tous
621 2698 768 2800 les
838 2728 1200 2801 autres
1280 2688 1632 2834 objets
1686 2722 1856 2789 me
1912 2679 2434 2790 touchent
2491 2673 3216 2800 foiblement,

250 2845 635 2991 Qu^un
722 2883 1021 2955 cœur
1074 2843 1225 2950 cft
1314 2837 2037 2945 malheureux
2116 2829 2565 2944 d'aimer
2616 2833 2691 2939 ti
2774 2827 3216 2940 tendre¬

447 3030 739 3102 ment
799 3015 829 3101 ?

255 3149 538 3256 Mais
578 3186 690 3256 ce
731 3149 1100 3255 Prince
1150 3143 1666 3252 m'oublie
1735 3154 1832 3251 &
1889 3140 2108 3290 j’en
2165 3131 2374 3245 Puis
2412 3134 2940 3290 outragée
2988 3215 3026 3265 ,

260 3295 357 3402 II
400 3295 569 3446 n'y
632 3290 865 3406 faut
932 3300 1171 3443 plus
1234 3290 1597 3441 penser
1660 3329 1937 3441 pour
2006 3329 2133 3398 en
2186 3284 2455 3397 eftre
2532 3290 2951 3442 vangée
2988 3365 3027 3417 -

261 3455 559 3558 Dans
633 3489 773 3556 un
849 3444 1159 3557 lâche
1209 3484 1515 3591 repos
1581 3445 1745 3552 s’il
1805 3446 1953 3553 eft
2031 3440 2523 3592 enfevely
2581 3521 2609 3571 ,

272 3595 368 3708 Il
416 3600 794 3708 mérité
848 3634 1024 3702 ma
1094 3601 1410 3707 haine
1460 3676 1486 3728 ,
1550 3635 1696 3707 ou
1750 3590 2118 3743 plûtôt
2186 3630 2448 3701 mon
2502 3594 2840 3742 oubîy
2894 3631 2924 3712 ;

266 3755 459 3858 Me
508 3747 855 3856 laitier
898 3746 975 3857 h
1042 3752 1721 3903 long-temps
1764 3747 2193 3898 languir
2256 3742 2509 3853 dans
2552 3742 3237 3889 l'esclavage?

271 3897 643 4008 Eft-ce
683 3891 979 4007 faute
1017 3902 1515 4012 d’amour
1555 3982 1587 4028 ,
1671 3941 1811 4007 ou
1861 3892 2163 4008 faute
2207 3892 2329 4003 de
2383 3936 2849 4046 courage
2903 3915 2939 4004 ?

278 4051 578 4159 Tous
622 4052 900 4159 deux
954 4050 1556 4202 également
1600 4093 1772 4164 me
1840 4052 2314 4160 donnent
2352 4042 2478 4154 de
2552 4046 2974 4194 l’effroy
3024 4123 3060 4173 »

280 4197 469 4308 S’il
516 4241 981 4349 manque
1028 4202 1155 4308 de
1224 4237 1693 4354 courage
1756 4201 2053 4309 cft-il
2110 4203 2433 4345 digne
2482 4197 2605 4304 de
2678 4237 2935 4344 moy
2978 4217 3017 4299 ?

277 4357 433 4460 Ce
471 4347 819 4499 penser
873 4388 1245 4460 contre
1299 4353 1486 4504 luy
1541 4391 1711 4460 me
1775 4353 2187 4464 revoke
2241 4422 2270 4475 ,
2327 4342 2986 4500 m'indigne,

282 4509 412 4616 Et
482 4504 644 4610 s’il
698 4539 1166 4650 manque
1214 4503 1706 4624 d'amour
1750 4548 1876 4615 en
1966 4498 2344 4614 fera-il
2442 4499 2674 4644 plus
2744 4498 3140 4646 digne?

280 4653 563 4765 Mais
606 4693 811 4810 que
848 4658 1265 4816 vois-je
1338 4685 1371 4775 ?
1419 4659 1767 4774 cft-ce
1810 4658 1997 4806 luy
2056 4669 2089 4759 ?
2126 4654 2515 4805 grands
2566 4652 2929 4770 Dieux
3205 4718 3237 4754 .
