4080 6960
906 464 2557 661 TRAGEDIE.
3066 491 3288 666 >

1378 717 1431 817 I
1506 718 1567 819 S
1618 712 1687 813 P
1742 706 1823 812 E
1862 712 1955 809 R
2018 703 2063 799 I
2126 700 2239 803 E.

1503 855 1595 963 Il
1632 845 1871 961 faut
1923 851 2161 957 bien
2205 882 2413 995 que
2487 846 2593 984 je
2629 831 2993 984 pleure
3039 906 3073 958 ,

322 1017 769 1175 Puifque
820 1057 1013 1174 par
1062 1052 1229 1129 cet
1292 1008 1641 1119 Arreft
1680 1032 1945 1114 vous
1988 1002 2375 1104 voulez
2430 1031 2637 1143 que
2684 997 2787 1129 je
2824 1017 3193 1093 meure
3246 1008 3281 1104 f

326 1192 618 1289 Vous
676 1173 954 1283 ferez
1008 1163 1526 1288 satisfait,
1578 1193 1745 1265 cet
1788 1153 2099 1260 ordre
2170 1148 2766 1294 rigoureux

323 1332 628 1435 Dans
685 1364 888 1469 peu
926 1312 1154 1427 fera
1229 1317 1510 1464 périr
1552 1306 1840 1415 deux
1897 1317 2286 1410 Amans
2359 1286 3068 1401 malheureux
3129 1361 3166 1408 ,

327 1482 634 1583 Nous
669 1479 1042 1584 avions
1086 1466 1338 1575 dans
1380 1468 1474 1572 la
1515 1461 1766 1606 paix
1827 1487 2146 1560 encor
2185 1448 2646 1595 quelque
2679 1437 3289 1583 efperance.

319 1627 603 1735 Mais
642 1659 909 1734 vous
948 1619 1335 1729 voulez
1371 1618 1501 1726 de
1569 1622 1915 1721 Rome
1960 1597 2427 1712 achever
2477 1598 2571 1700 la
2626 1622 3270 1741 vangeance.

319 1768 999 1881 Achevez-là
1046 1853 1073 1890 .
1136 1773 1651 1919 Seigneur
1702 1837 1731 1889 ,
1788 1758 2055 1864 mais
2097 1751 2241 1861 du
2284 1748 2631 1856 moins
2699 1739 2796 1847 le
2836 1738 3202 1886 trépas
3248 1808 3287 1860 -

320 1934 492 2036 Au
530 1919 898 2036 defaut
956 1918 1084 2031 de
1116 1918 1220 2030 la
1261 1924 1514 2070 paix
1553 1950 1680 2020 ne
1723 1943 1990 2021 nous
2043 1932 2629 2050 manquera
2669 1932 2881 2042 pas.

941 2649 2119 2860 SCENE
2421 2639 2687 2878 V.

1098 3029 2044 3202 SCIPION
2114 3028 2460 3221 'fini.

338 3270 543 3531 E
562 3261 739 3372 Lle
781 3249 1329 3392 fort,jufte
1378 3241 1611 3358 Ciel
1654 3252 1681 3346 !
1724 3254 1819 3347 &
1867 3234 2015 3347 fes
2058 3269 2331 3383 yeux
2380 3225 2707 3381 pleins
2737 3219 2867 3328 de
2911 3215 3296 3321 larmes

556 3397 1319 3519 Attendrirent
1376 3429 1635 3502 mon
1698 3425 2001 3497 cœur
2072 3464 2105 3513 ,
2187 3394 2287 3491 &
2350 3364 3078 3492 m’arrachent
3155 3360 3296 3467 les

536 3597 889 3672 armes
942 3641 973 3687 ,

335 3706 459 3853 Je
511 3706 713 3818 fuis
766 3715 999 3857 prêt
1041 3700 1565 3818 d’oublier
1612 3740 1785 3817 ma
1832 3697 2181 3854 gloire
2224 3770 2255 3819 ,
2308 3720 2526 3794 mes
2604 3687 3087 3828 projets,

335 3860 469 3964 Et
520 3857 1075 4014 prcfqu’en
1128 3896 1245 3968 ce
1292 3890 1771 3963 moment
1817 3862 1915 4002 je
2004 3837 2436 3963 confens
2487 3837 2541 3943 à
2603 3838 2700 3942 la
2744 3836 2996 3978 paix
3066 3871 3093 3942 ;

341 4016 599 4158 Ouy
650 4091 683 4143 ,
736 4007 1355 4159 puisqu'elle
1391 4001 1485 4107 le
1524 4040 1855 4134 veut,
1903 3996 1979 4109 il
2013 3997 2247 4107 faut
2299 3987 2540 4098 finir
2587 3988 2686 4092 la
2728 4017 3112 4128 guerre
3160 4056 3193 4103 ,

339 4162 492 4264 En
540 4163 909 4270 rendre
972 4202 1115 4270 un
1158 4158 1425 4312 plein
1468 4192 1819 4303 repos,
1854 4192 1991 4263 un
2044 4146 2327 4299 plein
2364 4141 2706 4249 calme
2743 4131 2800 4244 à
2841 4132 2936 4239 la
2985 4167 3306 4243 terre;

341 4305 622 4418 Mais
666 4312 1239 4465 qucltriftc
1322 4307 1685 4454 penser
1744 4347 1910 4415 me
1967 4293 2270 4444 frape
2320 4332 2446 4399 en
2500 4332 2616 4399 ce
2667 4317 3146 4393 moment
3205 4298 3242 4384 ?

345 4451 568 4565 Elle
612 4501 732 4570 ne
772 4498 1024 4570 veut
1071 4467 1169 4574 la
1218 4462 1468 4604 paix
1524 4497 1730 4604 que
1774 4492 2050 4603 pour
2114 4448 2350 4554 voir
2407 4442 2586 4550 fon
2637 4456 3038 4549 Amant
3086 4507 3122 4558 >

341 4607 598 4749 Que
646 4651 918 4759 pour
958 4611 1430 4724 combler
1493 4607 1649 4725 fes
1684 4647 2014 4718 vœux
2053 4602 2296 4710 d’un
2363 4592 2846 4703 heureux
2905 4577 2966 4688 h
2995 4622 3043 4733 y
3065 4618 3302 4690 me¬

501 4761 694 4871 née
736 4847 773 4894 ,

335 4912 468 5019 Et
541 4913 748 5050 j'en
815 4949 1438 5025 avancerons
1497 4914 1598 5020 la
1683 4908 2010 5020 fatale
2067 4894 2602 5049 journée?

345 5063 618 5171 C’eft
681 5064 954 5176 donc
997 5104 1260 5211 pour
1313 5074 1776 5209 Lucejus
1827 5058 2216 5206 qu'elle
2253 5049 2437 5195 afp
2455 5048 2596 5151 ire
2633 5039 2686 5149 à
2725 5033 2822 5146 U
2871 5034 3122 5180 paix
3161 5064 3192 5135 :

347 5213 784 5355 Qu’elle
835 5218 1188 5326 l’aime
1217 5217 1614 5370 grands
1669 5224 2024 5330 Dieux
2107 5224 2130 5320 !
2183 5197 2572 5355 grands
2663 5193 3032 5305 Dieux
3099 5223 3308 5335 que

515 5372 618 5511 je
655 5369 748 5471 le
805 5362 1038 5481 hais
1087 5378 1120 5485 ?

335 5514 618 5622 Mais
655 5554 1229 5666 pourquoy
1273 5514 1454 5627 fon
1497 5555 1746 5626 nom
1797 5514 2006 5626 feul
2057 5549 2222 5617 me
2265 5500 2610 5615 fait-il
2649 5495 2776 5606 de
2814 5489 2912 5601 la
2951 5493 3302 5641 peine?

341 5664 452 5771 D
495 5663 638 5780 où
671 5674 954 5781 vient
997 5704 1204 5821 que
1257 5678 1714 5822 Lucejus
1767 5669 1910 5777 eft
1959 5659 2346 5811 l’objet
2405 5654 2530 5766 de
2573 5690 2750 5760 ma
2791 5649 3098 5756 haine
3151 5660 3188 5745 ?

2573 5808 2792 5950 Cij
