4080 7033
815 491 2561 664 TRAGEDIE.
3067 564 3201 718 25

215 713 950 834 Pouroit-elle
1012 701 1444 820 foufflir
1483 712 1753 858 qu’il
1808 712 2186 824 devint
2262 716 2576 825 vôtre
2620 712 2986 863 époux
3048 735 3088 824 i

198 883 333 990 £c
374 867 923 986 d’ailleurs
1002 899 1165 971 cet
1244 857 1641 1006 hymen
1690 861 1837 966 eft
1916 867 2339 1021 indigne
2398 868 2525 977 de
2574 907 2884 982 vous.

1214 1020 1368 1122 IS
1430 1016 1778 1128 PER
1837 1014 1881 1116 1
1936 1019 2056 1125 E.

198 1179 667 1317 Luccjus
720 1170 869 1279 eft
912 1205 1041 1277 ne
1102 1168 1514 1275 Prince.

1192 1323 1484 1430 SCI
1538 1318 1606 1425 P
1664 1318 2051 1432 ION.

1280 1469 1408 1577 Et
1462 1463 1829 1578 fuft-il
1882 1485 2126 1618 Roy
2186 1545 2212 1591 »
2276 1475 2804 1592 Madame
2863 1566 2896 1618 ,

204 1636 297 1748 Il
350 1671 479 1739 ne
552 1626 935 1739 mérité
986 1621 1281 1770 point
1350 1660 1555 1729 une
1608 1620 1677 1729 fi
1744 1621 2021 1730 belle
2094 1622 2413 1734 flâme
2476 1647 2511 1733 ?

204 1791 464 1920 Que
502 1817 772 1885 vous
826 1765 1438 1882 connoiflez
1497 1812 1702 1920 peu
1739 1773 1832 1879 le
1887 1777 2126 1921 prix
2169 1776 2294 1885 de
2362 1776 2678 1896 vôtre
2732 1829 3026 1905 cœur
3075 1814 3112 1906 ?

198 1945 495 2046 Vous
562 1934 999 2071 ignorez
1034 1959 1359 2033 encor
1392 1919 1813 2073 jufqu’à
1872 1930 2121 2073 quel
2160 1934 2471 2073 point
2518 1937 3172 2067 d’hôneur...

192 2091 444 2194 Non
492 2165 520 2210 ,
579 2076 636 2179 à
673 2076 983 2189 vôtre
1013 2075 1403 2184 mérité
1447 2077 1520 2184 il
1573 2077 1819 2184 n'cft
1873 2081 2095 2185 rien
2150 2086 2341 2229 qui
2418 2087 2896 2234 réponde
2945 2182 2972 2229 ,

198 2236 297 2340 Il
336 2237 485 2346 eft
522 2268 767 2376 trop
820 2268 949 2332 au
1008 2219 1353 2336 deflus
1398 2223 1531 2334 de
1568 2264 1813 2336 tous
1862 2232 2005 2336 les
2074 2237 2339 2340 Rois
2388 2236 2527 2347 du
2574 2247 2970 2357 monde
3020 2329 3052 2382 ,

188 2389 327 2496 Et
390 2415 661 2532 pour
698 2387 1059 2487 mieux
1108 2375 1581 2488 soutenir
1620 2378 2187 2492 l’honneur
2226 2385 2353 2492 de
2402 2389 2723 2501 vôtre
2772 2395 3162 2535 choix,

187 2536 293 2644 Il
329 2531 561 2640 faut
598 2571 737 2639 un
775 2526 955 2635 des
994 2531 1839 2675 vainqueurs,un
1881 2531 2067 2644 des
2104 2540 2586 2650 maiftres
2621 2546 2800 2658 des
2854 2557 3168 2685 Rois,

204 2687 357 2796 En
410 2723 549 2794 un
592 2714 831 2791 mot
906 2758 943 2811 ,
1006 2722 1145 2790 un
1216 2682 1733 2791 Romain.

1231 2833 1282 2932 I
1337 2840 1394 2937 S
1457 2834 1652 2938 PE
1715 2845 1805 2948 R
1867 2840 1914 2943 I
1977 2845 2096 2948 E.

1446 2991 1587 3088 La
1620 2991 2228 3134 grandeur,
2296 2996 2401 3109 la
2464 2997 2909 3118 fortune

197 3137 461 3246 Peut
503 3127 771 3241 faire
841 3123 1459 3276 impreftion
1503 3128 1675 3241 fur
1715 3179 2207 3255 uncamc
2286 3192 2951 3271 commune;

193 3289 475 3396 Mais
525 3324 819 3436 quoy
961 3319 1207 3392 tout
1245 3279 1431 3393 Ton
1487 3285 1773 3401 éclat
1798 3299 1995 3408 mis
2039 3297 2295 3412 dans
2361 3303 2537 3418 fon
2575 3308 2814 3458 plus
2881 3320 3152 3427 beau

380 3445 625 3579 j'Oür

193 3587 752 3705 N’éblouit
809 3587 1110 3735 point
1143 3627 1278 3696 un
1317 3628 1616 3700 cœur
1653 3592 2047 3710 éclairé
2096 3643 2278 3750 par
2337 3612 2834 3726 l’amour.

1174 3753 1237 3856 S
1296 3754 1379 3856 C
1442 3749 1479 3847 I
1562 3750 1631 3853 P
1704 3755 1743 3851 I
1800 3760 1905 3861 O
1978 3759 2120 3867 N.

198 3895 543 4045 Quoy
617 3917 650 4003 ?
715 3931 990 4008 vous
1048 3900 1500 4039 pouriez
1559 3972 1591 4019 ,
1675 3900 2181 4019 Madame
2227 3931 2485 4025 ?...

1269 4051 1545 4160 ISP
1603 4052 1813 4164 ER
1859 4058 1905 4161 I
1953 4057 2066 4164 £.

1245 4198 1410 4307 Eh
1467 4219 1490 4302 !
1585 4209 2101 4352 Seigneur
2170 4295 2197 4343 ,
2266 4258 2475 4368 que
2528 4224 3153 4382 m’importe

193 4355 458 4486 Que
517 4390 686 4463 ces
733 4351 1388 4498 vainqueurs
1427 4349 1606 4460 des
1685 4360 2138 4478 Rois...
2185 4377 2471 4483 Mais
2567 4376 2864 4494 bêlas
2929 4406 2953 4495 1
3046 4406 3158 4540 je

377 4503 1023 4652 m’emporte
1068 4582 1095 4630 ,

189 4649 312 4796 Je
351 4649 586 4763 dois
633 4659 778 4763 les
825 4653 1342 4802 rcfpedter
1393 4735 1423 4777 ,
1467 4665 1570 4758 &
1625 4665 1732 4807 je
1781 4660 1980 4778 fuis
2039 4669 2304 4784 dans
2343 4674 2621 4792 leurs
2665 4681 2875 4798 fers
2923 4740 2951 4811 ;

197 4805 502 4943 Qu>
541 4806 767 4914 leur
799 4809 990 4949 gré
1031 4810 1175 4914 les
1269 4811 1803 4928 Romains
1832 4856 2511 4969 gouvernent
2559 4836 3152 4975 l’Univers,

209 4953 510 5060 Tout
579 4952 812 5066 doit
871 4952 1252 5070 fléchir
1307 4958 1550 5070 fous
1623 5002 1837 5080 eux
1887 4993 1920 5075 ?
2019 4985 2303 5091 Mais
2343 5024 2667 5101 encor
2741 4989 2800 5092 à
2862 5004 3163 5146 quels

335 5109 644 5213 titres

187 5256 849 5372 Veulent-ils
901 5258 1029 5374 de
1083 5302 1271 5370 nos
1327 5306 1677 5399 cœurs
1725 5285 2157 5394 devenir
2216 5291 2365 5399 les
2418 5295 2941 5414 arbitres?

1179 5427 1242 5530 S
1315 5436 1400 5535 C
1461 5437 1506 5536 I
1593 5454 1668 5555 p
1755 5443 1798 5546 I
1857 5446 1960 5551 O
2027 5447 2161 5553 N.

196 5554 292 5660 Il
346 5555 579 5671 faut
637 5559 1089 5707 juftificr
1154 5651 1181 5693 ,
1236 5579 1747 5697 Madame
1800 5670 1833 5716 ,
1905 5589 2187 5702 leurs
2239 5588 2689 5713 desseins
2732 5691 2764 5748 >

193 5705 328 5817 Et
387 5751 650 5828 vous
695 5720 1212 5865 aprendre
1271 5731 1440 5883 icy
1483 5741 2000 5854 l’intereft
2049 5745 2227 5859 des
2287 5761 2819 5874 Romains
2862 5822 2899 5898 ;

2473 5913 2567 6016 C
