4080 7015
866 478 2626 658 TRAGEDIE.
3218 478 3290 638 î

1246 702 1330 818 A
1382 702 1494 822 U
1526 718 1622 822 R
1686 710 1730 810 I
1786 702 1990 818 LC
2046 718 2134 806 A
2186 714 2318 818 R.

295 881 577 987 Vous
621 901 881 973 avez
949 865 1389 1007 pénétré
1423 895 1541 967 ce
1601 891 1809 1003 que
1873 881 2131 967 v'.ut
2181 849 2283 957 fa
2347 845 2957 997 prudence,

289 1021 527 1133 Une
571 1021 819 1169 paix
875 1011 1677 1159 deCartageeft
1727 1001 2197 1153 Tunique
2241 1007 2791 1149 efperance
2857 1047 2883 1123 ;

295 1173 653 1295 Mais,
703 1167 1213 1275 Madame
1257 1239 1289 1289 ,
1353 1197 1561 1309 que
1625 1157 1849 1279 dit,
1929 1167 2019 1265 &
2075 1193 2283 1305 que
2337 1153 2535 1265 fait
2629 1157 3069 1305 Scipion
3119 1167 3159 1259 ?

315 1329 523 1425 Son
571 1329 885 1461 jeune
945 1355 1239 1421 cœur
1287 1313 1621 1421 n'a-c-
1665 1313 1737 1415 il
1807 1349 2015 1457 que
2059 1313 2187 1415 de
2235 1303 2847 1415 l'ambition
2901 1325 2933 1411 ?

305 1475 491 1577 Les
541 1465 1031 1577 charmes
1091 1465 1671 1577 d'Erixcne
1721 1501 1939 1587 ,ou
2003 1461 2151 1567 les
2201 1495 2479 1603 yeux
2533 1455 3069 1603 d’Ifperie

299 1617 819 1733 N'ont-ils
859 1657 997 1763 pu
1055 1617 1429 1723 rendre
1465 1651 1787 1729 encor
1823 1607 1929 1723 fa
1969 1607 2377 1763 grande
2417 1647 2655 1719 amc
2695 1607 3271 1719 attendrie?

305 1767 951 1879 Pardonnez.
1011 1849 1107 1875 ..

1277 1925 1359 2037 E
1419 1919 1903 2037 RIXE
1959 1925 2227 2027 NE.

1413 2081 1975 2213 Apprenez
2055 2111 2197 2177 un
2261 2065 2595 2177 fecret
2639 2071 3285 2217 important,

315 2231 563 2339 Sans
627 2221 951 2333 doute
1011 2221 1445 2369 Scipion
1505 2221 1753 2329 n’cft
1823 2221 2055 2369 plus
2129 2217 2771 2329 indiffèrent.

309 2383 713 2521 Depuis
769 2419 955 2521 peu
1015 2373 1269 2479 dans
1323 2369 1501 2479 fon
1545 2383 1893 2515 Camp
1949 2369 2051 2479 fa
2115 2369 2429 2479 flâme
2473 2373 2615 2475 eft
2675 2373 3211 2501 allumée*

309 2529 563 2631 Eien
607 2565 809 2671 que
859 2525 951 2637 fa
1011 2519 1415 2671 paflîon
1485 2525 1753 2631 dans
1823 2505 2009 2637 fon
2055 2559 2353 2631 cœur
2393 2519 2989 2631 renfermée

309 2685 719 2787 Prenne
769 2675 981 2783 foin
1031 2681 1087 2783 à
1137 2717 1319 2783 nos
1389 2711 1661 2817 yeux
1727 2685 2227 2817 toujours
2267 2671 2389 2777 de
2443 2671 2535 2781 fe
2583 2675 2979 2787 cacher
3023 2757 3053 2807 ,

315 2827 633 2965 Qu’il
677 2821 779 2933 fa
799 2827 931 2933 lie
969 2827 1147 2933 des
1197 2817 1577 2933 efforts
1621 2867 1743 2933 en
1807 2833 2045 2933 vain
2089 2863 2363 2969 pour
2413 2827 3009 2939 l’arracher
3057 2913 3089 2959 ,

309 2973 547 3121 j’ay
611 3019 961 3085 connu
1005 2979 1661 3121 cependant,
1737 2979 2085 3085 même
2161 3013 2347 3121 par
2417 2973 2519 3085 fa
2593 2989 3195 3091 contrainte
3255 3059 3291 3115 ,

315 3135 567 3261 Que
643 3129 891 3241 d’un
949 3125 1133 3237 feu
1177 3129 1577 3237 violent
1641 3125 1823 3237 fon
1913 3165 2145 3237 ame
2191 3129 2463 3237 étoit
2503 3135 2989 3247 atteinte.

1277 3275 1359 3387 A
1423 3275 1525 3387 U
1581 3291 1677 3387 R
1737 3285 1773 3377 I
1827 3285 2035 3393 LC
2095 3291 2171 3383 A
2231 3295 2367 3393 R.

325 3433 401 3549 ll
461 3427 689 3545 faut
759 3433 1001 3539 d'un
1045 3433 1193 3539 tel
1253 3427 1587 3535 fccret
1625 3433 2283 3579 qu'Annibal
2341 3427 2539 3539 foit
2603 3437 3095 3565 inftruit,

319 3593 457 3695 Sa
511 3583 1041 3731 prudence
1131 3583 1565 3731 pouroit
1625 3623 1747 3691 en
1817 3583 2075 3691 tirer
2125 3583 2595 3731 quelque
2645 3583 2917 3695 fruit
2967 3629 2993 3705 ;

315 3749 527 3847 Car
571 3729 643 3841 fi
693 3735 815 3841 de
869 3735 1313 3883 Scipion
1373 3771 1511 3837 on
1575 3729 1939 3841 fléchit
1993 3729 2081 3837 le
2135 3771 2605 3883 courage
2655 3815 2685 3867 ,

319 3887 411 3993 Il
481 3891 911 4029 pouroit
965 3881 1505 3993 s’adoucir
1555 3927 1681 3993 en
1767 3875 2145 3993 faveur
2221 3887 2347 3993 de
2413 3897 2923 4043 Cartage.

319 4043 497 4149 Hé
537 4073 825 4185 quoy
879 4053 911 4139 ?
1001 4033 1067 4139 fi
1117 4033 1239 4139 de
1323 4037 1783 4145 l’amour
1833 4037 1899 4139 il
1949 4033 2489 4145 reflentoit
2539 4037 2685 4169 le?
2735 4083 3069 4195 coups
3129 4067 3165 4155 ?

319 4199 447 4301 Et
511 4189 663 4295 s’il
713 4193 981 4295 étoit
1035 4183 1471 4295 charmé
1539 4183 2061 4335 d’ifperie
2119 4265 2151 4315 >
2195 4229 2327 4295 ou
2393 4189 2519 4301 de
2569 4235 2831 4305 vous
2897 4275 2933 4331 ,

329 4351 593 4451 Sans
647 4335 971 4447 doute
1021 4375 1229 4487 que
1283 4335 1385 4447 la
1449 4345 1693 4483 paix
1747 4381 1869 4447 en
1919 4335 2509 4487 feroitplus
2573 4339 2933 4463 facile,

1307 4491 2221 4603 ERIXENE.

329 4647 421 4749 À
481 4637 1047 4755 connoîtrc
1111 4637 1253 4745 les
1313 4683 1661 4749 cœurs
1721 4647 1813 4779 je
1877 4677 2005 4749 ne
2075 4637 2283 4749 fuis
2337 4683 2515 4789 pas
2573 4643 2927 4759 habile
2973 4699 3003 4775 ;

325 4793 613 4901 Mais
677 4793 895 4937 j’ay
939 4789 1127 4901 crû
1171 4793 1671 4901 dêmeiler
1721 4793 1985 4901 dans
2079 4789 2261 4901 fon
2311 4799 2737 4911 trouble
2791 4803 3195 4941 fecret,

335 4945 653 5087 Qujl
697 4945 975 5053 aime
1015 4985 1217 5053 une
1257 4945 1439 5053 des
1485 4945 1767 5053 deux
1823 5025 1849 5067 ,
1893 4945 2277 5093 Lcqu'il
2331 4945 2681 5057 l’aime
2719 4955 2781 5053 à
2831 5001 3169 5107 regret
3225 5011 3255 5087 j

339 5097 587 5193 Plus
643 5091 1167 5239 j'obferve
1237 5131 1505 5239 pour
1549 5131 1823 5203 nous
1897 5091 2041 5203 fes
2089 5137 2367 5243 yeux
2433 5111 2529 5203 Le
2589 5101 2685 5213 fa
2741 5111 3321 5243 conduite,

335 5237 583 5349 Plus
631 5253 729 5385 je
813 5253 1047 5355 vois
1117 5243 1385 5395 qu’il
1465 5283 1737 5355 nous
1823 5243 2293 5355 cherche
2351 5253 2631 5359 alors
2709 5263 2979 5405 qu’il
3057 5303 3331 5375 nous

515 5395 799 5501 évite
839 5439 865 5511 ;

345 5545 743 5677 Quand
809 5545 875 5653 il
925 5585 1193 5657 nous
1247 5555 1471 5657 voit
1525 5551 2061 5663 ensemble
2135 5555 2201 5667 il
2255 5551 2747 5667 demeure
2805 5565 3327 5703 interdis^

339 5687 441 5793 U
481 5697 839 5849 rougit
899 5697 1591 5859 quelquefois
1635 5707 1763 5823 de
1807 5707 2055 5819 hon
2089 5747 2187 5823 te
2261 5727 2357 5823 &
2403 5707 2525 5819 de
2573 5707 2873 5853 dépit

2573 5869 2661 5965 A
2755 5859 2873 6005 iij
