4080 6996
3134 564 3265 710 -Z

882 497 1034 655 T
1130 499 1280 661 R
1374 493 1516 656 A
1604 494 1938 660 GE
2020 508 2178 670 D
2306 508 2609 672 IE.

282 715 426 821 La
486 702 838 825 Nièce
876 705 1449 825 d'Annibal
1508 717 2026 825 tcntcrôit
2068 759 2244 830 ma
2290 765 2474 830 ver
2490 765 2606 834 eu
2654 745 2694 830 ?

278 861 420 965 Le
492 862 722 1006 plus
754 857 1093 1010 grand
1133 901 1582 1010 enoemy
1630 903 1844 1015 que
1884 872 2282 1016 jamais
2323 887 2670 986 Rome
2723 883 2876 991 ait
2929 922 3054 995 eu
3109 908 3143 991 ?

275 1007 1779 1167 Non,Lepide,aujourd’huy
1822 1028 1927 1166 je
1967 1021 2201 1137 dois
2229 1023 2559 1137 briser
2597 1072 2781 1143 ma
2817 1033 3248 1155 chaîne.

1323 1163 2144 1283 LEPIDE.

262 1315 791 1459 Seigneur
859 1349 1247 1458 portez
1284 1355 1478 1428 vos
1540 1359 1879 1433 vœux
1952 1325 2097 1432 du
2144 1324 2394 1442 côté
2440 1328 3042 1459 d’Erixene.

272 1460 500 1569 Elle
538 1461 687 1565 cft
730 1460 944 1571 fille
982 1460 1570 1579 d’Hannon
1640 1510 2090 1624 ennemy
2164 1480 2805 1623 d’Annibal,

265 1617 572 1720 Dans
621 1621 1090 1765 Cartage
1169 1656 1286 1725 ce
1329 1616 1633 1734 Chef
1681 1617 1854 1735 fut
1927 1641 2448 1774 toujours
2515 1632 2700 1746 fon
2743 1647 3091 1760 rival.

275 1765 843 1904 Toujours
881 1762 1141 1875 dans
1227 1774 1323 1876 le
1389 1778 1713 1884 Sénat
1785 1777 1842 1886 à
1889 1817 2011 1886 ce
2059 1792 2419 1895 Héros
2485 1803 3032 1910 contraire
3084 1888 3117 1933 ,

262 1913 561 2018 Dans
627 1924 975 2026 Rome
1026 1918 1102 2027 il
1153 1918 1443 2032 n’eut
1501 1934 1895 2075 jamais
1947 1929 2077 2042 de
2144 1936 2389 2087 plus
2436 1949 2786 2092 grand
2853 1954 3252 2071 adver¬

448 2054 712 2172 saire
746 2145 779 2193 ,

261 2205 400 2315 Et
464 2211 1080 2359 s’opposant
1142 2220 1372 2334 sans
1420 2224 1684 2343 celle
1728 2230 1791 2343 à
1828 2230 1982 2348 ses
2037 2244 2364 2384 juftes
2420 2244 2866 2364 desseins
2910 2330 2951 2383 ,

263 2355 365 2460 Il
442 2360 999 2505 paroiffoit
1062 2376 1432 2520 plutôt
1481 2381 1800 2494 l’allie
1847 2385 2026 2495 des
2073 2400 2608 2515 Romains
2658 2456 2686 2528 ;

258 2517 507 2615 Aux
559 2518 1051 2634 charmes
1093 2521 1605 2680 dTfperie
1645 2537 2127 2681 oppose?
2205 2551 2670 2665 Erixene
2713 2633 2746 2680 ,

258 2657 394 2761 Et
443 2697 823 2807 prenez
890 2708 1035 2782 un
1092 2713 1481 2787 amour
1556 2683 2117 2801 conforme
2163 2692 2224 2806 à
2269 2699 2585 2812 vôtre
2637 2703 2951 2822 haine
2995 2790 3032 2841 ,

250 2803 482 2913 Elle
529 2849 782 2957 peut
830 2819 1326 2936 balancer
1368 2867 1564 2943 vos
1620 2837 1936 2948 defirs
1998 2840 2059 2952 à
2094 2839 2273 2957 fon
2376 2885 2629 2967 tour
2667 2940 2704 2993 ,

251 2955 391 3063 Et
433 2995 784 3074 meme
855 2975 1054 3084 elle
1123 2986 1564 3129 pouroit
1636 2989 2162 3138 répondre
2214 2996 2275 3113 à
2310 3000 2630 3119 vôtre
2676 3050 3107 3132 amour.

1249 3141 1311 3244 S
1373 3146 1459 3250 C
1505 3141 1557 3244 I
1619 3151 1689 3255 P
1747 3151 1795 3250 I
1857 3155 1961 3260 O
2011 3155 2161 3265 N.

242 3255 701 3376 Erixene
733 3287 764 3379 1

1230 3438 1312 3542 L
1364 3442 1448 3547 E
1514 3453 1594 3557 P
1650 3448 1698 3551 I
1765 3457 1870 3561 D
1948 3457 2066 3561 E.

780 3588 1048 3728 Oüy
1094 3659 1121 3708 ,
1172 3588 1688 3739 Seigneur
1727 3684 1758 3733 ,
1806 3614 1906 3712 &
1943 3604 2156 3758 j’ay
2210 3650 2399 3728 cru
2442 3619 2533 3728 le
2588 3639 3208 3783 connoître,

245 3713 612 3832 Toute
665 3715 774 3834 fa
811 3725 1127 3842 fierté
1163 3741 1532 3854 tombe
1594 3789 1720 3864 en
1772 3795 2046 3868 nous
2108 3803 2510 3918 voyant
2575 3785 3063 3924 paroître
3100 3835 3133 3907 :

241 3865 664 3998 Quand
709 3920 843 3990 on
880 3881 1171 4030 parle
1207 3890 1333 3997 de
1383 3934 1733 4034 vous,
1787 3906 1861 4015 il
1903 3910 2000 4019 le
2065 3906 2302 4030 faut
2335 3961 2740 4045 avouer
2788 4017 2825 4064 ,

232 4011 465 4124 Elle
535 4030 866 4166 prend
906 4031 1045 4144 du
1101 4037 1528 4185 plaisir,
1591 4061 2186 4211 Seigneur,
2245 4073 2303 4184 à
2345 4117 2610 4191 vous
2677 4087 3047 4230 louer,

228 4167 366 4271 Et
432 4168 853 4324 lorsque
926 4223 1116 4296 vos
1174 4203 1613 4342 regards
1656 4243 2167 4326 tournent
2213 4264 2449 4341 vers
2505 4232 2901 4387 Ifperic
2954 4333 2991 4386 ,

231 4317 526 4426 Dans
584 4321 768 4440 fon
810 4333 1112 4481 dépit
1148 4339 1488 4457 secret
1530 4394 1664 4463 on
1700 4360 1824 4471 lit
1868 4364 1972 4472 fa
2017 4378 2529 4518 jaloufie;

227 4463 461 4572 Elle
513 4479 1016 4602 voudroit
1055 4491 1298 4602 bien
1343 4505 1582 4613 voir
1622 4504 1774 4621 fes
1842 4515 2338 4638 charmes
2396 4529 2801 4660 effacez
2839 4635 2876 4688 ,

230 4611 461 4728 Elle
519 4620 623 4738 la
665 4625 899 4744 hait
941 4635 1292 4774 enfin,
1349 4686 1473 4758 en
1509 4661 1854 4795 est-ce
1926 4705 2116 4815 pas
2163 4674 2438 4799 assez
2488 4710 2524 4799 ?

1259 4805 1542 4914 SCI
1591 4821 1664 4919 P
1715 4822 1760 4919 I
1811 4831 1919 4935 O
1979 4832 2126 4935 N.

218 4917 452 5034 Elle
492 4927 718 5041 hait
758 4937 1161 5090 Ifperie
1217 5029 1247 5075 ,
1324 4953 1468 5060 ah
1530 4966 1766 5076 Ciel
1798 4982 1826 5075 1
1861 4979 2217 5119 quelle
2265 4993 2760 5141 injuftice
2819 5038 2861 5121 ?

223 5077 430 5186 Par
474 5085 864 5231 qu’elle
900 5097 1352 5226 jaloufie
1410 5189 1443 5236 ,
1480 5149 1624 5222 ou
1657 5119 2020 5262 plutôt
2077 5144 2320 5280 quel
2370 5164 2860 5302 caprice,

217 5225 657 5382 Malgré
729 5275 965 5357 tant
1033 5248 1166 5358 de
1231 5249 1684 5374 beautez
1740 5310 2020 5388 cette
2082 5293 2539 5408 Erixene
2592 5305 2821 5426 hait

216 5379 365 5483 Ce
426 5424 639 5533 que
683 5390 789 5499 la
851 5401 1147 5509 main
1207 5404 1391 5523 des
1449 5421 1810 5535 Dieux
1863 5420 2222 5549 forma
2284 5444 2408 5553 de
2453 5456 2686 5599 plus
2727 5475 3163 5616 parfait*

205 5521 330 5664 Je
378 5536 853 5690 m’égare
901 5631 928 5678 ,
968 5561 1361 5704 Lepide
1411 5643 1446 5694 ,
1525 5580 1624 5680 &
1679 5606 1795 5684 tu
1857 5596 2093 5699 vois
2169 5633 2348 5704 ma
2391 5596 2876 5735 foibltfTe
2916 5713 2951 5760 ,

202 5675 483 5797 Ccft
524 5703 904 5820 eavaiu
945 5742 1156 5856 qu.e
1207 5723 1321 5859 je
1368 5756 1653 5841 veux
1696 5726 2191 5891 déguiser
2235 5787 2413 5865 ma
2485 5772 3002 5892 tendresse
3046 5828 3082 5905 z

2551 5918 2640 6026 B
