4080 6707
1777 386 3213 552 PREFACE,

1013 587 1686 840 défendre
1705 606 2434 850 fapatrie
2506 681 2558 857 ,
2638 612 2994 857 quii
3030 615 3514 856 quitta
3565 603 3834 779 ïl~

1010 868 1366 1028 talie
1410 999 1454 1071 y
1502 862 1862 1111 qu’il
1898 877 2458 1034 revint
2502 933 2670 1033 en
2742 864 3406 1112 dfrique
3442 911 3490 1075 ,
3598 910 3830 1067 &

1003 1119 1379 1336 qu’il
1399 1203 1531 1367 y
1591 1175 2191 1291 trouva
2247 1125 2451 1294 les
2531 1125 3131 1369 affaires
3187 1196 3355 1296 en
3459 1187 3647 1291 un
3687 1114 3847 1351 fi

999 1399 1707 1552 mauvais
1747 1378 2063 1551 état
2059 1526 2127 1602 3
2143 1381 2499 1630 qùil
2523 1385 2931 1553 n’eut
2939 1400 3375 1636 point
3391 1379 3831 1551 d’au¬

996 1696 1220 1808 tre
1320 1699 1788 1891 party
1864 1634 1960 1810 à
2060 1633 2700 1886 prendre
2780 1700 3164 1889 pour
3252 1631 3836 1884 fauver

1000 1908 1740 2155 Qartage,
1796 1893 2517 2150 queceluy
2592 1893 2764 2073 de
2812 1892 3612 2075 demander
3668 1895 3824 2067 la

989 2170 2041 2339 Paiximaisil
2077 2150 2225 2326 la
2265 2149 2977 2329 demande
3021 2160 3441 2332 d’une
3477 2219 3821 2327 ma¬

985 2436 1385 2596 niéré
1437 2415 1842 2667 af]'e%_
1889 2410 2305 2594 noble
2377 2488 2426 2617 ,
2817 2476 3181 2588 cette
3233 2427 3677 2591 Scene
3725 2478 3821 2583 a

986 2712 1638 2912 toujours
1702 2738 2094 2931 paru
2142 2665 2886 2846 tres-belle
2962 2724 3002 2888 ,
3110 2723 3338 2880 &
3430 2743 3814 2851 tres-

974 2932 1311 3112 bien
1350 2939 2067 3126 conduites
2134 2922 2315 3186 fe
2358 3001 2530 3105 ne
2566 2929 2987 3105 doute
2998 2952 3434 3184 point
3470 3003 3659 3183 qu
3714 2930 3830 3103 il

975 3200 1223 3436 n’y
1295 3215 1515 3371 ait
1583 3187 1907 3367 bien
2007 3198 2255 3370 des
2307 3193 2631 3421 chef
2619 3261 2759 3365 es
2823 3212 3079 3440 qui
3159 3263 3435 3364 aur
3443 3207 3827 3363 oient

943 3512 1172 3712 pu
1227 3523 1536 3632 etre
1575 3523 2076 3630 nv.eux
2119 3454 2496 3626 dans
2535 3516 2896 3625 cette
2951 3460 3816 3647 Piece>mais

952 3748 1108 3964 je
1136 3787 1308 3892 ne
1292 3715 1640 3960 fuis
1648 3771 1924 3963 pas
1952 3701 2736 3954 infaillible
2748 3856 2796 3925 }
2824 3712 3016 3920 $
3060 3740 3188 3952 je
3232 3779 3404 3880 ne
3448 3707 3816 3879 don¬

956 4048 1149 4160 ne
1172 3991 1605 4232 point
1644 4038 1977 4206 cecy
1992 4030 2381 4226 pour
2412 4041 2605 4141 un
2680 4028 3329 4220 ouvrage
3372 3955 3817 4139 ache¬

969 4232 1157 4420 vé
1169 4251 1201 4408 •
1309 4219 1945 4483 Ilfufft
1985 4221 2361 4486 qu’il
2409 4224 3117 4484 aitréuffiy
3165 4288 3553 4480 pour
3633 4294 3805 4399 en

961 4488 1486 4672 devoir
1565 4515 1882 4667 être
1933 4541 2582 4693 content,
2665 4536 2886 4701 &
2937 4548 3330 4744 pour
3357 4479 3846 4663 m’en¬

962 4819 1674 5007 courager
1782 4742 1878 4923 à
1986 4753 2850 4926 travailler
2934 4756 3034 4924 à
3114 4752 3822 4920 l'avenir

966 5068 1351 5188 avec
1410 5086 1831 5187 encor
1866 5006 2215 5266 plus
2258 5009 2431 5186 de
2418 5013 2759 5257 foin
2814 5060 3039 5224 &
3098 5008 3451 5264 plus
3510 5003 3811 5179 d'e-

921 5264 1739 5456 xaÜitude.
