4080 6707
1058 488 1215 629 16
1386 467 2275 622 SCIPION
2398 444 3727 631 L’AFRICAIN,

1051 688 1329 786 Pour
1371 673 1727 779 rendre
1755 674 1863 780 fa
1899 663 2423 815 puiffancc
2471 678 2565 772 &
2616 659 2719 767 fa
2767 659 3101 802 gloire
3145 649 3615 763 affermie
3663 722 3704 776 >

1042 837 1389 936 Rome
1430 858 1549 927 ne
1600 848 1849 962 peut
1904 809 2319 927 souffrir
2384 809 2933 917 d’alliance
2984 805 3445 911 ennemie
3498 871 3533 922 ,

1047 968 1552 1115 Syphax,
1619 1002 1736 1071 ce
1789 977 2028 1106 Roy
2079 959 2508 1101 superbe
2557 989 2618 1058 a
2679 988 2944 1097 paye
2983 945 3592 1052 chèrement

1042 1124 1185 1222 La
1246 1110 1563 1218 fatale
1604 1109 2061 1216 douceur
2118 1105 2361 1212 d’un
2424 1100 2559 1207 tel
2623 1123 3311 1241 engagement
3376 1129 3399 1193 :

1037 1264 1130 1364 Il
1168 1264 1474 1363 eftoit
1512 1255 1814 1362 nôtre
1846 1289 2148 1396 amy;
2220 1249 2486 1353 mais
2539 1243 2666 1348 de
2707 1230 3310 1387 dangereux
3386 1226 3862 1339 charmes

1037 1414 1262 1547 Luy
1333 1399 1640 1508 firent
1701 1433 2056 1508 contre
2099 1432 2351 1503 nous
2403 1390 2817 1499 soudain
2863 1380 3301 1527 prendre
3339 1381 3475 1484 les
3517 1409 3922 1502 armes,

1038 1545 1703 1691 Sophonifbe
1746 1548 1921 1687 luy
1968 1546 2249 1687 plut,
2344 1541 2415 1643 il
2456 1534 2811 1643 devint
2862 1531 3043 1639 son
3082 1560 3427 1669 epoux
3468 1604 3505 1648 ,

1051 1704 1082 1832 (
1143 1690 1872 1817 Madame,elle
1903 1690 2206 1794 eftoit
2239 1681 2656 1808 belle,&:
2693 1681 3034 1784 moins
3067 1670 3330 1779 belle
3367 1708 3572 1813 que
3599 1670 3902 1803 vous)

1036 1804 1185 1952 ta
1240 1831 2099 1949 filled’Afdrubal
2157 1864 2215 1935 a
2262 1830 2531 1938 donc
2578 1822 2759 1977 fçû
2804 1825 2889 1924 le
2964 1821 3499 1944 détruire,

1038 1996 1170 2098 Et
1218 1990 1494 2094 vient
1546 1986 1664 2088 de
1714 1984 1887 2128 luy
1944 1977 2308 2089 coûter
2356 1977 2454 2079 la
2490 1979 2646 2079 vie
2714 2006 2972 2074 avec
3057 1961 3548 2103 l’Empire
3596 2005 3620 2073 ;

1043 2135 1334 2244 D'un
1377 2121 1670 2239 Chef
1695 2126 2424 2272 Cartaginois,
2465 2116 2604 2224 du
2645 2110 3078 2220 fameux
3159 2105 3640 2254 Hyeibal

1038 2277 1423 2423 Ifperie
1498 2275 1641 2380 eft
1682 2277 1779 2379 la
1856 2271 2061 2375 fille
2117 2345 2145 2393 ,
2210 2286 2309 2375 Lc
2378 2266 2657 2371 nièce
2700 2256 3321 2379 d’Annibal,

1047 2431 1286 2534 Plus
1324 2417 1926 2526 charmante
1981 2451 2210 2520 cent
2263 2408 2530 2534 fois,
2587 2411 2812 2549 plus
2849 2401 3456 2510 redoutable
3507 2436 3916 2529 encore,

1046 2576 1185 2678 Et
1237 2580 1575 2675 Rome
1642 2553 2229 2670 fouffnroit
2239 2654 2269 2694 #
2273 2557 2623 2704 quand
2670 2558 3121 2690 Lucejus
3178 2547 3639 2675 l’adore,

1058 2714 1369 2842 Qu’il
1416 2718 1630 2819 unit
1682 2709 1736 2815 à
1798 2721 2244 2853 Cartage
2312 2738 2564 2806 avec
2616 2699 2744 2801 de
2816 2696 3010 2799 tels
3048 2693 3300 2800 liens

1057 2867 1354 2970 Tout
1401 2857 1490 2965 le
1531 2852 1896 2998 peuple
1943 2852 2526 2957 nombreux
2569 2843 2740 2952 des
2805 2838 3484 2952 Celtiberiens
3521 2875 3554 2952 ;

1056 3013 1169 3116 Si
1222 3002 1883 3146 Sophonifbe
1930 2993 2197 3102 feule
2238 3032 2299 3096 a
2340 2988 2657 3100 coûte
2688 2989 2943 3092 trois
2998 2983 3553 3116 batailles,

1051 3151 1566 3266 Combien
1610 3144 2478 3257 coûteriez-vous
2523 3133 2646 3242 de
2683 3128 2990 3275 sang,
3085 3129 3208 3237 de
3251 3123 3852 3242 funérailles
3885 3148 3916 3237 ?

1057 3311 1345 3406 Vous
1391 3293 1823 3435 pouriez
1866 3284 2343 3397 foûlever
2375 3284 2675 3426 vingt
2753 3278 3019 3392 Rois
3057 3312 3243 3382 nos
3289 3284 3747 3387 ennemis
3783 3351 3818 3405 -

1052 3443 1321 3552 Unir
1368 3437 1989 3543 Mandonius
2030 3466 2492 3576 avecque
2553 3409 3020 3532 îndibilis
3062 3501 3097 3547 ,

1057 3594 1190 3696 Et
1227 3583 1716 3692 suscitant
1769 3580 1824 3686 à
1875 3593 2216 3687 Rome
2263 3613 2454 3678 une
2505 3574 2996 3682 éternelle
3039 3603 3416 3710 guerre
3488 3646 3520 3696 ,

1062 3743 1277 3846 Vos
1314 3768 1581 3880 yeux
1622 3724 2187 3876 pouroient
2224 3714 2769 3828 coatr’elle
2800 3753 3141 3824 armer
3174 3748 3471 3823 toute
3506 3714 3605 3827 la
3642 3748 3931 3824 terre.

2050 3948 2101 4046 I
2160 3953 2221 4049 S
2288 3947 2357 4046 P
2418 3946 2497 4045 E
2564 3947 2661 4046 R
2722 3942 2769 4040 I
2844 3941 2949 4049 E.

1070 4170 1345 4278 Mais
1402 4165 1615 4273 fila
1654 4166 1939 4305 paix,
1996 4161 2535 4307 Seigneur,
2592 4188 2773 4301 par
2804 4145 2929 4254 de
2964 4151 3191 4296 plus
3230 4150 3515 4259 doux
3540 4156 3931 4297 projets

1071 4321 1524 4438 Pouvoir
1589 4314 1824 4418 unir
1909 4344 2052 4414 nu
2103 4315 2462 4448 jour..
2516 4368 2540 4394 .

2089 4517 2920 4633 SCIPION.

2447 4727 2933 4835 Madame
2985 4810 3014 4854 ,
3121 4726 3413 4869 point
3455 4722 3571 4830 de
3619 4724 3920 4865 paix,

1062 4897 1375 5008 Point
1410 4885 1903 4999 d'accord
1948 4959 1969 5003 ,
2016 4882 2255 4990 c'est
2286 4882 2653 4999 eyvain
2690 4912 2811 4975 en
2854 4867 3259 4980 former
3294 4862 3931 5018 l’efperance,

1067 5045 1160 5150 II
1191 5037 1422 5150 faut
1469 5036 1588 5145 de
1629 5047 1968 5141 Rome
2012 5110 2036 5150 ,
2097 5033 2168 5135 il
2199 5022 2428 5136 faut
2467 5012 3078 5164 poursuivre
3119 5017 3220 5125 la
3271 5050 3852 5158 vangeance
3900 5084 3926 5135 ,

1068 5201 1243 5294 On
1315 5225 1475 5290 me
1530 5182 1663 5290 l’a
1721 5172 2115 5286 confiée
2167 5249 2197 5299 ,
2238 5190 2333 5280 &
2374 5173 2575 5313 j’en
2626 5163 2851 5272 dois
2906 5162 3335 5305 prendre
3376 5154 3581 5267 foin
3633 5234 3669 5285 ,

1062 5346 1184 5444 Et
1246 5332 1306 5439 fi
1342 5333 1548 5474 j’en
1594 5328 1876 5434 crois
1914 5361 2158 5431 mon
2196 5352 2478 5425 cœur
2523 5322 2622 5460 je
2699 5312 3317 5455 laporteray
3381 5309 3668 5431 loin,

1081 5478 1568 5589 Madame
1619 5545 1656 5594 ,
1721 5507 1980 5581 vous
2021 5467 2474 5614 pleurez.
