4080 6924
794 422 2487 620 TRAGEDIE,
3034 464 3200 609 19

273 683 395 835 je
483 678 571 791 le
661 670 925 824 fçais
985 673 1045 780 à
1112 663 1513 814 prefent
1566 734 1599 784 ,
1699 667 1796 759 &
1863 648 2080 789 }‘en
2164 637 2470 751 rends
2563 659 2884 783 grâce
2981 644 3204 724 aui:

474 833 815 941 Dieux
872 907 911 954 ,

259 982 367 1094 1S
417 976 795 1088 faudra
864 966 1305 1120 profiter
1351 976 1447 1069 &
1491 957 1626 1065 du
1685 982 2026 1090 temps
2073 957 2166 1050 &
2203 939 2380 1048 des
2417 933 2704 1043 lieux
2752 1003 2784 1055 -

283 1136 417 1239 Et
463 1128 531 1239 fi
583 1127 671 1229 le
713 1127 931 1234 Ciel
992 1113 1387 1264 répond
1445 1107 1502 1208 à
1546 1147 1656 1214 ce
1705 1132 1912 1245 que
1979 1132 2084 1239 je
2139 1098 2618 1235 projeté,

289 1290 597 1387 Tout
637 1276 721 1378 le
773 1282 1119 1407 Camp
1171 1256 1726 1374 d'Annibal
1779 1280 2040 1354 nous
2093 1233 2364 1349 offre
2443 1272 2638 1343 une
2697 1228 3208 1348 retraite,

289 1432 381 1533 Il
424 1426 660 1534 n'est
698 1456 871 1562 pas
951 1420 1168 1523 loin
1211 1410 1495 1558 d’icy
1556 1446 1583 1523 ;
1655 1397 1922 1507 mais
1977 1392 2193 1537 fay
2235 1387 2570 1498 voulu
2637 1372 2864 1488 fans
2915 1377 3095 1517 luy

291 1586 684 1681 Tenter
728 1605 840 1672 ce
887 1561 1228 1717 grand
1268 1550 1592 1668 effort
1625 1585 1836 1698 que
1889 1552 2000 1692 je
2079 1537 2276 1647 fais
2327 1525 3049 1677 aujouid’huy
3101 1566 3134 1642 z

269 1725 400 1868 Je
439 1721 954 1862 craignois
992 1699 1652 1862 qu’Annibal
1701 1730 1888 1843 par
1963 1685 2070 1797 fa
2123 1691 2400 1797 lente
2449 1679 2988 1827 prudence

275 1878 456 1982 TJe
495 1865 800 1971 fervit
833 1865 1042 1972 mal
1101 1900 1274 1967 ma
1315 1850 1624 1962 flâme
1671 1864 1772 1955 &
1809 1880 2066 1951 mon
2125 1834 2760 1981 impatience
2817 1866 2844 1926 :

285 2028 366 2125 A
389 2020 486 2122 in
503 2010 566 2121 fl
614 2089 647 2141 >
689 2009 920 2122 fans
973 2000 1502 2121 différer..
1562 2088 1582 2107 .
1655 1990 2240 2116 Madame,
2299 2018 2560 2091 vous
2617 1970 3132 2086 tremblez

285 2178 506 2275 Vos
549 2159 764 2270 fens
817 2160 1044 2270 font
1087 2155 1636 2274 interdits,
1721 2184 1922 2251 vos
1965 2140 2340 2284 esprits
2386 2125 2614 2240 font
2653 2124 3138 2234 troublez
3186 2199 3236 2253 ,

291 2328 576 2429 Vous
609 2348 736 2421 ne
787 2303 1328 2459 répondez
1361 2308 1582 2415 rien
1626 2379 1656 2426 ,
1729 2307 1832 2400 &
1875 2323 2136 2399 vous
2189 2322 2366 2394 ver
2376 2277 2544 2391 fez
2581 2278 2764 2385 des
2797 2278 3218 2388 larmes»

1287 2460 1338 2558 I
1397 2462 1458 2565 S
1523 2458 1598 2559 P
1649 2452 1732 2556 £
1791 2452 1892 2554 R
1941 2443 1992 2540 I
2055 2443 2170 2545 E.

295 2618 556 2755 Que
629 2617 730 2753 je
787 2596 1164 2715 reffens
1237 2641 1508 2753 pour
1557 2627 1822 2705 vous
1875 2588 2000 2699 de
2049 2577 2594 2690 mortelles
2643 2573 3128 2685 allarmes
3185 2583 3238 2679 f

295 2762 1164 2903 Qu'allez-vous
1201 2741 1992 2897 entreprendre?
2033 2748 2132 2849 Sc
2163 2736 2350 2879 qui
2383 2756 2650 2874 peur
2677 2718 3224 2839 m'afTurcr

289 2916 480 3027 Du
523 2908 1148 3028 jfuccés...

1315 3041 1662 3162 LUC
1725 3046 1898 3193 EJ
1940 3036 2186 3154 US.

1087 3216 1264 3317 Ou
1283 3246 1388 3356 y,
1431 3195 1980 3322 Madame,
2039 3192 2106 3300 il
2158 3182 2390 3296 faut
2443 3215 2688 3303 tout
2747 3172 3228 3322 efperer,

305 3376 390 3477 À
453 3365 1054 3516 quiconque
1091 3360 1364 3463 aime
1396 3350 1628 3457 bien
1671 3346 1742 3451 il
1801 3344 2046 3452 n’eft
2085 3345 2304 3452 rien
2352 3321 3054 3481 d'impofïible
3097 3410 3132 3457 ,

299 3513 800 3626 L'ardeur
843 3513 970 3616 de
1011 3545 1274 3616 vous
1310 3497 1632 3610 servir
1668 3495 1902 3601 doit
1939 3525 2106 3600 me
2179 3486 2544 3592 rendre
2582 3475 3152 3591 invincible
3191 3549 3236 3601 ,

302 3670 416 3775 .Si
463 3665 556 3771 Je
618 3658 830 3765 fort
883 3695 1054 3766 me
1097 3650 1498 3776 trahit,
1551 3683 1692 3755 ou
1748 3639 1816 3750 fi
1869 3654 1972 3787 je
2023 3674 2374 3747 meurs
2409 3670 2540 3746 au
2607 3628 2948 3741 moins
3005 3703 3038 3750 ,

291 3810 806 3921 Madame
853 3888 880 3934 ,
953 3842 1134 3911 vos
1178 3803 1518 3910 beaux
1607 3831 1888 3940 yeux
1925 3832 2046 3900 en
2094 3785 2450 3900 feront
2498 3784 2644 3891 les
2679 3779 3232 3910 témoins^

290 3958 720 4105 J'auray
786 3952 984 4065 fait
1037 3992 1284 4064 mon
1320 3948 1688 4056 devoir
1729 3943 1892 4055 s’il
1943 3944 2216 4050 m’en
2273 3972 2594 4046 coure
2662 3928 2758 4034 la
2787 3933 2958 4035 vie
3011 4007 3052 4060 ,

308 4118 492 4220 Du
533 4110 874 4218 moins
926 4113 1034 4249 je
1070 4103 1174 4213 la
1221 4098 1468 4249 perd
1493 4133 1672 4238 ray
1721 4129 1992 4239 pour
2038 4088 2412 4199 sauver
2468 4079 2894 4230 Ifperie.

1330 4257 1382 4358 I
1440 4257 1502 4358 S
1562 4243 2142 4355 PERIE.

304 4410 436 4513 Et
519 4407 760 4513 c'eff
827 4442 940 4514 ce
993 4446 1204 4552 que
1280 4408 1388 4549 je
1461 4397 1802 4508 crains
1865 4472 1902 4523 ,
1963 4427 2166 4540 que
2219 4417 3018 4538 pourez-vous,
3087 4371 3242 4493 ah

504 4561 864 4669 Dieux
919 4575 950 4663 ?

306 4720 606 4823 Vous
643 4711 906 4813 allez
949 4740 1444 4848 attaquer
1477 4740 1618 4808 un
1654 4707 1996 4842 Camp
2059 4685 2659 4801 vi&orieux
2707 4761 2738 4806 ,

316 4874 606 4971 Vous
649 4856 1054 5001 périrez
1101 4935 1130 4983 ,
1162 4850 1678 5002 Seigneur
1735 4930 1762 4977 ,
1818 4860 1916 4958 &
1955 4875 2191 4952 tout
2239 4876 2403 4946 me
2442 4841 2535 4941 Je
2576 4825 2769 4938 fait
2822 4831 3159 4938 croire
3191 4905 3238 4962 ,

314 5020 606 5121 Vous
659 5005 930 5113 allez
993 5039 1362 5108 contre
1401 5036 1662 5112 vous
1724 5000 2076 5107 irriter
2144 4985 2725 5098 laviéloire
2787 5060 2824 5107 ,

308 5159 431 5301 Je
475 5190 729 5261 vous
789 5188 1164 5301 verray
1222 5145 1762 5301 sanglant,
1820 5164 1918 5256 &
1961 5179 2195 5256 tout
2255 5134 2565 5286 percé
2612 5124 2733 5237 de
2776 5163 3103 5280 coups
3137 5204 3178 5266 -

326 5304 805 5416 Tomber
843 5299 1424 5450 peut-être,
1481 5381 1573 5406 ..

1296 5443 2151 5590 LÜCEJÜS.

1190 5603 1524 5722 Helas
1594 5618 1618 5721 î
1685 5638 1887 5749 que
1941 5638 2192 5716 mon
2242 5593 2460 5710 fort
2498 5598 2720 5720 fera
2762 5602 3058 5724 doux

334 5748 441 5863 Si
472 5753 581 5903 je
628 5786 1050 5903 puis...
