4080 6715
1111 523 1273 630 10
1435 489 2302 660 SCIPION
2443 502 3723 708 L’AFRICAIN,

2159 789 2233 890 L
2283 795 2365 893 Z
2411 795 2569 895 PI
2623 801 2716 903 D
2771 804 2879 905 E.

1111 971 1286 1077 S’i!
1321 976 1812 1088 demande
1854 989 1948 1093 la
1988 994 2291 1128 paix,
2332 1004 3019 1112 n’eftes-vous
3056 1042 3231 1151 pas
3288 1014 3379 1117 le
3440 1013 3823 1121 maîcre

1102 1116 1729 1264 D’accepter
1786 1208 1824 1258 ,
1892 1136 2460 1277 d'imposer.
2518 1228 2538 1249 .
2610 1228 2636 1252 .

2027 1290 2918 1403 SCIPION.

2363 1440 2816 1578 Apprens
2877 1441 2933 1544 à
2999 1483 3160 1550 me
3225 1445 3803 1555 connoître.

1103 1556 1210 1659 Si
1263 1551 1502 1661 dans
1553 1596 1818 1670 cette
1852 1596 2408 1681 cntreveuë
2458 1581 2526 1680 il
2572 1585 3003 1724 propose
3050 1596 3141 1693 la
3182 1596 3417 1733 paix
3478 1669 3509 1713 ,

1092 1702 1283 1801 Ma
1333 1707 1661 1843 gloire
1714 1749 1875 1813 me
1920 1707 2298 1825 dcfend
2338 1721 2505 1860 d’y
2562 1727 3071 1836 consentir
3125 1742 3518 1873 jamais.

1101 1846 1657 1990 Quelques
1694 1856 2267 1966 conditions
2309 1900 2507 2000 que
2547 1872 3010 2010 j'impose
3057 1920 3106 1981 a
3157 1896 3670 2024 Cartagc,

1091 1988 1487 2108 Quand
1533 2002 1870 2101 Rome
1931 2002 2020 2102 la
2081 2012 2466 2107 verroit
2519 2012 2904 2121 réduite
2939 2018 2997 2121 à
3027 2022 3683 2168 l'esclavage,

1088 2128 1206 2267 Je
1257 2167 1370 2233 ne
1413 2128 1604 2237 fais
1651 2143 1860 2242 rien
1902 2182 2162 2281 pour
2219 2187 2462 2290 moy
2508 2230 2533 2271 ,
2583 2152 2646 2257 fi
2683 2157 2924 2266 dans
2958 2206 3087 2270 un
3128 2177 3361 2305 jour
3410 2162 3666 2276 fatal

1092 2275 1511 2412 Scipion
1554 2279 1798 2384 n'eft
1844 2293 2413 2430 vainqueur
2460 2294 2583 2398 de
2624 2302 3081 2412 l'illuüre
3120 2308 3554 2426 Anjiibal
3604 2351 3625 2418 :

1092 2419 1395 2518 Voila
1432 2418 1699 2529 donc
1742 2425 2229 2540 l'intereR
2262 2434 2345 2538 le
2381 2447 2825 2577 premier
2867 2449 2985 2552 de
3027 2491 3195 2557 ma
3239 2454 3563 2596 gloire
3607 2497 3636 2566 ;

1079 2556 1129 2693 J
1179 2598 1298 2660 en
1343 2598 1466 2703 ay
1523 2565 1968 2677 d’autres
2017 2574 2384 2683 secrets
2444 2617 2646 2723 que
2691 2620 2806 2694 tu
2851 2632 2974 2693 ne
3026 2633 3398 2736 pouras
3447 2604 3770 2737 croire
3798 2677 3839 2737 5

1078 2700 1196 2839 Je
1233 2739 1356 2805 ne
1407 2704 1642 2849 f'çay
1699 2709 1759 2814 lî
1819 2755 2060 2823 mon
2109 2759 2394 2824 cœur
2455 2736 2548 2829 le
2597 2730 2908 2837 servit
2964 2738 3446 2883 démenty
3508 2808 3547 2866 »

1078 2840 1202 2985 Je
1242 2841 1458 2956 sens
1494 2885 1603 2956 ce
1654 2894 1849 2999 que
1888 2865 2259 3002 jamais
2310 2875 2409 3004 je
2460 2871 2617 2974 n’a
2634 2881 2849 2984 vois
2914 2874 3265 2995 relient
3285 2918 3382 3031 y.

2028 3010 2103 3112 L
2164 3011 2239 3114 E
2300 3017 2373 3116 P
2430 3015 2481 3116 I
2538 3025 2637 3121 D
2692 3022 2806 3130 E.

1081 3142 1434 3264 Vous,
1489 3141 1990 3293 Seigneur
2061 3167 2093 3249 ?

1951 3301 2841 3416 SCIPION.

1842 3437 1951 3570 Je
1998 3472 2097 3541 te
2138 3480 2409 3551 veux
2458 3452 2815 3557 ouvrir
2880 3491 3169 3566 toute
3234 3501 3481 3575 mon
3512 3505 3737 3581 ame
3778 3554 3814 3605 ,

1073 3564 1191 3707 Je
1232 3607 1357 3673 ne
1402 3568 1637 3716 fçay
1684 3576 1750 3684 6
1825 3589 1923 3725 je
1950 3583 2171 3691 dois
2222 3588 2611 3693 donner
2654 3593 2747 3698 le
2818 3640 3053 3706 nom
3100 3607 3213 3711 de
3264 3612 3573 3722 flâme

1069 3724 1157 3819 A
1217 3752 1333 3818 ce
1398 3724 1793 3826 trouble
1859 3734 2239 3832 mortel
2279 3733 2534 3837 dont
2601 3748 2698 3875 je
2765 3743 2966 3852 fuis
3003 3754 3287 3887 agité
3323 3797 3354 3871 ;

1072 3864 1454 3992 Qu’on
1519 3860 1952 4007 l’ignore
1999 3870 2051 3973 à
2090 3884 2458 4012 jamais
2493 3878 2744 3987 dans
2775 3887 2870 3993 la
2920 3892 3408 4031 pofterité
3463 3917 3500 4002 ?

1068 4010 1316 4138 Que
1352 4044 1530 4144 coy
1569 4005 1774 4114 seul
1814 4011 2010 4118 sois
2042 4020 2437 4124 témoin
2488 4018 2608 4123 de
2648 4063 2815 4132 ma
2858 4025 3315 4144 foiblelTc
3346 4043 3803 4153 extrême
3848 4068 3882 4152 ?

1062 4144 1443 4287 Lepide
1504 4150 2209 4298 ,quelquefois
2255 4165 2465 4306 j’ay
2509 4170 2758 4308 pitié
2808 4176 2927 4279 de
2968 4188 3615 4323 moy-même
3661 4267 3692 4313 ,

1057 4286 1171 4424 Je
1218 4297 1681 4400 combats
1727 4373 1754 4420 ,
1800 4306 2051 4404 mais
2086 4343 2201 4404 en
2269 4315 2506 4413 vain
2565 4349 2699 4415 un
2727 4320 3072 4457 rapide
3113 4326 3688 4468 penchant,

1067 4436 1289 4560 Qui
1349 4441 1466 4540 de
1513 4472 1744 4546 tous
1789 4481 1996 4550 mes
2053 4447 2414 4559 efforts
2449 4457 2587 4556 eft
2639 4474 3116 4597 toujours
3167 4471 3810 4613 triomphant
3850 4520 3878 4598 ;

1064 4578 1178 4715 Je
1219 4587 1564 4729 rougis
1617 4585 1832 4689 d’en
1879 4586 2184 4695 sentir
2233 4596 2364 4700 les
2407 4607 2923 4710 mortelles
2958 4616 3441 4721 atteintes
3488 4694 3519 4738 ,

1054 4722 1283 4861 J’ay
1344 4732 1657 4832 voulu
1708 4761 1797 4832 te
1840 4733 2209 4842 cacher
2260 4780 2499 4847 mon
2532 4741 2655 4846 de
2672 4752 3005 4874 (ordre
3042 4830 3068 4874 3
3118 4795 3315 4864 mes
3372 4761 3862 4880 craintes.

1058 4873 1333 4973 Mais
1384 4873 1445 4972 il
1486 4863 1709 4976 faut
1756 4879 2215 4985 t’avouer
2262 4921 2501 4987 mon
2552 4882 2869 4995 foible
2905 4935 3145 5002 avec
3181 4902 3650 5010 douleur.

1059 5008 1206 5113 La
1253 5012 1512 5152 prise
1561 5017 1680 5123 de
1721 5033 2036 5129 Zama
2081 5061 2388 5133 coure
2439 5029 2684 5132 cher
2749 5033 2803 5138 à
2839 5076 3082 5147 mon
3129 5081 3445 5151 cœur.

2051 5173 2815 5286 LEPIDE.

1050 5286 1167 5427 Je
1212 5333 1463 5403 vous
1498 5303 1981 5428 entends,
2042 5319 2587 5457 Seigneur,
2634 5319 2801 5432 des
2829 5333 3329 5447 ‘atteintes
3372 5338 3442 5447 II
3516 5343 3795 5457 vives

1072 5444 1323 5544 Sont
1378 5439 1501 5550 de
1562 5445 2166 5563 l’amour,..
