4080 6996
901 504 2509 683 TRAGEDIE.
3165 549 3241 697 3

284 746 410 858 Ht
460 741 998 853 contraint
1052 777 1164 843 cc
1214 751 1578 850 Héros
1636 732 1754 838 de
1808 722 2106 838 voler
2150 767 2272 833 en
2330 761 2494 829 ccs
2542 711 2834 823 lieux
2900 788 2930 840 ,

284 902 566 1005 Pour
600 883 1104 1001 défendre
1140 883 1200 995 à
1244 887 1422 1000 Ton
1476 918 1724 990 tour
1792 878 1896 990 fa
1968 883 2302 1024 patrie
2340 893 2438 985 Se
2472 867 2628 979 fes
2684 871 3088 980 Dieux.

1281 1098 2091 1210 LEPIDE.

283 1321 471 1432 S’il
519 1321 917 1431 achevé
967 1401 999 1447 ,
1043 1319 1557 1468 Seigneur
1607 1396 1637 1446 ,
1707 1350 1985 1422 cette
2039 1305 2553 1421 heureufe
2613 1330 3243 1452 campagne.

277 1486 575 1579 Dans
631 1467 1195 1619 l'Affrique
1255 1472 1321 1574 il
1379 1462 1607 1578 fera
1681 1506 1799 1572 ce
1853 1463 2121 1614 qu'il
2179 1461 2301 1573 fit
2381 1501 2503 1567 en
2567 1451 3047 1604 Efpagne
3105 1492 3137 1552 :

277 1616 451 1729 Un
495 1623 671 1729 des
725 1623 953 1763 plus
1009 1611 1471 1769 puiftans
1541 1622 1809 1728 Rois
1883 1619 2071 1768 qui
2109 1607 2277 1723 fut
2317 1613 2579 1723 dans
2623 1601 3169 1714 l’Univers
3201 1672 3243 1728 ,

269 1763 873 1879 L’infîdelle
959 1767 1407 1919 Syphax
1467 1808 1829 1918 apery
1885 1772 2147 1875 dans
2215 1763 2373 1875 fes
2421 1753 2633 1869 fers
2693 1839 2729 1895 ,

272 1918 798 2027 Afdrubal
882 1935 978 2031 &
1032 1935 1446 2031 Xantus
1490 1960 1678 2030 ont
1748 1918 2076 2066 perdu
2164 1919 2428 2025 trois
2480 1907 3042 2036 batailles,

272 2080 742 2217 Cartage
792 2111 924 2181 va
972 2115 1230 2181 nous
1304 2074 1546 2182 voir
1596 2110 1728 2182 au
1782 2070 2014 2220 pied
2064 2071 2196 2181 de
2256 2065 2408 2177 fes
2476 2060 3032 2171 murailles
3086 2136 3122 2186 ,

272 2230 590 2329 Cette
640 2225 1074 2367 (uperbe
1114 2226 1360 2332 ville
1416 2230 1556 2332 eft
1632 2230 2226 2332 contrainte
2290 2215 3042 2367 aujourd'hui

272 2370 898 2519 D’appellcr
958 2375 1402 2488 Annibal
1452 2412 1734 2524 pour
1782 2376 1960 2518 luy
2018 2372 2342 2485 servir
2406 2377 2876 2519 d’appuy
2930 2448 2966 2498 ,

278 2532 344 2630 5
364 2522 718 2665 cipion
762 2523 858 2629 la
896 2563 1336 2635 menace
1380 2548 1412 2656 ,
1466 2548 1568 2640 &c
1618 2528 1840 2630 l’on
1888 2528 2120 2635 voit
2164 2563 2276 2629 ce
2316 2523 2654 2675 grand
2718 2521 3152 2630 homme

271 2674 499 2821 Luy
539 2669 911 2785 rendre
951 2709 1199 2785 rout
1265 2674 1693 2820 l’effroy
1741 2673 2398 2826 qu’Anribal
2451 2669 2573 2781 fit
2613 2669 2668 2785 à
2713 2687 3101 2785 Rome.

1209 2839 1291 2932 A
1355 2830 1465 2942 U
1525 2844 1617 2946 R
1677 2834 1717 2932 I
1787 2830 1995 2940 LC
2049 2841 2121 2937 A
2175 2839 2307 2937 R.

267 2976 365 3082 Il
439 2981 721 3087 vient
797 2975 1527 3092 dcfesfuccés
1611 2982 2327 3123 interrompre
2377 2975 2467 3087 le
2537 3015 2935 3108 cours,

267 3126 399 3234 Ht
499 3167 917 3273 promet
967 3127 1023 3233 à
1085 3122 1663 3278 l’AfFrique
1727 3170 1869 3238 un
1939 3122 2251 3235 fidele
2321 3127 2785 3239 secours.

277 3286 495 3388 Son
565 3317 813 3385 nom
877 3277 1089 3389 seul
1139 3274 1663 3390 raffermit
1717 3318 1909 3390 nos
1979 3283 2559 3389 Provinces
2603 3281 3243 3414 craintives5

268 3428 555 3535 Mais
630 3433 1049 3571 puis-je
1112 3424 1793 3536 m’informer
1872 3428 2051 3537 des
2114 3425 2569 3541 illuftres
2642 3444 3127 3581 captives

268 3578 526 3714 Que
606 3591 938 3687 Zama
986 3579 1194 3727 pris
1284 3570 1732 3692 d’affaut
1782 3584 1934 3686 vit
1984 3579 2412 3685 tomber
2452 3579 2710 3691 dans
2762 3625 2946 3696 vos
2980 3580 3242 3712 fers,

268 3730 414 3832 La
460 3731 792 3837 Nièce
852 3725 1426 3841 d’Annibal
1490 3736 1632 3836 les
1686 3730 2160 3842 a-1-elle
2216 3725 2658 3841 fouffers
2734 3755 2764 3841 ?

272 3880 404 3978 Et
456 3877 556 3983 la
640 3881 892 3987 Fille
948 3881 1536 3988 d’Hannon
1616 3962 1648 4014 ,
1732 3886 1830 3992 la
1884 3880 2322 4029 superbe
2382 3887 2840 3998 Erîxer.c
2894 3972 2926 4018 ,

268 4026 808 4139 S'efi-elle
856 4038 1574 4147 accoutumée
1632 4028 1688 4138 à
1758 4067 2122 4184 porter
2184 4073 2388 4143 une
2458 4033 2936 4150 chaîne?

1330 4188 2110 4299 LEPIDE.

267 4328 525 4460 Que
575 4329 801 4435 leur
857 4323 1249 4442 chaîne
1319 4410 1351 4462 ,
1431 4334 1949 4486 Seigneur
2003 4418 2029 4460 ,
2115 4339 2257 4441 eft
2315 4335 2633 4441 facile
2673 4333 2729 4445 à
2793 4360 3233 4486 porter?

257 4480 539 4592 Elles
595 4515 783 4587 ont
837 4475 1003 4587 des
1089 4520 1437 4596 vertus
1491 4496 1677 4632 qui
1757 4490 1903 4602 les
1969 4484 2207 4597 font
2261 4481 2855 4631 refpe<fter,

257 4640 429 4736 Au
485 4641 833 4777 Camp
897 4631 1023 4737 de
1073 4640 1507 4788 Scipion
1555 4640 1809 4748 elles
1873 4636 2111 4749 font
2199 4635 2875 4748 souveraines
2929 4722 2965 4768 ,

263 4776 355 4882 Il
409 4776 551 4885 les
599 4791 919 4889 traite
963 4785 1205 4893 bien
1255 4788 1603 4894 moins
1667 4832 1789 4894 en
1837 4786 2297 4899 esclaves
2361 4791 2675 4939 qu’en
2719 4798 3111 4900 Reines
3151 4878 3183 4924 ,

259 4932 355 5034 Il
399 4933 561 5035 n’a
611 4933 843 5079 plus
883 4933 1009 5039 de
1093 4933 1397 5050 fierté
1481 4938 1805 5050 fi-tôt
1843 4943 2111 5094 qu’il
2159 4943 2301 5049 eft
2367 4947 3041 5095 vainqueur,

266 5088 404 5186 Sa
448 5079 773 5191 bonté
822 5159 848 5211 ,
906 5079 1008 5191 fa
1076 5093 1612 5200 ciemence
1656 5094 2080 5246 égalent
2170 5093 2276 5201 fa
2330 5073 2770 5209 valeur*;

262 5240 586 5373 Oüy,
640 5229 812 5343 fon
866 5235 1104 5347 bras
1144 5279 1356 5352 aux
1404 5244 1838 5356 vaincus
1898 5290 2020 5352 ne
2064 5239 2232 5353 fut
2316 5249 2694 5397 jamais
2744 5239 3208 5376 funefte,

262 5380 434 5496 La.
460 5385 902 5497 vi£foire
942 5431 1058 5497 ne
1108 5389 1310 5502 sert
1370 5400 1618 5544 qu'a
1696 5396 1788 5508 le
1838 5400 2206 5507 rendre
2260 5401 2730 5507 modefte
2774 5477 2810 5527 ,

262 5530 526 5668 Egal
574 5531 828 5643 dans
882 5541 978 5649 la
1048 5537 1486 5654 fortune
1530 5566 1628 5658 &
1666 5546 1924 5658 dans
1988 5547 2594 5663 i’adverfîté
2634 5633 2664 5679 ,

268 5676 646 5835 Iin’eft
722 5693 1114 5835 jamais
1214 5693 1658 5850 fuperbe
1712 5702 1838 5814 en
1904 5702 2000 5851 la
2070 5697 2710 5851 prospérité.

2481 5863 2710 6011 Aij
