4080 6924
845 448 2510 665 TRAGEDIE.
3017 472 3171 637 i*

665 1424 1995 1733 ACTE
2280 1397 2667 1668 II

241 1913 1215 2135 SCENE
1384 1838 3118 2107 PREMIERE.

593 2314 1634 2469 ISPERIE,
1833 2268 2878 2431 ERMILIE.

1280 2644 1333 2749 I
1388 2651 1449 2755 S
1512 2640 1853 2750 PER
1916 2629 1965 2734 I
2036 2632 2117 2732 E

963 2867 3213 3093 ANGUIRAIS-JE toujours en des crain¬
1158 3075 2046 3214 tes mortelles
966 3183 3209 3406 Du Prince Lucejus on n'a point de
1171 3392 1823 3526 nouvelles,
973 3488 3209 3701 Aurilcar m'a parlé ſans m'avoir rien
1172 3689 1550 3846 appris
258 3831 501 3975 Q_ni
558 3821 885 3973 puiffe
946 3836 1464 3952 redonner
1510 3833 1604 3945 le
1654 3827 1997 3943 calme
2050 3821 2109 3934 à
2166 3856 2393 3936 mes
2446 3810 2821 3963 elprlrs
2871 3884 2904 3934 >

261 3980 359 4082 Il
412 3974 1025 4128 m’apprend
1063 3981 1782 4139 qu’Annibal,
1824 4016 1941 4088 ce
2002 3985 2355 4090 Héros
2386 4001 2595 4115 que
2629 3971 2662 4108 j
2714 3954 3126 4063 honore
3175 4016 3209 4073 ,

259 4125 721 4237 Viendra
775 4175 805 4248 ;
897 4146 1165 4249 mais
1230 4144 1691 4282 Lucejus
1759 4166 1883 4237 ne
1947 4121 2309 4277 paroit
2347 4122 2653 4268 point
2729 4131 3187 4214 encore»

264 4279 821 4392 Devoit-il
875 4325 1060 4437 pas
1095 4291 1358 4397 aller
1405 4324 1542 4393 au
1589 4284 1980 4392 devant
2052 4274 2176 4382 de
2232 4266 2380 4377 Tes
2431 4290 2692 4417 pas?

262 4430 410 4533 Le
457 4426 880 4567 joindre
925 4440 1189 4547 dans
1229 4435 1403 4546 fon
1458 4448 1797 4577 Camp
1854 4465 1882 4578 ,
1972 4464 2031 4577 y
2089 4461 2444 4533 mener
2520 4410 2668 4520 fes
2740 4403 3127 4513 foldats
3178 4410 3213 4497 ?

268 4577 525 4712 Que
567 4573 920 4697 fait-il
951 4611 981 4691 ?
1104 4630 1229 4698 en
1270 4585 1573 4737 quels
1615 4588 1891 4692 lieux
1933 4615 2191 4687 avec
2251 4554 2934 4680 indifférence
2980 4624 3017 4675 »

268 4733 680 4870 Depuis
711 4728 996 4845 deux
1042 4745 1314 4846 mois
1356 4740 1742 4846 entiers
1778 4721 2401 4840 (ouflre-t-il
2442 4752 2690 4826 mon
2730 4704 2859 4815 ah
2873 4703 3038 4811 (en
3054 4733 3211 4806 ce.

268 4874 367 4980 Il
423 4873 700 4986 n’ofe
777 4887 994 4995 rien
1067 4924 1482 5016 tenter,
1614 4882 1687 4992 il
1759 4883 1932 4992 n’a
1979 4882 2196 4985 rien
2243 4864 2759 5010 entrepris
2801 4933 2832 4981 ,

277 5032 531 5136 Sans
567 5027 895 5140 doute
930 5079 1137 5189 que
1175 5082 1433 5152 mon
1469 5072 1761 5147 cœur
1803 5033 1948 5139 eft
1997 5028 2241 5135 d’un
2277 5061 2525 5169 trop
2561 5008 2890 5124 foîble
2925 5027 3218 5151 prix;

283 5177 409 5284 Et
468 5216 589 5285 ne
627 5181 1155 5299 devoit-il
1219 5226 1398 5334 pas
1440 5230 1572 5298 au
1629 5182 1887 5330 péril
1927 5181 2050 5289 de
2107 5176 2212 5284 fa
2268 5171 2523 5280 tefte
2572 5247 2604 5296 ,

278 5332 616 5440 Ravir
692 5336 751 5448 à
842 5341 1278 5486 Scipion
1349 5377 1548 5450 une
1600 5331 1846 5445 telle
1918 5327 2550 5479 conquefte;

278 5471 376 5574 Il
407 5481 577 5593 n’a
617 5492 835 5594 rien
881 5485 1079 5598 fait
1135 5526 1457 5599 encor
1498 5522 1767 5632 pour
1829 5521 1991 5588 me
2036 5512 2490 5624 prouver
2545 5467 2648 5578 fa
2688 5457 2874 5608 foy
2915 5542 2953 5593 ,

272 5630 401 5779 Je
438 5686 566 5758 ne
608 5647 979 5756 mérité
1039 5681 1224 5793 pas
1265 5641 1534 5791 qu’il
1608 5632 2089 5788 s'expose
2153 5660 2424 5778 pour
2456 5655 2753 5769 moy.

2446 5787 2531 5888 B
2630 5782 2703 5922 ij
