4080 6707
1191 471 1352 610 28
1547 460 2400 619 SCIPION
2519 468 3827 675 L’AFRICAIN,

1187 661 1471 772 D’où
1521 668 1790 771 vient
1826 707 2027 810 que
2069 707 2419 778 contre
2471 679 2639 819 luy
2700 688 2797 820 je
2839 716 2997 782 me
3063 721 3431 792 trouve
3473 697 3815 802 animé
3851 716 3883 797 ?

1189 818 1534 918 Dieux
1591 834 1616 921 1
1695 848 1876 950 par
1957 814 2352 957 quelles
2403 822 2788 927 raifons
2843 846 2880 927 ?
2959 834 3398 969 Lucejus
3455 837 3592 936 eft
3663 842 3984 951 aimé?

1183 963 1368 1057 Les
1419 964 1690 1071 voila
1745 994 1902 1061 ces
1987 958 2372 1068 raifons
2413 988 2440 1067 ?
2495 979 2594 1068 &
2635 1007 2880 1073 mon
2955 1009 3184 1076 ame
3253 973 3561 1086 faifie.
3619 1061 3639 1081 .
3679 1041 3742 1091 *

1182 1100 1349 1208 Ah
1387 1117 1413 1201 1
1488 1113 1596 1242 je
1637 1139 1732 1207 te
1779 1109 2322 1212 reconnois
2360 1108 2796 1222 affieufe
2854 1118 3278 1255 jaloufie
3332 1201 3363 1248 ,

1177 1255 1354 1349 Tu
1391 1255 1664 1353 viens
1704 1284 2052 1387 porter
2085 1255 2180 1354 la
2223 1253 2521 1363 haine
2559 1274 2648 1363 &
2685 1264 2774 1363 le
2809 1265 3218 1364 trouble
3255 1307 3369 1372 en
3425 1308 3659 1377 mon
3697 1321 3985 1412 cœur,

1177 1399 1296 1497 Et
1337 1431 1452 1499 tu
1487 1433 1650 1494 me
1693 1390 1882 1496 fais
1933 1394 2090 1498 feu
2107 1400 2236 1499 tir
2277 1438 2478 1540 que
2525 1410 2972 1509 l’amour
3005 1409 3142 1508 eft
3179 1415 3819 1555 vainqueur,

1174 1545 1466 1644 Dans
1506 1540 1749 1676 quel
1802 1575 2136 1683 temps
2204 1559 2236 1643 ?
2320 1548 2566 1653 dans
2616 1555 2710 1657 le
2774 1587 3108 1693 temps
3192 1565 3824 1701 qu’Annibal
3878 1611 3980 1677 va

1318 1684 1789 1823 paroître
1842 1762 1873 1808 ,

1173 1835 1296 1935 Et
1330 1867 1530 1971 que
1561 1824 1684 1930 de
1721 1864 1932 1936 mes
1971 1835 2542 1982 tranfports
2580 1846 2686 1983 je
2729 1840 2952 1949 dois
3023 1849 3274 1953 eftre
3323 1851 3413 1953 le
3495 1855 3863 1963 maître

1160 1976 1278 2117 Je
1322 1972 1660 2109 poulie
1707 1976 1876 2078 des
1923 1978 2318 2122 foùpirs
2364 2064 2397 2108 ,
2442 1991 2546 2123 je
2579 1986 3040 2135 m’égare
3100 2070 3131 2112 ,
3173 1995 3312 2099 ah
3357 1996 3492 2099 du
3557 2009 3882 2109 moins

1166 2127 1329 2226 De
1366 2155 1577 2221 mes
1618 2121 2215 2258 égarcmens
2254 2139 2351 2268 je
2416 2135 2647 2271 n’ay
2698 2136 2985 2272 point
3022 2135 3141 2239 de
3182 2139 3627 2249 témoins
3682 2193 3713 2262 ;

1163 2267 1451 2370 Mais
1513 2261 1915 2408 dois-je
1967 2266 2573 2378 fuccomber
2637 2311 2763 2381 au
2814 2315 3069 2419 pane
3091 2281 3341 2389 haut
3410 2294 3592 2433 qui
3666 2296 3975 2403 m’en¬

1295 2442 1452 2509 tra
1467 2407 1630 2510 îne
1691 2490 1713 2530 ,

1158 2549 1687 2657 Punilfons
1754 2551 2289 2695 Ifperieen
2354 2600 2743 2708 voyant
2794 2576 3231 2683 Erixene
3276 2659 3306 2709 ,

1149 2698 1743 2839 Méprifons
1803 2697 2455 2831 fesattraits,
2510 2726 2602 2815 &
2654 2726 3161 2854 peut-être
3226 2765 3345 2835 en
3396 2766 3505 2835 ce
3562 2736 3805 2874 jour

1160 2846 1844 2980 QtfErixene
1885 2843 2246 2990 fçaura
2283 2856 2735 2961 détruire
2787 2901 2943 2966 cet
2991 2904 3353 2976 amour
3401 2916 3427 2980 :

1146 2988 1257 3125 je
1308 3026 1577 3092 veux
1638 2991 1993 3096 rendre
2030 3035 2163 3100 un
2218 2997 2777 3148 hommage
2834 3012 3283 3121 éclatant
3356 3018 3414 3124 à
3454 3017 3597 3125 fes
3672 3023 3966 3131 char¬

1290 3171 1503 3238 mes
1546 3212 1577 3256 ,

1151 3277 1907 3383 Abandonnons
1949 3278 2119 3387 des
2174 3327 2439 3429 yeux
2491 3304 2977 3434 toujours
3013 3340 3335 3445 noyez
3386 3306 3505 3411 de
3546 3312 3967 3440 larmes,

1152 3432 1442 3532 Tout
1498 3426 1588 3527 le
1648 3463 1962 3552 veut,
2010 3429 2106 3532 la
2150 3432 2484 3538 raison
2524 3516 2554 3562 ,
2620 3439 2716 3542 la
2745 3448 3134 3586 gloire,
3194 3449 3622 3594 l’équité
3665 3535 3692 3582 ,

1144 3574 1233 3677 11
1274 3564 1495 3677 faut
1566 3608 1751 3715 par
1798 3573 2197 3681 d'autre
2248 3574 2455 3687 fers
2510 3622 2671 3688 me
2728 3626 3093 3698 mettre
3134 3632 3253 3702 eu
3290 3599 3730 3730 liberté^-

1954 4012 2145 4117 H
2190 4015 2323 4122 du
2365 4023 2725 4168 fécond
2778 4033 3050 4137 Acte*
