4080 7033
809 435 2558 625 TRAGEDIE.

3085 472 3186 632 7

801 1253 1977 1470 SCENE
2141 1247 2589 1444 III.

235 1709 1215 1873 5CIPION,
1271 1688 2119 1865 LEPIDE,
2182 1676 3183 1828 AURILCAR.

1176 2044 1460 2161 SCI
1520 2042 1824 2151 pio
1884 2037 2044 2150 N.

253 2360 447 2621 E
465 2351 714 2468 St-il
761 2350 1038 2462 donc
1090 2384 1350 2496 vray
1402 2420 1434 2480 ,
1529 2351 2046 2502 Seigneur
2090 2421 2130 2477 ,
2186 2380 2306 2456 ce
2358 2339 2694 2496 qu’on
2737 2325 3026 2442 vient
3069 2312 3206 2428 di

573 2496 1408 2649 m'apprendre,

250 2667 504 2800 Que
552 2652 650 2761 le
684 2652 1024 2806 grand
1098 2648 1560 2764 Annibal
1620 2642 2090 2756 cherche
2140 2643 2196 2756 à
2262 2632 2990 2750 m’entretenir
3040 2647 3082 2740 î

1148 2799 2197 2917 AURILCAR-

243 2955 752 3109 Seigneur
795 3041 828 3083 ,
871 2951 1039 3063 fur
1099 2992 1217 3062 ce
1269 2955 1545 3099 sujet
1613 2960 1717 3098 je
1767 2955 2055 3058 viens
2115 2980 2387 3094 vous
2423 2930 2915 3094 prévenir
2969 3012 3006 3068 ,

244 3112 690 3254 Occupé
750 3143 988 3220 tout
1048 3111 1378 3220 entier
1442 3102 1580 3215 du
1630 3102 1854 3215 foin
1898 3098 2026 3210 de
2074 3108 2176 3214 fa
2252 3098 2592 3245 patrie
2640 3173 2672 3219 ,

244 3258 737 3392 Annibal,
787 3299 975 3408 par
1013 3300 1191 3367 ma
1230 3254 1647 3371 bouche
1685 3253 2429 3401 aujourd'hui
2474 3229 3193 3386 vousenpricj

249 3405 479 3518 Une
537 3416 781 3522 telle
815 3447 1394 3523 cncrcveue
1457 3410 1721 3519 utile
1771 3451 1823 3513 a
1887 3400 2071 3517 fou
2131 3443 2440 3554 pars,

244 3568 372 3674 Et
422 3602 762 3671 meme
836 3558 1412 3674 neceflaire
1472 3558 1530 3660 à
1594 3591 1832 3666 tous
1912 3562 2056 3665 les
2120 3561 2400 3670 deux
2474 3553 2890 3700 partis,

248 3714 695 3822 Pouroit
751 3755 873 3822 en
923 3754 1039 3821 ce
1089 3713 1429 3866 grand
1484 3720 1731 3846 jour
1772 3708 2273 3826 décidant
2342 3710 2465 3817 de
2514 3708 2607 3812 la
2654 3729 3047 3851 guerre
3091 3769 3127 3831 3

249 3865 695 3973 Donner
759 3907 892 3977 un
941 3866 1222 4019 plein
1301 3902 1605 4013 repos
1649 3901 1782 3973 au
1841 3860 2095 3969 relie
2161 3861 2283 3971 de
2327 3861 2429 3967 la
2495 3890 2809 3964 terre.

1240 4031 1302 4130 S
1372 4022 1550 4129 CI
1620 4022 2128 4132 PION

248 4158 705 4276 Annibal
755 4209 919 4278 me
962 4165 1473 4316 surprend
1529 4206 1711 4316 par
1771 4205 1889 4277 ce
1939 4204 2425 4273 nouveau
2482 4158 2607 4268 de
2626 4149 2939 4282 (sein,

239 4310 365 4458 Je
407 4357 519 4423 ne
603 4320 691 4428 le
739 4324 1166 4469 croyois
1225 4325 1463 4428 voir
1533 4361 1741 4468 que
1801 4321 1889 4423 le
1949 4306 2105 4422 fer
2159 4361 2212 4427 a
2257 4315 2347 4423 la
2407 4315 2697 4422 main
2751 4387 2784 4449 ,

250 4472 376 4570 Et
422 4463 644 4575 feur
680 4472 802 4580 de
846 4477 944 4579 fa
988 4478 1352 4580 valeur
1392 4486 1490 4579 &
1580 4472 1712 4580 de
1756 4473 1854 4579 fa
1896 4468 2516 4579 renommée
2564 4544 2592 4590 ,

238 4614 363 4762 Je
426 4619 1035 4737 Tatccndois
1093 4635 1595 4761 toujours
1649 4619 2035 4732 entête
2098 4623 2405 4732 d’une
2458 4609 2891 4736 Armée.

1139 4775 2194 4896 AURILCAR

244 4913 468 5035 Elle
528 4923 1090 5070 approche
1124 4928 1246 5034 de
1296 4966 1640 5060 vous,
1686 4941 1782 5036 &
1836 4921 2288 5035 marche
2332 4918 2496 5035 fur
2544 4918 2692 5030 fes
2742 4942 2920 5065 pars
2960 4948 2996 5030 j

244 5084 595 5183 Avant
648 5114 853 5222 que
902 5079 1031 5187 de
1079 5119 1423 5192 tenter
1482 5078 1571 5186 le
1624 5079 1955 5188 deftin
2012 5078 2193 5188 des
2233 5074 2727 5187 combats
2783 5145 2819 5197 ,

249 5219 341 5328 Il
391 5261 447 5327 a
503 5265 695 5333 cru
739 5271 1013 5378 pour
1047 5230 1141 5342 le
1189 5229 1434 5343 bien
1473 5230 1602 5343 de
1645 5225 2066 5371 chaque
2125 5226 2813 5375 République
2863 5302 2906 5352 ,

250 5377 484 5520 Qtf
502 5377 570 5491 il
628 5378 994 5494 devoir
1058 5422 1322 5494 avec
1372 5418 1640 5495 vous
1690 5423 1818 5490 en
1858 5400 2086 5534 Uge
2140 5382 2666 5530 politique
2716 5453 2752 5505 ,

250 5528 827 5642 Examiner
886 5533 943 5643 à
1028 5528 1347 5646 fonds
1426 5535 1585 5647 les
1664 5533 2019 5645 divers
2064 5528 2547 5646 interefts

249 5681 493 5834 Qui
557 5685 1090 5807 troublent
1133 5725 1328 5808 nos
1381 5695 1682 5803 Etats
1729 5725 1924 5839 par
1959 5686 2138 5802 des
2191 5677 2572 5797 reflors
2639 5681 3112 5828 fecreti,
