4080 6741
1665 358 3065 529 PREFACE.

955 560 1216 739 ait
1223 573 1460 743 ion
1490 575 2407 822 principale,
2466 593 2964 827 quiefi
3018 591 3187 769 de
3242 608 3867 780 vaincre

899 822 1729 1080 fjpafon
1776 867 1812 1032 ,
1944 797 2154 1027 ft)
2244 835 2421 1013 de
2476 853 2985 1022 rendre
3059 848 3289 1101 fa
3368 879 3856 1041 Maî¬

957 1154 1174 1261 tre
1161 1089 1374 1330 fie
1477 1088 1591 1265 à
1637 1105 1942 1339 fort
2041 1105 2574 1283 Rival,
2753 1119 3426 1349 Arifiote
3505 1197 3858 1304 nous

947 1347 1524 1600 aprend
1614 1359 2040 1606 qu’on
2118 1418 2492 1611 peut
2571 1396 3148 1600 ajouter
3218 1388 3843 1634 quelque

944 1605 1357 1854 cbofe
1408 1607 1585 1781 de
1636 1678 2105 1858 <%>ray
2136 1734 2169 1747 -
2163 1610 3005 1864 femhiable
3040 1704 3237 1806 au
3300 1710 3840 1895 njray»

949 1918 1183 2073 &
1229 1870 1355 2038 il
1373 1868 1567 2108 ejl
1601 1869 2870 2127 vrayfcmbiable
2916 1960 3194 2147 que
3233 1906 3866 2157 Scipion,

935 2126 1033 2299 à
1083 2117 1456 2383 l'dge
1503 2132 1676 2306 de
1731 2155 2764 2392 vingt-quatre
2883 2218 3243 2354 ans,
3339 2223 3832 2393 ayant

899 2408 1229 2643 pris
1280 2402 1425 2563 la
1483 2393 1829 2649 plus
1900 2388 2253 2576 belle
2287 2464 2545 2653 pet
2523 2390 2997 2648 forme
3040 2416 3217 2585 de
3264 2415 3821 2598 l’Uni-

926 2717 1338 2826 <~uei$
1385 2723 1430 2852 j
1538 2673 1759 2827 ait
1837 2651 2127 2889 éfié
2153 2651 2758 2898 fenfible
2821 2745 2914 2842 a
2929 2663 3122 2920 fa
3209 2665 3771 2858 beauté
3745 2823 3818 2899 y

931 2883 1149 3104 ft)
1198 2916 1816 3170 qu'ilait
1879 2915 2328 3090 rendu
2366 2920 3040 3178 quelques
3067 2931 3812 3119 combats?

920 3227 1405 3343 avant
1499 3241 1781 3425 que
1840 3167 2021 3349 de
2108 3186 2257 3352 la
2356 3183 2873 3361 rendre
2964 3187 3066 3368 à
3164 3197 3813 3434 Lucejus

886 3442 1443 3608 ■Prince
1554 3429 1811 3606 des
1902 3432 2879 3663 Qeltiberiens
2945 3591 3022 3663 y
3085 3444 3187 3625 à
3241 3476 3499 3707 qui
3545 3454 3810 3635 elle

915 3679 1980 3941 eftoitpromife
2023 3706 2059 3871 .
2155 3699 2988 3879 D'ailleurs
3030 3708 3185 3941 fi
3227 3730 3832 3969 Scipiont

908 3965 1333 4122 avoit
1420 3966 1865 4126 remis
1868 3940 2073 4201 fa
2156 3957 3105 4210 captivefins
3156 3961 3697 4183 lavoir
3728 4107 3817 4184 y

881 4194 1123 4443 fon
1178 4203 2639 4466 alhonn'auroitpas
2686 4216 2903 4394 été
2913 4222 3067 4456 fi
3090 4212 3435 4404 belle
3441 4299 3795 4489 ,que

887 4462 1268 4643 delà
1359 4461 1880 4643 rendre
1907 4467 2336 4726 après
2375 4481 2473 4646 1
2479 4497 2920 4659 avoir
2955 4510 3345 4663 Veuë
3367 4627 3419 4692 }
3555 4541 3788 4703 &

885 4721 1322 4976 après
1368 4792 1546 4899 en
1597 4748 2029 4905 avoir
2060 4734 2337 4960 efle
2392 4754 3154 4920 vivement
3200 4742 3825 4930 touchêî,

882 5051 1139 5163 car
1170 5054 1711 5161 comme
1754 4995 1983 5169 dit
2014 4993 2147 5170 le
2189 4991 2716 5252 grand
2766 5003 3495 5188 Corneille
3585 5149 3634 5218 ,

1082 5343 1231 5442 Ce
1276 5309 1525 5447 n'èrt
1572 5347 1873 5490 qifVn
1918 5372 2087 5452 cés
2124 5338 2505 5457 afTauts
2541 5348 3059 5496 qu’éclate
3122 5358 3219 5463 la
3266 5383 3642 5485 vertu,

1076 5485 1205 5592 Et
1232 5484 1453 5597 l’on
1500 5489 1823 5608 doute
1850 5495 2095 5616 d-ïua
2136 5532 2425 5608 cœur
2458 5500 2641 5648 qui
2668 5499 2845 5609 ,à
2882 5503 3765 5648 point-combatif
