4080 6810
1080 536 1262 637 20
1404 481 2290 654 SCIFION
2416 500 3712 720 L’AFRICAIN,

2061 710 2107 811 I
2169 716 2235 821 S
2297 718 2367 815 P
2445 720 2519 817 E
2573 726 2671 824 R
2725 720 2771 817 I
2841 726 2954 827 E.

1368 838 1669 971 Non,
1712 854 2245 997 Seigneur,
2285 856 2991 1006 gardez-vous
3038 866 3875 1024 d’entreprendre
3925 962 3952 1023 ,

1074 985 1190 1094 Si
1233 990 1329 1118 je
1372 987 1575 1131 l*ay
1628 992 2117 1110 fouhaicé
2167 1087 2194 1135 ,
2235 1018 2333 1146 je
2384 1004 2611 1116 dois
2654 1051 2915 1118 vous
2968 1013 3059 1125 le
3126 1016 3619 1134 défendre
3655 1072 3687 1143 ;

1062 1132 1359 1241 L’oin
1406 1133 1531 1240 de
1574 1179 1839 1250 vous
1891 1150 2442 1281 j’accufois
2495 1157 2802 1265 vôtre
2843 1198 3082 1311 trop
3133 1172 3254 1274 de
3289 1168 3740 1302 lenteur,

1051 1277 1464 1422 3’allots
1523 1283 1937 1436 jufqu’à
2009 1294 2388 1407 douter
2451 1305 2786 1417 même
2829 1311 2954 1413 de
2995 1315 3310 1426 vôtre
3379 1360 3670 1428 coeur
3721 1363 3752 1430 :

1059 1427 1998 1590 PardonneZ-moy
2050 1525 2081 1571 ,
2144 1449 2504 1593 j’étois
2567 1453 2938 1597 înjufte
3022 1540 3055 1585 >
3155 1466 3811 1601 criminelle,

1053 1581 1222 1683 De
1255 1574 1920 1728 foupçonner
1956 1628 2072 1695 ce
2138 1631 2430 1703 cœur
2506 1634 3035 1743 genereux
3086 1623 3182 1715 &
3228 1609 3569 1721 fidelle
3620 1658 3643 1722 :

1042 1725 1325 1828 Mais
1356 1728 1633 1834 enfin
1680 1809 1717 1858 ,
1747 1770 2057 1883 grâce
2092 1778 2227 1850 au
2264 1745 2560 1875 Ciel,
2618 1758 2646 1886 j
2672 1787 2719 1854 e
2750 1788 3019 1860 vous
3064 1761 3289 1866 vois
3324 1757 3449 1863 de
3508 1800 3930 1897 retour,

1036 1871 1171 1976 Et
1247 1878 1353 2013 je
1424 1911 1921 1993 retrouve
1964 1928 2089 2000 en
2132 1930 2393 2002 vous
2446 1931 2581 2003 un
2626 1904 2973 2012 Héros
3039 1908 3327 2052 plein
3374 1906 3857 2023 d’amour
3897 1994 3930 2045 ,

1034 2017 1313 2130 C'est
1380 2018 1694 2135 allez.

2029 2189 2403 2301 LUE
2463 2198 2545 2299 E
2605 2184 2657 2329 J
2703 2189 2819 2301 U
2881 2210 2979 2311 S.

1489 2332 1742 2438 Non
1784 2413 1819 2463 ,
1857 2337 2360 2446 Madame
2418 2419 2449 2463 ,
2535 2341 2606 2446 il
2647 2332 2882 2452 faut
2923 2344 3270 2460 tantôt
3302 2395 3470 2467 me
3508 2358 3917 2500 fuivre,

1022 2481 1209 2587 Ou
1256 2470 1637 2590 choifir
1678 2481 1803 2590 de
1856 2522 2021 2589 me
2092 2494 2325 2596 voir
2366 2486 2609 2597 dans
2652 2529 2849 2634 peu
2916 2497 3227 2608 cefler
3270 2504 3395 2613 de
3466 2515 3757 2622 vivre
3792 2597 3832 2647 ,

1016 2620 1495 2770 DîiÜpez
1526 2665 1715 2742 vos
1752 2629 2245 2781 chagrins
2298 2715 2322 2763 ,
2380 2648 2475 2740 &
2542 2636 2909 2786 n’ayez
2953 2650 3253 2788 point
3308 2651 3757 2808 d’effroy
3809 2739 3844 2793 ,

1018 2775 1331 2878 Cette
1384 2776 1951 2924 entreprise
2002 2785 2141 2889 eft
2202 2779 2509 2930 digne
2562 2797 2651 2893 &
2698 2789 2829 2894 de
2870 2831 3123 2902 vous
3170 2811 3265 2902 &
3312 2803 3437 2908 de
3473 2845 3760 2956 moy.

1003 2917 1187 3027 Hé
1229 2960 1520 3071 quoy
1557 2921 1834 3039 donc
1881 2935 2300 3080 Scipion
2343 2972 2606 3044 vous
2657 2971 2906 3086 peut
2943 2950 3176 3053 voir
3213 2945 3271 3054 à
3321 2981 3616 3063 toute
3659 2959 3908 3074 heu¬

1223 3110 1401 3197 re,

1001 3221 1302 3324 Vous
1345 3224 1436 3328 le
1467 3216 1922 3333 souffrez
1959 3224 2300 3340 hclasi
2344 3230 2702 3377 quand
2749 3236 2814 3341 il
2857 3232 3090 3349 faut
3122 3284 3319 3393 que
3352 3256 3457 3396 je
3494 3292 3895 3390 meure,

1006 3360 1106 3463 Il
1152 3371 1429 3505 jouit
1476 3368 1649 3479 des
1702 3414 2181 3487 momens
2228 3384 2416 3527 qui
2472 3387 3055 3495 m’eftoient
3116 3396 3565 3509 destinez
3616 3484 3652 3538 ,

994 3503 1119 3641 je
1200 3514 1410 3625 rr.:î
1454 3560 1541 3625 ie
1584 3522 1807 3632 loin
1842 3522 1963 3630 de
2000 3564 2257 3636 vous
2300 3523 2473 3634 des
2509 3538 2807 3677 jours
2864 3528 3465 3659 infortunez
3511 3630 3538 3681 ,

998 3665 1285 3770 Vous
1322 3666 1407 3771 le
1448 3708 1781 3813 voyez
1818 3670 1997 3781 fou
2014 3712 2314 3803 vent,
2361 3677 3336 3841 pardonnez-moy,
3358 3699 3896 3836 Madame,

995 3802 1400 3919 L’cclat
1467 3816 1588 3925 de
1635 3811 1736 3922 fa
1777 3819 2300 3970 grandeur
2337 3829 2766 3967 pouroit
2833 3834 3280 3945 toucher
3337 3884 3532 3951 une
3589 3891 3885 3988 amc,

995 3953 1091 4058 Il
1137 3995 1194 4060 a
1245 3991 1478 4110 trop
1525 3963 1650 4072 de
1697 4005 2058 4076 vertus
2105 4050 2135 4097 ,
2177 3987 2274 4079 &
2325 4008 2568 4079 mon
2639 3982 3172 4128 transport
3208 3987 3687 4140 jaloux..
3749 4082 3775 4110 .

1985 4122 2831 4231 ISPERIE.

982 4248 1084 4354 Il
1130 4289 1187 4354 a
1224 4284 1457 4366 tout
1512 4263 1603 4371 le
1650 4259 2046 4411 refpeâ
2092 4305 2291 4415 que
2334 4265 3003 4408 j’attendrois
3056 4283 3179 4395 de
3222 4326 3489 4407 vous
3546 4377 3576 4427 ,

992 4411 1131 4506 Sa
1168 4397 1490 4518 bonté
1532 4489 1558 4538 >
1604 4410 1709 4520 fa
1752 4416 2279 4524 clémence
2324 4494 2352 4540 ,
2406 4417 2889 4535 enlevent
2932 4471 3179 4543 mon
3244 4443 3674 4575 estime,

985 4551 1111 4687 Je
1176 4589 1297 4655 ne
1358 4560 1635 4667 m’en
1702 4554 2067 4672 défens
2113 4563 2411 4707 point
2461 4570 3078 4715 puisqu'elle
3159 4590 3301 4691 est
3343 4592 3806 4742 légitimé
3857 4610 3889 4704 î

989 4699 1270 4803 Mais
1343 4704 1618 4815 enfin
1675 4712 2102 4857 Scipion
2147 4714 2395 4821 n'est
2447 4716 2740 4857 point
2805 4724 3108 4836 vôtre
3159 4738 3427 4843 rival
3479 4822 3513 4868 ,

983 4842 1075 4947 Il
1121 4848 1494 4961 n’aime
1546 4895 1756 4994 que
1799 4857 1894 4968 la
1930 4861 2276 5001 gloire
2339 4940 2369 4986 ,
2447 4878 2542 4969 &
2593 4905 2718 4971 ne
2755 4866 2980 4983 hait
3020 4885 3685 5018 qu'Annibal,

1978 5006 2330 5120 LUC
2391 5011 2570 5156 EJ
2637 5013 2875 5128 US.

972 5146 1277 5289 Moy,
1300 5154 1395 5288 je
1432 5146 1641 5299 hay
1678 5196 1789 5262 ce
1834 5162 2293 5270 Romain
2330 5156 2583 5267 dont
2620 5202 2877 5276 vous
2909 5211 3281 5322 portez
3322 5181 3419 5291 la
3460 5181 3868 5318 chaîne,

974 5290 1109 5395 Et
1169 5330 1437 5434 pour
1470 5302 1643 5447 luy
1688 5344 1935 5412 mon
1986 5307 2343 5413 estime
2390 5306 2530 5411 est
2604 5312 2901 5462 égale
2934 5323 2985 5430 à
3022 5365 3193 5435 ma
3238 5326 3545 5439 haine
3591 5390 3612 5458 ;

968 5444 2253 5609 Mais,Madame,fongez
2283 5453 2541 5600 qu’il
2574 5454 2769 5569 fait
2809 5499 3046 5581 tous
3083 5514 3268 5585 nos
3299 5480 3872 5614 malheur*»

977 5593 1264 5708 Vous
1297 5592 1618 5712 devez
1649 5603 1744 5710 le
1777 5609 2098 5740 haïr,
2131 5603 2207 5716 il
2239 5638 2500 5717 vous
2547 5607 2854 5728 coûte
2901 5619 3076 5735 des
3108 5625 3527 5779 pleurs,
