3796 5856
1092 169 3218 373 TRAGEDIE. 19

266 350 2961 577 Mille Rois glorieux ſont ſes dignes anceſtres,

251 524 3088 765 Et l'on peut la nommer la fille de nos Maiſtres.

1210 901 2193 1049 SALOME.

242 1262 3010 1490 Elle en vZe donc bien, car on fait au Palais,

239 1446 2775 1666 Qu'elle parle de nous comme de ſes valets.

236 1626 3046 1851 Et c'eſt dequoy pourtant nous ne ferions que rire,

237 1806 3020 2028 N'eſtoit mille diſcours que l'on nous vient redire,

220 1985 2547 2193 Par ou ſon cœur ingrat, auec eſmotion,

233 2164 2696 2375 Teſmoigne contre vous ſa noire intention,

1250 2532 2264 2684 HERODE,

222 2889 2998 3112 Nous ne pouuons iamais, auecque bien-ſeance,

221 3067 3061 3289 Aux rapports des valets, donner tant de creance:

218 3243 2600 3462 Ainſi que l'intereſt les a rendus flateurs,

215 3421 2604 3632 Noſtre facilité les peut rendre menteurs;

216 3575 2669 3825 Et meſme le menſonge eſt aſſez ordinaire,

213 3781 2856 4002 A ces petites gens dont l'ame eſt mercenaire.

1120 4146 2222 4312 SALOME.

205 4493 3158 4743 Les miens n'ont pas le cœur, ny l'eſprit d'inuenter,

215 4676 3033 4889 Tout ce que de la Reine ils me viennent conter.

1063 4933 2179 5097 HERODE.

206 5208 2857 5458 Appren nous quelque traict de ceſte violence?

2463 5460 2739 5602 C ij
