3796 5876
605 250 2910 433 6 LA MARIANE,

604 433 3562 651 Le ſang qui tient de l'air, & reſpond au Printemps,

590 616 3454 823 Rend les moins fortuneZ en leurs ſonges contens:

588 798 3116 1007 Sa douce exhalaiſon ne forme que des roſes,

592 976 3122 1185 Des obiects eſgayeZ & d'agreables choſes:

592 1162 2837 1365 Et la melancholie à la noire vapeur,

588 1336 3267 1545 Ou ſe logent touſiours la triſteſſe & la peur,

575 1512 3273 1725 Ne pouuant figurer que des images ſombres,

575 1685 3569 1899 Nous fait voir des tombeaux, des ſpectres & des

879 1896 1330 2029 ombres.

581 2055 3212 2263 C'eſt ainſi que chacun apperçoit en dormant

579 2239 2942 2443 Les indices ſecrets de ſon temperament.

1658 2588 2683 2732 HERODE.

582 2937 3433 3155 Ainſi l'on ſongeroit touſiours les meſmes choſes?

1501 3303 2633 3448 PHEROPE.

583 3647 3559 3869 Les ſonges quelquefois viennent par d'autres cau¬

854 3863 1112 4038 ſes;

585 4010 3464 4225 De meſme que les vns expriment nos humeurs,

574 4193 3428 4399 Les autres bien ſouuent repreſentent nos mœurs.

588 4368 3314 4579 L'ame d'vn homme noble, encore qu'il repoſe,

578 4545 3410 4755 Meſpriſe la Fortune, & l'Honneur ſe propoſe:

590 4732 3076 4939 Et celle du volleur, preuenant ſon deſtin,

584 4906 3291 5117 Rencontre des Preuoſts, ou fait quelque butin.

587 5089 3195 5297 De meſme l'vſurier en ſommeillant repaſſe,

595 5247 3549 5477 Et les yeux & les mains ſur l'argent qu'il amaſſe:
