3796 5876
1185 246 2881 433 LA MARIANE,

1653 606 2678 761 HERODE.

576 966 3557 1178 Tu m'as bien entendu quand i'ay parlé tout haut;

577 1149 3151 1354 Ie me ſuis éueillé tout à l'heure en ſurſaut,

577 1336 2813 1536 Apres la viſion la plus melancolique

583 1516 3110 1718 Qui puiſſe deuancer vn accident tragique.

1561 1795 2722 1937 PHERORE.

605 2045 3433 2250 Les ſonges les plus noirs que l'on puiſſe inuenter,

609 2226 3130 2430 Seroient-ils ſuffiſans de vous eſpouuenter:

622 2387 3470 2612 Vous qui ſçaueZ brauer les forces indomptables,

628 2584 3266 2792 Et qui craigneZ ſi peu les perils veritables?

638 2763 3207 2968 Ce ſont des viſions qui n'ont iamais d’effet.

1647 3144 2672 3281 HERODE.

650 3486 3278 3699 Mon eſprit eſt troublé du ſonge que i'ay fait,

666 3672 3377 3879 Il m'en reuient ſans ceſſe vne idée importune,

657 3848 3517 4055 Qui ne doit m'auertir que de quelque infortune:

661 4028 3300 4235 C’eſt vn auant-coureur de quelque aduerſité.

1529 4319 2724 4458 PHERORE.

666 4576 2919 4779 On ne doit pas en faire vne neceßité;

661 4761 2971 4959 Ces apparitions ſont comme les images

661 4933 3482 5135 Qu’vn meſlange confus forme dans les nuages;

664 5100 3584 5307 C'eſt vn ſombre tableau d’hommes & d'animaux

672 5271 3435 5503 Qui ne fait arriuer ny des biens ny des maux.
