3796 5868
946 167 3176 382 TRAGEDIE. 27

175 351 2929 558 Que dans la Paleſtine on eſleuoit vn homme

182 529 3162 749 Qui valoit bien les Dieux qu'on adoroit à Rome.

186 713 2808 935 Le peuple que ſa veuë au Temple rauiſſoit,

186 889 2652 1107 Admirant ſes apas tout haut le beniſſoit;

190 1073 2694 1288 Et ce Tyran cruel en conceut tant d'enuie

182 1249 2952 1471 Qu'il fit ſoudain trancher le beau fil de ſa vie;

192 1429 2484 1593 Ce clair Soleil leuant adoré de la Cour

183 1609 3171 1825 Se plongea dans les eaux comme l'Aſtre du iour,

193 1789 2775 2003 Et n'en reſſortit pas en ſa beauté premiere,

191 1953 2861 2198 Car il en fut tiré ſans force & ſans lumiere.

353 2153 2779 2361 Et puis qu'apres cela ie flatte l’inhumain

181 2327 3063 2546 Qui ne vient que d'oſter la vie à mon germain?

174 2503 3062 2718 Pluſtoſt le feu me bruſle, ou l'onde ſon contraire

188 2683 2772 2903 Rende mon ſort pareil à celuy de mon frere.

1272 2944 2115 3085 DINA.

194 3225 3194 3448 Tous ces traits de mal-heur depuis longtemps paſſeZ

189 3407 2621 3619 De voſtre ſouuenir doiuent eſtre effaceZ:

189 3585 2763 3803 Faut-il qu'à tous propos cette triſte peinture

181 3763 2851 3976 Renouuelle vos pleurs ſur vne vieille iniure?

183 3941 3173 4160 Que touſiours voſtre eſprit en vos ans les plus beaux

185 4117 2777 4325 Erre ſi triſtement à l'entour des tombeaux?

184 4299 2881 4518 Madame, faites tréfue auecque ſes pensées,

186 4473 2444 4689 Vos celeſtes beautés y ſont intereßées,

186 4655 2850 4870 Voſtre teint composé des plus aimables fleurs,

180 4835 3138 5055 Sert trop long-temps de lit à des ruiſſeaux de pleurs.

186 5011 3014 5226 Le temps & la raiſon ſans doute vous inuitent

180 5187 2918 5413 A bannir ces ennuis qui vos iours precipitent:

2530 5408 2779 5549 D ij
