3796 5868
955 113 2305 277 TRAGEDIE.

1313 371 1975 523 DINA.

150 652 2826 881 Madame, le Palais eſt tout plein d'eſpions

151 836 2829 1055 Qui veillent iour & nuit deſſus vos actions;

148 1016 2968 1246 Depuis vn certain temps Salome tient à gages

131 1188 2840 1417 Pour cét office ſeul, des filles & des Pages,

140 1374 2767 1594 Sans ceſſe à cette porte ils viennent eſcouter

137 1552 3186 1785 Quels ſont tous vos propos, qu'ils luy vont rapporter

1024 1808 2224 1968 MARIANE.

122 2096 2777 2323 N'importe, laiſſons les eſcouter à leur aiſe,

121 2272 3118 2506 Ils n'auront pas le bien d’ouïr rien qu'il luy plaiſt.

1130 2532 2092 2676 DINA

121 2818 2869 3044 Le Roy vous a-t'il fait quelque nouuel ennuy

108 2998 3128 3224 Pour cauſer ces deſdains que vous auez pour luy?

980 3412 2150 3569 MARIANE.

106 3738 2780 3963 Quoy? t'imagines-tu que la tragique hiſtoire

105 3920 3087 4154 De mes plus chers parents ſorte de ma memoire?

104 4094 3077 4320 Touſiours les vieux Hircane & mon fiere meurtris

95 4274 2492 4490 Me viennent affliger de pitoyables cris;

94 4448 2969 4674 Soit lors que ie repoſe, ou ſoit lors que ie veille,

93 4626 3076 4854 Leur plainte à tous moments viẽt frapper mon oreille;

95 4800 2861 5030 Ils s'offrent à toute heure à mes yeux eſplorez,

92 4976 2677 5207 Ie les voy tous ſanglans & tous défigureZ

2569 5215 2683 5326 D
