<?xml version="1.0" encoding="UTF-8"?>
<PcGts xmlns="http://schema.primaresearch.org/PAGE/gts/pagecontent/2013-07-15" xmlns:xsi="http://www.w3.org/2001/XMLSchema-instance" xmlns:xs="http://www.w3.org/2001/XMLSchema" xmlns:pr="http://schema.primaresearch.org/PAGE/gts/pagecontent/2013-07-15" xsi:schemaLocation="http://schema.primaresearch.org/PAGE/gts/pagecontent/2013-07-15 http://schema.primaresearch.org/PAGE/gts/pagecontent/2013-07-15/pagecontent.xsd">
  <Metadata>
        <Creator/>
        <Created>2019-01-26T18:52:45.517+01:00</Created>
        <LastChange>2019-07-27T16:36:16.507+02:00</LastChange>
        <Comments>
                Measurement unit: pixel
                PrimaryLanguage: English
                Language: FrenchStandard
                Producer: ABBYY FineReader Engine 11</Comments>
        <TranskribusMetadata docId="187309" pageId="7453558" pageNr="34" tsid="13156773" status="DONE" userId="10612" imgUrl="https://files.transkribus.eu/Get?id=KEDSNASMVNZTXKFPAPBWEIMT&amp;fileType=view" xmlUrl="https://files.transkribus.eu/Get?id=CJOGIMCKLAPXTXULFCHAVOBJ" imageId="2611913"/>
    </Metadata>
  <Page imageFilename="Lhermite1639_Mariane_bpt6k1511072f_corrected_0034.png" imageWidth="3796" imageHeight="5897">
    <PrintSpace>
            <Coords points="438,104 3556,104 3556,5408 438,5408"/>
        </PrintSpace>
    <ReadingOrder>
            <OrderedGroup id="ro_1604222392641" caption="Regions reading order">
                <RegionRefIndexed index="0" regionRef="r_1_1"/>
                <RegionRefIndexed index="1" regionRef="r_1_2"/>
                <RegionRefIndexed index="2" regionRef="r_1_3"/>
                <RegionRefIndexed index="3" regionRef="r_1_4"/>
                <RegionRefIndexed index="4" regionRef="r_1_5"/>
                <RegionRefIndexed index="5" regionRef="r_1_6"/>
                <RegionRefIndexed index="6" regionRef="r_1_7"/>
                <RegionRefIndexed index="7" regionRef="r_1_8"/>
                <RegionRefIndexed index="8" regionRef="r_1_9"/>
                <RegionRefIndexed index="9" regionRef="r_1_10"/>
                <RegionRefIndexed index="10" regionRef="r_1_11"/>
                <RegionRefIndexed index="11" regionRef="r_1_12"/>
                <RegionRefIndexed index="12" regionRef="r_1_13"/>
                <RegionRefIndexed index="13" regionRef="r_1_14"/>
                <RegionRefIndexed index="14" regionRef="r_1_15"/>
            </OrderedGroup>
        </ReadingOrder>
    <TextRegion type="paragraph" id="r_1_1" custom="readingOrder {index:0;}">
      <Coords points="470,129 2885,129 2885,316 470,316"/>
      <TextLine id="tl_1" primaryLanguage="English" custom="structure {type:default;} readingOrder {index:0;}">
        <Coords points="471,130 2884,130 2884,315 471,315"/>
        <Baseline points="472,287 536,287 1496,268 2170,263 2458,258 2884,296"/>
        <Word id="w_w2aab1b1b2b1b1ab1">
          <Coords points="471,130 2884,130 2884,315 471,315"/>
          <TextEquiv>
            <Unicode>26 LA MARIANE,</Unicode>
          </TextEquiv>
        </Word>
      </TextLine>
    </TextRegion>
    <TextRegion type="paragraph" id="r_1_2" custom="readingOrder {index:1;}">
      <Coords points="458,316 3273,316 3273,514 458,514"/>
      <TextLine id="tl_2" primaryLanguage="English" custom="structure {type:default;} readingOrder {index:0;}">
        <Coords points="459,317 3272,317 3272,513 459,513"/>
        <Baseline points="459,471 624,469 850,465 1436,454 1830,451 2152,448 2554,445 3206,458 3272,479"/>
        <Word id="w_w2aab1b1b2b3b1ab1">
          <Coords points="459,317 3272,317 3272,513 459,513"/>
          <TextEquiv>
            <Unicode>Ils me viennent conter leurs triſtes auantures,</Unicode>
          </TextEquiv>
          <TextStyle fontFamily="Times New Roman" fontSize="11.0" italic="true"/>
        </Word>
      </TextLine>
    </TextRegion>
    <TextRegion type="paragraph" id="r_1_3" custom="readingOrder {index:2;}">
      <Coords points="459,496 3477,496 3477,1060 459,1060"/>
      <TextLine id="tl_3" primaryLanguage="English" custom="structure {type:default;} readingOrder {index:0;}">
        <Coords points="460,497 3476,497 3476,709 460,709"/>
        <Baseline points="460,649 617,647 835,645 1425,638 1987,636 2297,631 2855,629 3297,637 3475,666"/>
        <Word id="w_w2aab1b1b2b5b1ab1">
          <Coords points="460,497 3476,497 3476,709 460,709"/>
          <TextEquiv>
            <Unicode>Ils me viennent monſtrer leurs mortelles bleſſures,</Unicode>
          </TextEquiv>
        </Word>
      </TextLine>
      <TextLine id="tl_4" primaryLanguage="English" custom="structure {type:default;} readingOrder {index:1;}">
        <Coords points="472,673 3467,673 3467,879 472,879"/>
        <Baseline points="472,833 645,824 857,825 1199,822 1871,817 2178,810 2398,808 2900,808 3339,817 3467,840"/>
        <Word id="w_w2aab1b1b2b5b3ab1">
          <Coords points="472,673 3467,673 3467,879 472,879"/>
          <TextEquiv>
            <Unicode>Et me vont reprochant pour me combler d‘ennuis,</Unicode>
          </TextEquiv>
        </Word>
      </TextLine>
      <TextLine id="tl_5" primaryLanguage="English" custom="structure {type:default;} readingOrder {index:2;}">
        <Coords points="471,854 3402,854 3402,1059 471,1059"/>
        <Baseline points="471,1041 1176,1002 1460,998 2018,992 2156,984 2444,988 2834,987 3028,989 3260,997 3402,1002"/>
        <Word id="w_w2aab1b1b2b5b5ab1">
          <Coords points="471,854 3402,854 3402,1059 471,1059"/>
          <TextEquiv>
            <Unicode>Qu'auecque leur bourreau ie dors toutes les nuits.</Unicode>
          </TextEquiv>
        </Word>
      </TextLine>
    </TextRegion>
    <TextRegion type="paragraph" id="r_1_4" custom="readingOrder {index:3;}">
      <Coords points="471,1033 3268,1033 3268,1420 471,1420"/>
      <TextLine id="tl_6" primaryLanguage="English" custom="structure {type:default;} readingOrder {index:0;}">
        <Coords points="648,1034 3178,1034 3178,1238 648,1238"/>
        <Baseline points="648,1180 763,1183 1055,1185 1327,1179 1465,1176 1903,1176 2339,1171 2591,1167 2937,1166 3177,1184"/>
        <Word id="w_w2aab1b1b2b7b1ab1">
          <Coords points="648,1034 3178,1034 3178,1238 648,1238"/>
          <TextEquiv>
            <Unicode>Il faut que le perfide acheue ma diſgrace;</Unicode>
          </TextEquiv>
        </Word>
      </TextLine>
      <TextLine id="tl_7" primaryLanguage="English" custom="structure {type:default;} readingOrder {index:1;}">
        <Coords points="472,1219 3267,1219 3267,1419 472,1419"/>
        <Baseline points="472,1367 587,1371 755,1368 1095,1365 1221,1358 1525,1358 1901,1380 2049,1353 2143,1354 2243,1399 2553,1349 2667,1346 2907,1347 3099,1353 3267,1375"/>
        <Word id="w_w2aab1b1b2b7b3ab1">
          <Coords points="472,1219 3267,1219 3267,1419 472,1419"/>
          <TextEquiv>
            <Unicode>Il en veut à mon ſang, il ent veut à ma race,</Unicode>
          </TextEquiv>
        </Word>
      </TextLine>
    </TextRegion>
    <TextRegion type="paragraph" id="r_1_5" custom="readingOrder {index:4;}">
      <Coords points="474,1403 3418,1403 3418,2162 474,2162"/>
      <TextLine id="tl_8" primaryLanguage="English" custom="structure {type:default;} readingOrder {index:0;}">
        <Coords points="475,1404 2897,1404 2897,1601 475,1601"/>
        <Baseline points="475,1549 592,1549 798,1545 892,1544 1122,1545 1664,1538 1970,1536 2328,1531 2896,1529"/>
        <Word id="w_w2aab1b1b2b9b1ab1">
          <Coords points="475,1404 2897,1404 2897,1601 475,1601"/>
          <TextEquiv>
            <Unicode>Il n'eſt pas ſatisfait pour auoir maſſacré</Unicode>
          </TextEquiv>
          <TextStyle fontFamily="Times New Roman" fontSize="11.0" italic="true"/>
        </Word>
      </TextLine>
      <TextLine id="tl_9" primaryLanguage="English" custom="structure {type:default;} readingOrder {index:1;}">
        <Coords points="483,1581 3038,1581 3038,1779 483,1779"/>
        <Baseline points="483,1741 676,1728 1246,1722 1636,1719 1944,1734 2176,1716 2682,1710 3038,1709"/>
        <Word id="w_w2aab1b1b2b9b3ab1">
          <Coords points="483,1581 3038,1581 3038,1779 483,1779"/>
          <TextEquiv>
            <Unicode>Vn vieillard venerable, vn Pontife ſacré</Unicode>
          </TextEquiv>
        </Word>
      </TextLine>
      <TextLine id="tl_10" primaryLanguage="English" custom="structure {type:default;} readingOrder {index:2;}">
        <Coords points="488,1758 3417,1758 3417,1959 488,1959"/>
        <Baseline points="488,1937 733,1908 875,1905 1135,1904 1475,1902 1687,1900 2071,1895 2281,1934 2621,1893 2855,1893 3169,1894 3417,1918"/>
        <Word id="w_w2aab1b1b2b9b5ab1">
          <Coords points="488,1758 3417,1758 3417,1959 488,1959"/>
          <TextEquiv>
            <Unicode>Qui le mit dans ſes droits &amp; dans ſon alliance;</Unicode>
          </TextEquiv>
        </Word>
      </TextLine>
      <TextLine id="tl_11" primaryLanguage="English" custom="structure {type:default;} readingOrder {index:3;}">
        <Coords points="492,1938 2959,1938 2959,2161 492,2161"/>
        <Baseline points="492,2087 995,2088 1177,2084 1407,2082 1807,2134 2155,2072 2323,2073 2891,2072 2959,2066"/>
        <Word id="w_w2aab1b1b2b9b7ab1">
          <Coords points="492,1938 2959,1938 2959,2161 492,2161"/>
          <TextEquiv>
            <Unicode>Logeant en ſon appuy toute ſa confiance:</Unicode>
          </TextEquiv>
          <TextStyle fontFamily="Times New Roman" fontSize="11.0" italic="true"/>
        </Word>
      </TextLine>
    </TextRegion>
    <TextRegion type="paragraph" id="r_1_6" custom="readingOrder {index:5;}">
      <Coords points="500,2103 3159,2103 3159,2500 500,2500"/>
      <TextLine id="tl_12" primaryLanguage="English" custom="structure {type:default;} readingOrder {index:0;}">
        <Coords points="501,2104 3096,2104 3096,2325 501,2325"/>
        <Baseline points="501,2279 728,2324 1050,2263 1410,2262 1814,2259 2196,2252 2724,2252 3096,2249"/>
        <Word id="w_w2aab1b1b2c11b1ab1">
          <Coords points="501,2104 3096,2104 3096,2325 501,2325"/>
          <TextEquiv>
            <Unicode>Ny pour auoir eſteint d’vne eſtrange façon</Unicode>
          </TextEquiv>
          <TextStyle fontFamily="Times New Roman" fontSize="11.0" italic="true"/>
        </Word>
      </TextLine>
      <TextLine id="tl_13" primaryLanguage="English" custom="structure {type:default;} readingOrder {index:1;}">
        <Coords points="502,2298 3158,2298 3158,2499 502,2499"/>
        <Baseline points="503,2463 695,2450 1239,2444 1644,2491 1914,2456 2141,2437 3158,2450"/>
        <Word id="w_w2aab1b1b2c11b3ab1">
          <Coords points="502,2298 3158,2298 3158,2499 502,2499"/>
          <TextEquiv>
            <Unicode>Vn innocent beaufrere, vn aimable garçon,</Unicode>
          </TextEquiv>
        </Word>
      </TextLine>
    </TextRegion>
    <TextRegion type="paragraph" id="r_1_7" custom="readingOrder {index:6;}">
      <Coords points="496,2477 3314,2477 3314,2862 496,2862"/>
      <TextLine id="tl_14" primaryLanguage="English" custom="structure {type:default;} readingOrder {index:0;}">
        <Coords points="498,2478 3187,2478 3187,2683 498,2683"/>
        <Baseline points="498,2627 671,2630 1029,2627 1749,2641 2071,2619 2139,2610 2397,2612 2649,2610 2827,2663 3187,2608"/>
        <Word id="w_w2aab1b1b2c13b1ab1">
          <Coords points="498,2478 3187,2478 3187,2683 498,2683"/>
          <TextEquiv>
            <Unicode>Le ieune Ariſtobule, helas! lors que i'y penſe</Unicode>
          </TextEquiv>
          <TextStyle fontFamily="Times New Roman" fontSize="11.0" italic="true"/>
        </Word>
      </TextLine>
      <TextLine id="tl_15" primaryLanguage="English" custom="structure {type:default;} readingOrder {index:1;}">
        <Coords points="497,2665 3313,2665 3313,2861 497,2861"/>
        <Baseline points="497,2805 668,2812 1002,2806 1196,2804 1440,2806 1940,2796 2442,2792 2692,2788 3060,2789 3312,2799"/>
        <Word id="w_w2aab1b1b2c13b3ab1">
          <Coords points="497,2665 3313,2665 3313,2861 497,2861"/>
          <TextEquiv>
            <Unicode>Le cours de ma douleur emporte ma confiance;</Unicode>
          </TextEquiv>
        </Word>
      </TextLine>
    </TextRegion>
    <TextRegion type="paragraph" id="r_1_8" custom="readingOrder {index:7;}">
      <Coords points="496,2842 2973,2842 2973,3046 496,3046"/>
      <TextLine id="tl_16" primaryLanguage="English" custom="structure {type:default;} readingOrder {index:0;}">
        <Coords points="497,2843 2972,2843 2972,3045 497,3045"/>
        <Baseline points="497,2989 580,2989 736,3042 876,2989 1198,2984 1326,3032 1644,2981 1890,2980 2040,2979 2222,2976 2512,2970 2808,2967 2972,2990"/>
        <Word id="w_w2aab1b1b2c15b1ab1">
          <Coords points="497,2843 2972,2843 2972,3045 497,3045"/>
          <TextEquiv>
            <Unicode>I ay le cœur ſi ſerré que ie ne puis parler,</Unicode>
          </TextEquiv>
        </Word>
      </TextLine>
    </TextRegion>
    <TextRegion type="paragraph" id="r_1_9" custom="readingOrder {index:8;}">
      <Coords points="505,3018 2999,3018 2999,3224 505,3224"/>
      <TextLine id="tl_17" primaryLanguage="English" custom="structure {type:default;} readingOrder {index:0;}">
        <Coords points="506,3019 2998,3019 2998,3223 506,3223"/>
        <Baseline points="506,3175 687,3170 981,3166 1279,3167 1731,3160 1933,3158 2285,3155 2407,3147 2513,3150 2997,3143"/>
        <Word id="w_w2aab1b1b2c17b1ab1">
          <Coords points="506,3019 2998,3019 2998,3223 506,3223"/>
          <TextEquiv>
            <Unicode>Et mon ame affligée eſt preſte à s'enuoler.</Unicode>
          </TextEquiv>
          <TextStyle fontFamily="Times New Roman" fontSize="11.0" italic="true"/>
        </Word>
      </TextLine>
    </TextRegion>
    <TextRegion type="paragraph" id="r_1_10" custom="readingOrder {index:9;}">
      <Coords points="518,3195 3368,3195 3368,3584 518,3584"/>
      <TextLine id="tl_18" primaryLanguage="English" custom="structure {type:default;} readingOrder {index:0;}">
        <Coords points="698,3196 3367,3196 3367,3402 698,3402"/>
        <Baseline points="698,3346 845,3346 1187,3342 1329,3345 1819,3341 2003,3338 2243,3334 2941,3326 3195,3373 3367,3339"/>
        <Word id="w_w2aab1b1b2c19b1ab1">
          <Coords points="698,3196 3367,3196 3367,3402 698,3402"/>
          <TextEquiv>
            <Unicode>A peine il arriuoit en ſon quatrieſme luſtre,</Unicode>
          </TextEquiv>
        </Word>
      </TextLine>
      <TextLine id="tl_19" primaryLanguage="English" custom="structure {type:default;} readingOrder {index:1;}">
        <Coords points="519,3379 3296,3379 3296,3583 519,3583"/>
        <Baseline points="519,3533 694,3526 942,3526 1360,3525 1528,3522 1756,3572 1906,3520 2098,3517 2380,3563 2704,3562 3296,3521"/>
        <Word id="w_w2aab1b1b2c19b3ab1">
          <Coords points="519,3379 3296,3379 3296,3583 519,3583"/>
          <TextEquiv>
            <Unicode>Et l'on voyoit en luy ie ne ſçay quoy d'illuſtre,</Unicode>
          </TextEquiv>
          <TextStyle fontFamily="Times New Roman" fontSize="11.0" italic="true"/>
        </Word>
      </TextLine>
    </TextRegion>
    <TextRegion type="paragraph" id="r_1_11" custom="readingOrder {index:10;}">
      <Coords points="525,3558 3223,3558 3223,3942 525,3942"/>
      <TextLine id="tl_20" primaryLanguage="English" custom="structure {type:default;} readingOrder {index:0;}">
        <Coords points="526,3559 3222,3559 3222,3763 526,3763"/>
        <Baseline points="527,3709 686,3710 1096,3721 1276,3706 1715,3700 1969,3696 2327,3693 2432,3708 2630,3725 2855,3687 3222,3706"/>
        <Word id="w_w2aab1b1b2c21b1ab1">
          <Coords points="526,3559 3222,3559 3222,3763 526,3763"/>
          <TextEquiv>
            <Unicode>Sa grace, ſa beauté, ſa parole, &amp; ſon port,</Unicode>
          </TextEquiv>
        </Word>
      </TextLine>
      <TextLine id="tl_21" primaryLanguage="English" custom="structure {type:default;} readingOrder {index:1;}">
        <Coords points="534,3737 3075,3737 3075,3941 534,3941"/>
        <Baseline points="534,3887 1207,3882 1395,3880 1791,3881 2027,3877 2171,3876 2677,3866 3075,3859"/>
        <Word id="w_w2aab1b1b2c21b3ab1">
          <Coords points="534,3737 3075,3737 3075,3941 534,3941"/>
          <TextEquiv>
            <Unicode>Rauiſfoient les eſprits dés le premier abord.</Unicode>
          </TextEquiv>
          <TextStyle fontFamily="Times New Roman" fontSize="11.0" italic="true"/>
        </Word>
      </TextLine>
    </TextRegion>
    <TextRegion type="paragraph" id="r_1_12" custom="readingOrder {index:11;}">
      <Coords points="538,3917 3130,3917 3130,4122 538,4122"/>
      <TextLine id="tl_22" primaryLanguage="English" custom="structure {type:default;} readingOrder {index:0;}">
        <Coords points="539,3918 3129,3918 3129,4121 539,4121"/>
        <Baseline points="539,4063 654,4064 980,4066 1178,4062 1494,4062 1613,4113 1838,4079 1988,4060 2332,4053 2628,4049 2917,4097 3128,4059"/>
        <Word id="w_w2aab1b1b2c23b1ab1">
          <Coords points="539,3918 3129,3918 3129,4121 539,4121"/>
          <TextEquiv>
            <Unicode>II eſtoit de mon poil, il auoit mon viſage,</Unicode>
          </TextEquiv>
        </Word>
      </TextLine>
    </TextRegion>
    <TextRegion type="paragraph" id="r_1_13" custom="readingOrder {index:12;}">
      <Coords points="538,4097 3107,4097 3107,4302 538,4302"/>
      <TextLine id="tl_23" primaryLanguage="English" custom="structure {type:default;} readingOrder {index:0;}">
        <Coords points="539,4098 3106,4098 3106,4301 539,4301"/>
        <Baseline points="539,4245 652,4242 978,4244 1212,4240 1498,4242 1828,4261 2022,4238 2428,4232 2660,4231 3106,4217"/>
        <Word id="w_w2aab1b1b2c25b1ab1">
          <Coords points="539,4098 3106,4098 3106,4301 539,4301"/>
          <TextEquiv>
            <Unicode>Il eſtoit ma peinture, ou i'eſtois ſon image.</Unicode>
          </TextEquiv>
        </Word>
      </TextLine>
    </TextRegion>
    <TextRegion type="paragraph" id="r_1_14" custom="readingOrder {index:13;}">
      <Coords points="521,4258 3532,4258 3532,4976 521,4976"/>
      <TextLine id="tl_24" primaryLanguage="English" custom="structure {type:default;} readingOrder {index:0;}">
        <Coords points="522,4259 3526,4259 3526,4481 522,4481"/>
        <Baseline points="522,4427 829,4425 1553,4423 1785,4424 2079,4413 2567,4411 2821,4405 3037,4401 3525,4384"/>
        <Word id="w_w2aab1b1b2c27b1ab1">
          <Coords points="522,4259 3526,4259 3526,4481 522,4481"/>
          <TextEquiv>
            <Unicode>Puis les Cieux en ſon ame auoient mis des threſors</Unicode>
          </TextEquiv>
          <TextStyle fontFamily="Times New Roman" fontSize="11.0" italic="true"/>
        </Word>
      </TextLine>
      <TextLine id="tl_25" primaryLanguage="English" custom="structure {type:default;} readingOrder {index:1;}">
        <Coords points="542,4449 3531,4449 3531,4659 542,4659"/>
        <Baseline points="542,4633 785,4603 1537,4605 1943,4600 2075,4593 2389,4593 2711,4588 2847,4631 3155,4577 3356,4567 3531,4581"/>
        <Word id="w_w2aab1b1b2c27b3ab1">
          <Coords points="542,4449 3531,4449 3531,4659 542,4659"/>
          <TextEquiv>
            <Unicode>Qui reſpondoient encore à ceux d'vn ſi beau corps,</Unicode>
          </TextEquiv>
        </Word>
      </TextLine>
      <TextLine id="tl_26" primaryLanguage="English" custom="structure {type:default;} readingOrder {index:2;}">
        <Coords points="553,4622 3350,4622 3350,4845 553,4845"/>
        <Baseline points="553,4785 726,4784 1046,4783 1448,4784 1680,4784 1899,4835 2562,4773 2854,4765 3350,4749"/>
        <Word id="w_w2aab1b1b2c27b5ab1">
          <Coords points="553,4622 3350,4622 3350,4845 553,4845"/>
          <TextEquiv>
            <Unicode>Et leurs graces ſur luy ſembloient eſtre tombées</Unicode>
          </TextEquiv>
          <TextStyle fontFamily="Times New Roman" fontSize="11.0" italic="true"/>
        </Word>
      </TextLine>
      <TextLine id="tl_27" primaryLanguage="English" custom="structure {type:default;} readingOrder {index:3;}">
        <Coords points="538,4805 3256,4805 3256,4975 538,4975"/>
        <Baseline points="539,4891 871,4961 1307,4959 1390,4962 1892,4959 2125,4957 2557,4951 3255,4929"/>
        <Word id="w_w2aab1b1b2c27b7ab1">
          <Coords points="538,4805 3256,4805 3256,4975 538,4975"/>
          <TextEquiv>
            <Unicode>Pour releuer l'honneur des braues Macabées.</Unicode>
          </TextEquiv>
          <TextStyle fontFamily="Times New Roman" fontSize="11.0" italic="true"/>
        </Word>
      </TextLine>
    </TextRegion>
    <TextRegion type="paragraph" id="r_1_15" custom="readingOrder {index:14;}">
      <Coords points="557,4994 3268,4994 3268,5388 557,5388"/>
      <TextLine id="tl_28" primaryLanguage="English" custom="structure {type:default;} readingOrder {index:0;}">
        <Coords points="558,4995 3231,4995 3231,5201 558,5201"/>
        <Baseline points="558,5139 711,5142 889,5191 1137,5144 1451,5138 1593,5139 1813,5139 1891,5142 2405,5135 2605,5129 2915,5120 3231,5110"/>
        <Word id="w_w2aab1b1b2c29b1ab1">
          <Coords points="558,4995 3231,4995 3231,5201 558,5201"/>
          <TextEquiv>
            <Unicode>Celuy qui vers le Nil emporta les pourtraits</Unicode>
          </TextEquiv>
          <TextStyle fontFamily="Times New Roman" fontSize="11.0" italic="true"/>
        </Word>
      </TextLine>
      <TextLine id="tl_29" primaryLanguage="English" custom="structure {type:default;} readingOrder {index:1;}">
        <Coords points="561,5175 3267,5175 3267,5387 561,5387"/>
        <Baseline points="561,5317 1126,5323 1701,5378 1888,5321 2090,5317 2710,5304 3100,5297 3266,5309"/>
        <Word id="w_w2aab1b1b2c29b3ab1">
          <Coords points="561,5175 3267,5175 3267,5387 561,5387"/>
          <TextEquiv>
            <Unicode>Confeſſoit tout rauy de ſes charmans attraits,</Unicode>
          </TextEquiv>
        </Word>
      </TextLine>
    </TextRegion>
  </Page>
</PcGts>
