3796 5822
977 260 3050 455 TRAGEDIE. 5

1105 552 2115 698 HERODE.

100 800 2832 1015 Quand tu nous fus rauy par vn deſtin contraire,

71 975 2660 1190 Mon genereux aiſné, braue & fidelle frere,

70 1157 2694 1374 I'appris ton accident par vn meſme rapport:

67 1333 2680 1547 Ie fus par meſme voye aduerty de ta mort:

63 1506 2883 1725 I’eus aux bords du Iourdain des viſions cruelles

63 1691 2745 1903 Qui preuinrent le bruit de ces triſtes nouuelles.

950 2054 2114 2204 PHERORE.

46 2409 2572 2632 Pour moy i'ay mille fois des ſonges obſerué,

49 2590 2633 2800 Sans que de leur preſage il ſoit rien arriué;

60 2766 2854 2984 Et ſelon qu'vn Rabin me fit vn iour entendre;

56 2943 3000 3164 C'eſt les prendre fort bien, que de n'en rien attendre.

947 3309 1976 3452 HERODE.

49 3652 2605 3879 Quelles fortes raiſons apportoit ce Docteur,

39 3826 2995 4064 Qui ſouſtient que le ſonge eſt touſiours vn menteur?

928 4129 2064 4279 PHERORE.

35 4366 2890 4601 Il diſoit que l’humeur qui dans nos corps domine,

36 4551 2849 4734 A voir certains obiects, en dormant nous encline:

34 4716 2864 4946 Le flegme humide & froid, s'eſleuant au cerueau,

37 4894 2764 5117 Y vient repreſenter des broüillars & de l'eau:

34 5064 2780 5301 La bile ardente & jaune, aux qualitez ſubtiles,

46 5241 2974 5481 N'y dépeint que combats, qu'embrazmens de villes:

2223 5479 2520 5621 A iij
