3796 5831
2972 320 3061 425 7

914 221 2200 371 TRAGEDIE.

86 395 2773 615 Et l’ Amant preuenu de crainte ou de deſirs,

75 580 2737 796 Eſprouue des rigueurs, ou gouſte des plaiſirs.

1010 947 2058 1091 HERODE.

63 1300 2451 1510 Ces expoſitions ne me contentent gueres,

54 1485 2846 1704 Ces principes communs ont des effets vulgaires;

48 1661 2788 1877 Et tu ſçais qu'autresfois l’Egypte remarquoit

41 1835 2734 2056 Aux ſonges importuns que Ioſeph expliquoit;

39 2009 2929 2242 Qu'il en eſt, dont l’image eſt heureux ou funeſte;

30 2195 2918 2417 Nous annonçans la grace, ou le courroux celeſte:

26 2353 2978 2594 Quoy qu'il en ſoit, Pherore, eſcoute vn peu le mien,

23 2549 2794 2763 N'importe qu'il promette, ou du mal ou du bien.

3011 2145 3287 2225 Salome

3018 2258 3224 2316 entre.
