3796 5876
619 341 744 431 12

1315 237 2960 418 LA MARIANE

1618 607 2606 756 SALOME.

607 970 3293 1191 L'Eſtat, d'vn changement peut eſtre menacé.

1621 1260 2680 1408 HERODE.

638 1519 3200 1741 Ce qu'eſcrit le Deſtin, ne peut eſtre effacé,

632 1695 3231 1917 Il faut bon-gré, mal-gré, que l'ame reſoluë

635 1879 3221 2095 Suiue ce qui a marqué ſa puiſſance abſoluë:

645 2060 3267 2277 De ſes pieges ſecrets on ne peut s'afranchir,

644 2231 3560 2455 Nous y courons plus droit en penſant les gauchir.

644 2410 3612 2633 L'homme à qui la Fortune a fait des auantages,

644 2588 3286 2807 Eſt comme le vaiſſeau ſauué de cent orages;

641 2775 3075 2987 Qui ſujet toutefois aux caprices du ſort,

631 2950 3445 3167 Peut ſe perdre à la rade, ou perir dans le port.

795 3118 3628 3347 Mais qui me peut choquer? & qu'ay-ie plus à

1091 3337 1590 3465 craindre

650 3480 3592 3699 Au faiſte du bon-heur où l'on me voit atteindre?

650 3660 3621 3883 Rien n'eſt aſſez puiſſant pour me perdre auiourd’huy,

651 3840 3309 4061 Si le Ciel en tombant ne m'accable ſous luy:

665 4029 3237 4241 Ie ne puis ſuccomber que par vne auanture

671 4202 3192 4419 Dont le coup ſoit fatal à toute la Nature.

682 4377 3418 4595 Tous les Aſmoneans ſont dedans le tombeau,

692 4538 3636 4776 On voit deſſus le Thrône vn Monarque nouueau,

692 4718 3641 4950 Qui tient ſous les Lauriers ſa Couronne & ſa teſte

683 4918 3351 5131 Pour iamais à l'abry des coups de la tempeſte.

879 5084 3639 5308 Ie ſçay bien quel ſupport Auguſte ma promis,

700 5277 3246 5488 Me voulant receuoir au rang de ſes amis;
