3796 5814
1015 191 3098 387 TRAGEDIE. 9

146 374 2621 590 Apres mille embaras d'eſpeces incertaines,

149 558 2912 750 De rencontre ſans ſuite, & de chimeres vaines,

142 734 2643 934 Ie me ſuis trouué ſeul dans vn bois eſcarté

147 912 2320 1104 Ou l'horreur habitoit auec l'obſcurité,

142 1096 2963 1292 Lors qu'vne voix plaintiue a percé les tenebres,

135 1252 3092 1481 Appelant MARIANE auec des tons funebres,

314 1453 2975 1652 Iay couru vers le lieu d'où le bruit s'eſpandoit,

129 1632 3092 1833 Suiuant dans ce tranſport l'Amour qui me gui¬

426 1816 719 1959 doit,

125 1986 2859 2181 Et qui ſembloit encor m'auoir preſté ſes aiſles,

110 2168 2801 2361 Pour atteindre pluſtoſt ce miracle des Belles:

277 2345 3082 2555 Mes pas mont amené ſur le bord d'vn eſtang,

118 2524 2903 2730 Dont i'ay trouué les eaux toutes rouges de ſang;

111 2698 2546 2898 Il eſt tombé deſſus vn eſclat de tonnerre;

112 2878 3077 3083 l'ay ſenty ſous mes pieds vn tremblement de terre,

119 3058 2454 3255 Et deſſus ce riuage, enuironné d'effroy,

114 3232 2503 3435 Le ieune Ariſtobule a paru deuant moy.

1056 3587 2021 3729 SALOME.

110 3938 2872 4140 O Cieux! ie ſerois morte eſtant en voſtre place;

96 4116 2659 4316 Le ſang à ce recit dans mes veines ſe glace.

955 4475 2129 4621 PHERORE.

96 4824 2897 5038 Ie ſens la meſme horreur dans mes os ſe couler:

2538 5404 2620 5514 B
