3796 5876
581 267 698 348 10

1255 189 2886 366 LA MARIANE,

1618 571 2649 718 HERODE.

627 921 3151 1125 EſcouteZ donc le reſte, & me laiſſeZ parler;

613 1105 2916 1307 Il n'auoit point icy la Tyare à la teſte

614 1279 3536 1483 Comme aux iours ſolemnels de noſtre grande feſte;

614 1459 3328 1665 Ou tirant trop d’eſclat d'vn riche veſtement,

600 1639 2901 1837 Il obligeoit les Iuifs à dire hautement,

593 1815 3097 2028 Qu'vne ſi glorieuſe, & ſi noble perſonne,

585 1995 3376 2200 Meritoit de porter la Mytre & la Couronne.

592 2177 3154 2380 le ne l'ay reconnu qu'a la voix ſeulement;

590 2356 3019 2558 Il ſembloit retiré de l'onde fraiſchement,

594 2532 3203 2740 Son corps eſtoit enflé l'eau qu'il auoit beuë,

601 2709 3583 2918 Ses cheueux tous moüilleZ luy tomboient ſur la veuë,

605 2894 3288 3091 Les flots auoient eſteint la clarté de ſes yeux,

638 3065 3586 3271 Oui s'eſtoient en mourant tourneZ deuers les Cieux;

612 3250 2993 3453 Il ſembloit que l'effort d'vne cruelle rage

613 3425 3187 3629 Auoit laißé l'horreur peinte ſur ſon viſage,

625 3601 3577 3813 Et que de ſang meurtry tout ſon teint ſe couuriſt,

621 3785 3400 3987 Et ſa bouche eſtoit morte encor qu'elle s'ouuriſt.

766 3963 3348 4166 Ses propos dés l'abord, ont eſté des iniures,

622 4137 3573 4349 Des reproches ſanglans: mais tous pleins d'impo¬

897 4348 1271 4509 ſtures.

617 4497 2975 4707 Il a fait contre moy mille imprecations,

615 4677 2932 4881 Il m'eſt venu charger de maledictions,

610 4858 3258 5064 Ma parlé des rigueurs ſur ſon pere exercées,

612 5019 3567 5240 M'imputant tous les maux de nos guerres paſſées:
