3796 5906
450 218 581 301 20

1189 137 2848 325 LA MARIANE,

1434 481 2419 629 SALOME.

478 865 2803 1071 Elle parle de vous auec vne inſolence,

471 1040 3390 1253 Que ſans beaucoup d'horreur on ne peut reueler,

484 1224 3244 1429 Et que ſans crime außi l'on ne ſçauroit celer.

484 1400 3471 1611 Vous nomme à tous propos l'autheur de ſes miſeres,

489 1586 3211 1795 Le tyran de l'Eſtat, le meurtrier de ſes peres.

503 1768 2932 1971 Et de mille raiſons anime ſon courroux,

492 1950 3176 2157 Pour faire ſouſleuer les peuples contre vous,

1525 2311 2564 2456 HERODE.

506 2657 3338 2861 La Iudée auiourd'huy ſoûmiſe à ma puiſſance,

514 2834 3243 3043 Ne trouue ſon bon-heur qu'on ſon obeïſſance.

529 3016 2953 3220 On ne peut l'eſmouuoir ainſi facilement,

533 3204 2916 3402 Et ie ne croy pas tout außi legerement.

536 3369 3528 3580 Ie connoy Mariane, & ſçay qu'elle eſt trop ſage

532 3552 3193 3752 Pour s'eſtre abandonnée à tenir ce langage.

553 3719 3539 3934 Si les Grands s'arreſtoient à tout ce qu'on leur dit,

561 3909 3364 4118 L'impoſture auprés d'eux auroit trop de credit;

570 4087 3346 4292 On verroit dans les Cours vne guerre eternelle,

568 4265 3305 4476 Il faudroit chaque iour faire maiſon nouuelle.

1550 4612 2706 4756 PHERORE.

600 4976 3233 5196 En cas de ces auis, pour ſe gouuerner bien,

593 5163 3287 5370 Il ne faut pas tout croire, & ne negliger rien.
