3796 5856
924 270 3049 454 TRAGEDIE. 13

77 461 2723 645 Et i'ay tant de faueur aupres de ſon Genie,

79 641 2381 823 Que i'y ſuis aſſeuré contre la calomnie:

65 823 2921 1005 Ceux qu'il aime le mieux d'entre ſes Courtiſans

77 1005 2787 1179 Font cas de ma vertu, comme de mes preſens;

75 1183 2685 1363 Et i'ay mille ſecrets par où le Iourdain libre

59 1359 2507 1539 N'a point à redouter la colere du Tybre.

253 1539 2927 1719 De tout autre coſté, pour brauer le mal-heur

59 1721 2549 1905 Ie ſuis aſſeZ muny de force & de valeur:

67 1899 2935 2063 Que l'Arabe, le Parthe, & l'Armenie entiere,

69 2081 2483 2261 De trente légions menaſſent la frontiere,

65 2263 2521 2437 Auec vn camp volant i'iray les afronter,

73 2437 2675 2617 Et feray leurs deſſeins à leur honte auorter.

69 2615 2849 2795 I'iray les repouſſer au fond de leurs Prouinces,

77 2795 2911 2973 Et par tant de progreZ humilier leurs Princes,

69 2967 2787 3153 Qu'ils viendront confeſſer en receuant ma loy,

59 3143 2583 3333 Qu'on ne profite guere à s'attaquer à moy.

1041 3499 2023 3625 SALOME.

67 3855 2899 4033 Les Princes vos voiſins ſçauent voſtre courage;

69 4033 2799 4215 Ils en ont fait l’eſſay dés voſtre plus bas aage:

69 4207 2713 4385 Ils preſteront l'oreille à des conſeils meilleurs,

77 4387 2637 4569 Et leur ambition prendra ſon cours ailleurs.

1107 4741 2099 4873 HERODE.

73 5069 3029 5269 Ie n'auois pas quinZe ans lors que ie pris les armes,

79 5251 2939 5439 Lors que i'allay chercher la mort dans les alarmes,

2289 5451 2575 5585 B iij
