3796 5856
449 224 2720 419 24 LA MARIANE,

451 402 2956 609 Lors que l'on eſt reduit à ceſte extremité,

464 589 2608 791 De ne pouuoir agir auecque liberté.

1372 943 2547 1086 MARIANE.

479 1303 3469 1515 Moy? que ie me contraigne? eſtant d'vne naiſſance,

479 1488 3124 1695 Qui peut impunément prendre toute licence,

486 1668 2730 1873 Et qui ſans abuſer de ceſte authorité,

486 1847 3010 2057 Ne reigle mes deſirs que par l'honneſteté?

496 2024 3383 2228 Que mon cœur ſe deſmente, & trouue du merite

489 2197 3457 2407 A plaire au ſentiment, d'vn Barbare, d'vn Scythe.

495 2395 2123 2593 Meurtrier de mes parens?

1660 2750 2316 2888 DINA.

2188 3101 3467 3297 Madame parleZ bas.

1425 3473 2598 3622 MARIANE.

511 3843 3266 4052 Si mon corps eſt captif, mon ame ne l'eſt pas.

508 4024 3188 4234 Ie laiſſe la contrainte aux ſeruiles perſonnes,

506 4205 3496 4425 Ie ſors de trop d'ayeuls qui portoient des Couronnes,

500 4390 3131 4595 Pour auoir la penſée, & le front differans,

523 4569 3077 4770 Et deuenir Eſclaue en faueur des Tyrans.

521 4727 3517 4952 Qu'Herode m'importune, ou d'amour, ou de haine,

533 4915 3522 5128 On me verra touſiours viure & mourir en Reine.

3121 5403 3514 5536 DINA.
