<?xml version="1.0" encoding="UTF-8"?>
<PcGts xmlns="http://schema.primaresearch.org/PAGE/gts/pagecontent/2013-07-15" xmlns:xsi="http://www.w3.org/2001/XMLSchema-instance" xmlns:xs="http://www.w3.org/2001/XMLSchema" xmlns:pr="http://schema.primaresearch.org/PAGE/gts/pagecontent/2013-07-15" xsi:schemaLocation="http://schema.primaresearch.org/PAGE/gts/pagecontent/2013-07-15 http://schema.primaresearch.org/PAGE/gts/pagecontent/2013-07-15/pagecontent.xsd">
  <Metadata>
        <Creator/>
        <Created>2019-01-26T18:52:25.758+01:00</Created>
        <LastChange>2019-07-24T10:00:07.683+02:00</LastChange>
        <Comments>
                Measurement unit: pixel
                PrimaryLanguage: English
                Language: FrenchStandard
                Producer: ABBYY FineReader Engine 11</Comments>
        <TranskribusMetadata docId="187309" pageId="7453533" pageNr="10" tsid="13092927" status="DONE" userId="10612" imgUrl="https://files.transkribus.eu/Get?id=JPJEXJIWNVXOXCPBHZRJKKZN&amp;fileType=view" xmlUrl="https://files.transkribus.eu/Get?id=AVAMFVALAEDHNCRJXRGOKDIF" imageId="2611888"/>
    </Metadata>
  <Page imageFilename="Lhermite1639_Mariane_bpt6k1511072f_corrected_0010.png" imageWidth="3796" imageHeight="5918">
    <PrintSpace>
            <Coords points="153,165 3623,165 3623,5830 153,5830"/>
        </PrintSpace>
    <ReadingOrder>
            <OrderedGroup id="ro_1604222370450" caption="Regions reading order">
                <RegionRefIndexed index="0" regionRef="r_1_1"/>
                <RegionRefIndexed index="1" regionRef="r_1_2"/>
                <RegionRefIndexed index="2" regionRef="r_1_3"/>
                <RegionRefIndexed index="3" regionRef="r_1_4"/>
                <RegionRefIndexed index="4" regionRef="r_1_5"/>
                <RegionRefIndexed index="5" regionRef="region_1548536293769_2256"/>
                <RegionRefIndexed index="6" regionRef="r_1_6"/>
            </OrderedGroup>
        </ReadingOrder>
    <TextRegion type="paragraph" id="r_1_1" custom="readingOrder {index:0;}">
      <Coords points="559,180 2909,180 2909,367 559,367"/>
      <TextLine id="tl_1" primaryLanguage="English" custom="structure {type:default;} readingOrder {index:0;}">
        <Coords points="560,181 2908,181 2908,366 560,366"/>
        <Baseline points="560,357 630,357 1526,332 2327,317 2908,352"/>
        <Word id="w_w2aab1b1b2b1b1ab1">
          <Coords points="560,181 2908,181 2908,366 560,366"/>
          <TextEquiv>
            <Unicode>2 LA MARIANE,</Unicode>
          </TextEquiv>
        </Word>
      </TextLine>
    </TextRegion>
    <TextRegion type="paragraph" id="r_1_2" custom="readingOrder {index:1;}">
      <Coords points="561,370 3293,370 3293,602 561,602"/>
      <TextLine id="tl_2" primaryLanguage="English" custom="structure {type:default;} readingOrder {index:0;}">
        <Coords points="562,371 3292,371 3292,601 562,601"/>
        <Baseline points="562,547 691,543 950,533 1314,533 1830,519 2012,516 2328,517 2512,511 2802,515 3292,543"/>
        <Word id="w_w2aab1b1b2b3b1ab1">
          <Coords points="562,371 3292,371 3292,601 562,601"/>
          <TextEquiv>
            <Unicode>Ie ſuis aſſez ſçauant en l'art de bien regner,</Unicode>
          </TextEquiv>
          <TextStyle fontFamily="Times New Roman" fontSize="12.0" italic="true"/>
        </Word>
      </TextLine>
    </TextRegion>
    <TextRegion type="paragraph" id="r_1_3" custom="readingOrder {index:2;}">
      <Coords points="553,557 3606,557 3606,1323 553,1323"/>
      <TextLine id="tl_3" primaryLanguage="English" custom="structure {type:default;} readingOrder {index:0;}">
        <Coords points="563,558 3602,558 3602,782 563,782"/>
        <Baseline points="563,733 863,719 1117,713 1363,712 1699,702 2245,698 2452,697 2578,695 3017,701 3457,709 3601,731"/>
        <Word id="w_w2aab1b1b2b5b1ab1">
          <Coords points="563,558 3602,558 3602,782 563,782"/>
          <TextEquiv>
            <Unicode>Sans que ton vain courroux me le vienne enſeigner;</Unicode>
          </TextEquiv>
        </Word>
      </TextLine>
      <TextLine id="tl_4" primaryLanguage="English" custom="structure {type:default;} readingOrder {index:1;}">
        <Coords points="567,751 3306,751 3306,963 567,963"/>
        <Baseline points="567,916 747,910 999,953 1283,949 1954,884 2473,939 2784,881 3306,887"/>
        <Word id="w_w2aab1b1b2b5b3ab1">
          <Coords points="567,751 3306,751 3306,963 567,963"/>
          <TextEquiv>
            <Unicode>Et i'ay trop ſeurement affermy mon Empire</Unicode>
          </TextEquiv>
          <TextStyle fontFamily="Times New Roman" fontSize="12.0" italic="true"/>
        </Word>
      </TextLine>
      <TextLine id="tl_5" primaryLanguage="English" custom="structure {type:default;} readingOrder {index:2;}">
        <Coords points="554,934 3605,934 3605,1126 554,1126"/>
        <Baseline points="554,1099 899,1084 1411,1077 1593,1072 2171,1067 2409,1064 2559,1064 2761,1069 3119,1067 3545,1075 3605,1076"/>
        <Word id="w_w2aab1b1b2b5b5ab1">
          <Coords points="554,934 3605,934 3605,1126 554,1126"/>
          <TextEquiv>
            <Unicode>Pour craindre les malheurs que tu me viens predire:</Unicode>
          </TextEquiv>
          <TextStyle fontFamily="Times New Roman" fontSize="12.0" italic="true"/>
        </Word>
      </TextLine>
      <TextLine id="tl_6" primaryLanguage="English" custom="structure {type:default;} readingOrder {index:3;}">
        <Coords points="569,1111 3168,1111 3168,1322 569,1322"/>
        <Baseline points="569,1276 697,1275 1316,1314 1579,1257 1941,1251 2067,1246 2371,1246 2575,1245 3168,1268"/>
        <Word id="w_w2aab1b1b2b5b7ab1">
          <Coords points="569,1111 3168,1111 3168,1322 569,1322"/>
          <TextEquiv>
            <Unicode>Ie donneray bon ordre a tous les accidens,</Unicode>
          </TextEquiv>
          <TextStyle fontFamily="Times New Roman" fontSize="12.0" italic="true"/>
        </Word>
      </TextLine>
    </TextRegion>
    <TextRegion type="paragraph" id="r_1_4" custom="readingOrder {index:3;}">
      <Coords points="579,1292 3606,1292 3606,1822 579,1822"/>
      <TextLine id="tl_7" primaryLanguage="English" custom="structure {type:default;} readingOrder {index:0;}">
        <Coords points="580,1293 3605,1293 3605,1508 580,1508"/>
        <Baseline points="580,1492 828,1455 1135,1498 1346,1442 2222,1448 2710,1429 2904,1430 3604,1433"/>
        <Word id="w_w2aab1b1b2b7b1ab1">
          <Coords points="580,1293 3605,1293 3605,1508 580,1508"/>
          <TextEquiv>
            <Unicode>Qui n'eſtans point preueus, perdent les imprudens.</Unicode>
          </TextEquiv>
          <TextStyle fontFamily="Times New Roman" fontSize="12.0" italic="true"/>
        </Word>
      </TextLine>
      <TextLine id="tl_8" primaryLanguage="English" custom="structure {type:default;} readingOrder {index:1;}">
        <Coords points="780,1475 3603,1475 3603,1691 780,1691"/>
        <Baseline points="780,1642 1142,1629 1450,1681 1551,1618 1663,1621 1989,1616 2181,1613 2347,1611 2458,1630 2654,1651 3015,1613 3277,1609 3602,1594"/>
        <Word id="w_w2aab1b1b2b7b3ab1">
          <Coords points="780,1475 3603,1475 3603,1691 780,1691"/>
          <TextEquiv>
            <Unicode>Mais quoy? le front me ſuë, &amp; ie ſuis hors d'ha¬</Unicode>
          </TextEquiv>
        </Word>
      </TextLine>
      <TextLine id="tl_9" primaryLanguage="English" custom="structure {type:default;} readingOrder {index:2;}">
        <Coords points="976,1687 1318,1687 1318,1821 976,1821"/>
        <Baseline points="976,1814 1254,1807 1318,1821"/>
        <Word id="w_w2aab1b1b2b7b5ab1">
          <Coords points="976,1687 1318,1687 1318,1821 976,1821"/>
          <TextEquiv>
            <Unicode>leine;</Unicode>
          </TextEquiv>
          <TextStyle fontFamily="Times New Roman" fontSize="12.0" italic="true"/>
        </Word>
      </TextLine>
    </TextRegion>
    <TextRegion type="paragraph" id="r_1_5" custom="readingOrder {index:4;}">
      <Coords points="602,1842 3409,1836 3409,2428 602,2434"/>
      <TextLine id="tl_10" primaryLanguage="English" custom="structure {type:default;} readingOrder {index:0;}">
        <Coords points="602,1851 3279,1847 3279,2044 602,2048"/>
        <Baseline points="604,2009 934,1998 1232,1993 1408,1989 1564,1987 1904,1983 2014,1980 2454,1977 2756,1975 2936,1974 3284,1977"/>
        <Word id="w_w2aab1b1b2b9b1b2b1">
          <Coords points="602,1851 3279,1847 3279,2044 602,2048"/>
          <TextEquiv>
            <Unicode>Mon ame en ce repos a trouué tant de peine</Unicode>
          </TextEquiv>
        </Word>
      </TextLine>
      <TextLine id="tl_11" primaryLanguage="English" custom="structure {type:default;} readingOrder {index:1;}">
        <Coords points="602,2019 2931,2027 2931,2251 602,2243"/>
        <Baseline points="613,2187 755,2188 902,2234 1509,2171 1888,2164 2475,2212 2824,2156 2931,2175"/>
        <Word id="w_w2aab1b1b2b9b3b1b1">
          <Coords points="602,2019 2931,2027 2931,2251 602,2243"/>
          <TextEquiv>
            <Unicode>A ſe deſabuſer d'vne faſcheuſe erreur,</Unicode>
          </TextEquiv>
        </Word>
      </TextLine>
      <TextLine id="tl_12" primaryLanguage="English" custom="structure {type:default;} readingOrder {index:2;}">
        <Coords points="606,2209 3408,2206 3408,2427 606,2430"/>
        <Baseline points="628,2397 745,2369 988,2365 1125,2364 1497,2357 2047,2350 2227,2344 2587,2339 2813,2379 3198,2337 3407,2334"/>
        <Word id="w_w2aab1b1b2b9b5b1b1">
          <Coords points="606,2209 3408,2206 3408,2427 606,2430"/>
          <TextEquiv>
            <Unicode>Que i'en ſuis tout émeu de colere &amp; d'horreur.</Unicode>
          </TextEquiv>
        </Word>
      </TextLine>
    </TextRegion>
    <TextRegion type="" id="region_1548536293769_2256" custom="readingOrder {index:5;}">
      <Coords points="168,1952 586,1952 586,2414 168,2414"/>
      <TextLine id="line_1548536301229_2259" primaryLanguage="" custom="structure {type:default;} readingOrder {index:0;}">
        <Coords points="173,1982 573,1963 576,2034 176,2053"/>
        <Baseline points="176,2048 576,2029"/>
        <Word id="">
          <Coords points="173,1982 573,1963 576,2034 176,2053"/>
          <TextEquiv>
            <Unicode>Ferore pa¬</Unicode>
          </TextEquiv>
        </Word>
      </TextLine>
      <TextLine id="line_1548536306617_2264" primaryLanguage="" custom="structure {type:default;} readingOrder {index:1;}">
        <Coords points="174,2068 517,2052 519,2122 176,2138"/>
        <Baseline points="176,2133 519,2117"/>
        <Word id="">
          <Coords points="174,2068 517,2052 519,2122 176,2138"/>
          <TextEquiv>
            <Unicode>roiſt auec</Unicode>
          </TextEquiv>
        </Word>
      </TextLine>
      <TextLine id="line_1548536311857_2269" primaryLanguage="" custom="structure {type:default;} readingOrder {index:2;}">
        <Coords points="168,2159 577,2140 579,2214 170,2233"/>
        <Baseline points="170,2228 579,2209"/>
        <Word id="">
          <Coords points="168,2159 577,2140 579,2214 170,2233"/>
          <TextEquiv>
            <Unicode>le Capitai¬</Unicode>
          </TextEquiv>
        </Word>
      </TextLine>
      <TextLine id="line_1548536316008_2274" primaryLanguage="" custom="structure {type:default;} readingOrder {index:3;}">
        <Coords points="172,2247 580,2232 584,2309 176,2324"/>
        <Baseline points="176,2319 584,2304"/>
        <Word id="">
          <Coords points="172,2247 580,2232 584,2309 176,2324"/>
          <TextEquiv>
            <Unicode>ne des Gar¬</Unicode>
          </TextEquiv>
        </Word>
      </TextLine>
      <TextLine id="line_1548536319708_2279" primaryLanguage="" custom="structure {type:default;} readingOrder {index:4;}">
        <Coords points="184,2344 329,2344 329,2414 184,2414"/>
        <Baseline points="184,2409 329,2409"/>
        <Word id="">
          <Coords points="184,2344 329,2344 329,2414 184,2414"/>
          <TextEquiv>
            <Unicode>des</Unicode>
          </TextEquiv>
        </Word>
      </TextLine>
    </TextRegion>
    <TextRegion type="paragraph" id="r_1_6" custom="readingOrder {index:6;}">
      <Coords points="616,2432 963,2432 963,2570 616,2570"/>
      <TextLine id="tl_13" primaryLanguage="English" custom="structure {type:default;} readingOrder {index:0;}">
        <Coords points="617,2433 962,2433 962,2569 617,2569"/>
        <Baseline points="617,2559 961,2543"/>
        <Word id="w_w2aab1b1b2c11b1ab1">
          <Coords points="617,2433 962,2433 962,2569 617,2569"/>
          <TextEquiv>
            <Unicode>Hola.</Unicode>
          </TextEquiv>
          <TextStyle fontFamily="Times New Roman" fontSize="12.0" bold="true" italic="true"/>
        </Word>
      </TextLine>
    </TextRegion>
    <GraphicRegion id="r_2" custom="readingOrder {index:7;}">
            <Coords points="299,3173 3243,3173 3243,5830 299,5830"/>
        </GraphicRegion>
  </Page>
</PcGts>
