3796 5918
524 377 3518 588 de pointes recherchées; i'ay ſeulement voulu deſcri¬

527 560 3528 762 re auec vn peu de bien-ſeance, les diuers ſentimens

529 739 3531 950 d’vn Tyran courageux & ſpirituel, les artifices

529 920 3533 1126 d'vne femme enuieuſe & vindicatiue, & la con¬

495 1105 3538 1310 ſtance d'vne Reine dont la vertu meritoit vn plus

491 1280 3533 1492 fauorable deſtin: E i'ay dépeint tout cela de la ma¬

524 1459 3534 1673 niere que i'ay creu pouuoir mieux reüßir dans la per¬

501 1635 3540 1858 ſpectiue du Theatre; ſans m'attacher mal à pro¬

518 1822 3539 2038 pos à des fineſſes trop eſtudiées; Et qui font pa¬

529 2006 3543 2212 roiſtre vne trop grande affectation, en vn temps

528 2181 3541 2392 où l'on fait plus d'eſtat des beautez, qui ſont natu¬

530 2357 2704 2594 relles, que de celles qui ſont fardées.
