3796 5847
642 218 2984 415 16 LA MARIANE,

647 411 3125 623 Tant de rares vertus, & de diuins apas,

637 583 3603 803 Pour entrer dans ma couche, & pour ne m'aimer pas?

647 767 3469 979 Faut-il que deux moitiés ſoient ſi mal aſſorties?

647 946 3325 1159 Qu'vn tout ſoit compoſé de contraires parties?

649 1125 3101 1341 Que ie ſois ſi ſenſible, elle l'eſtant ſi peu?

651 1299 3615 1513 Que ſon cœur ſoit de glace, & le mien ſoit de feu?

1621 1667 2771 1814 PHERORE.

659 2028 3367 2245 Apres auoir acquis des honneurs à la guerre,

663 2196 3515 2415 Qui vous font enuier aux deux bouts de la terre,

666 2384 3361 2599 Succombant dans la paix à d'inuiſibles coups,

670 2565 3434 2783 Vous vouleZ que par tout on ait pitié de vous.

1735 2905 2751 3049 HERODE.

666 3251 3614 3467 L'erreur dont on m'accuſe a troublé de grands hõmes,

664 3419 3614 3651 Soit aux ſiecles paſſez, ſoit au temps où nous ſommes.

666 3621 3150 3825 L'Amour eſt tellement fatal à la valeur,

662 3787 3616 4007 Qu'il n'eſt point de Heros exempts de ce mal-heur;

670 3974 3172 4187 Celuy qui de ſon poil tenoit toute ſa force,

662 4155 3328 4361 Ne ſceut ſi deſtourner de cette douce amorce.

666 4332 3388 4543 Et ce petit Berger qui deuint vn grand Roy,

670 4509 3442 4719 Fut en ſes derniers iours plus inſenſé que moy.

668 4691 3310 4901 Anthoine ſous ce ioug abaiſſant ſon courage,

676 4869 3296 5079 A de moindres clarteZ s'ébloüit dauantage,

664 5034 3374 5275 Pour ſuiure Cleopatre il quitta ſon bon-heur,

684 5211 3442 5437 Et s'embarquant ainſi, fit naufrage d'honneur.

3226 5396 3623 5520 De moy
