3796 5918
546 1175 3494 1550 ARGVMENT

1823 1668 2281 1809 DV

859 1971 3141 2187 PREMIER ACTE.

517 2446 3514 2628 1. Herode s’eſueille en ſurſaut, troublé d’vne viſion eſ¬

663 2608 3512 2812 pouuantable. 2. Son frere & ſa ſœur eſſayent de re¬

658 2774 3514 2970 mettre ſon eſprit de ceſte frayeur, luy repreſentant

658 2936 3514 3134 la vanité des ſonges. 3. Herode ſe recueille en ſoy-

658 3096 3509 3284 meſme, s'aſſeure ſur l’amitié des Romains, & ſur ſa

653 3258 3503 3458 valeur. 4. Puis ceſte crainte eſtant dſſipée, il ſe plaint

665 3418 3493 3618 de l’amour qu’il a pour Mariane, dont il ſouhaiteroit

665 3582 3502 3778 d’eſtre plus aimé. 5. Pherore & Salome s’efforcent

675 3746 3500 3898 en vain de rendre de mauuais offices à cette Princeſ¬

674 3910 3500 4106 ſe. 6. Herode l’enuoye querir par Soeſme, auec deſ¬

676 4066 3488 4264 ſein de l'obliger à prendre plus d'affection pour luy.

3262 5365 3447 5485 LA
