3796 5785
331 936 3026 1174 ADVERTISSEMENT.

1002 1347 3158 1557 E ſujet de ceſte Tragedie eſt ſi con¬

1000 1523 3165 1739 nu, qu'il n'auoit pas beſoin d’argu¬

997 1695 3161 1913 ments. Quiconque a leu Ioſephe, Zo¬

1005 1877 3176 2093 nare , Egeſipe, & nouuellement le

998 2049 3186 2273 Politique mal-heureux, exprimé

204 2237 3177 2461 d’vn ſtile magnifique, par le Reuerend Pere Cauſ¬

189 2415 3175 2641 ſin; ſçait aſſeZ quelles ont eſté les violences d'He¬

217 2595 3183 2816 rode, qui furent fatales aux Innocens, & parti¬

218 2771 3190 2982 culierement à cette Illuſtre Mariane, dont il auoit

226 2943 3182 3170 vſurpé le lict & la liberté, auec la Couronne de

233 3121 3179 3346 Iudée. Ie me fuis efforcé de dépeindre au vif lhu¬

233 3297 3181 3516 meur de ce Prince ſanguinaire, à qui la Nature

243 3473 3184 3694 auoit fait aſſeZ de graces pour le rendre vn des

236 3649 3186 3870 plus grands hommes de ſon ſiecle, s'il neuſt em¬

236 3829 3189 4042 ployé ces merueilleux auantages contre ſa propre

253 3997 3193 4218 reputation, en corrompant des biens ſi purs par le

263 4175 3196 4394 débordement d’vne cruauté ſans exemple, & des

268 4353 3196 4568 autres vices qu'on a remarquez en ſa vie. Voy

268 4527 3202 4740 ceſte peinture en ſon iour, & n'y cherche pas des

249 4697 3207 4920 finiſſemens qui pourroient affoiblir en quelque ſorte

281 4873 3219 5096 la hardieſſe du deſſein: Ie ne me ſuis pas proposé

283 5043 3218 5268 de remplir cét ouurage d’imitations Italiennes, &

2578 5240 2846 5380 ẽ iij
