3796 5876
477 236 606 322 22

561 1156 3516 1511 ARGVMENT

1895 1637 2244 1768 DV

806 1931 3311 2134 SECOND ACTE.

553 2334 3536 2530 1. Mariane ſe plaint des cruautez d’Herode, & deſ¬

704 2496 3542 2692 couure à ſa confidente l’ordre qu’il auoit donné à

706 2663 3529 2848 Soeſme pour s’en deffaire, en cas qu’il ne retour¬

701 2816 3532 3008 naſt pas de Rhodes. 2. Salome l'eſcoute, & fait vn

705 2983 3508 3170 Dialogue auec elle. Puis elle acheue d’encourager,

726 3143 3525 3332 & d’inſtruire l’Eſchançon qui doit l'accuſer. 3. He¬

718 3303 3513 3468 rode chaſſe. Mariane de ſa chambre, donne au¬

715 3451 3508 3650 dience à l'Eſchançon, qui vient luy parler de ceſte

714 3625 3212 3814 impoſture, & ſe prepare à faire ſon procez.
