3796 5856
962 204 3129 414 TRAGEDIE. 17

180 388 3138 614 De moy tous mes deſſeins ſont ſans honte & ſans

343 591 728 710 crime:

172 750 2797 955 Le feu qui me conſume, eſt vn feu legitime;

172 934 2833 1135 Ie n'ay pas des deſirs que l'on puiſſe blaſmer:

177 1112 2684 1314 Car i'aime ſeulement ce que ie dois aimer.

1030 1467 2227 1613 PHERORE.

161 1824 2712 2025 Si dans la paßion d'vne amour coniugale,

163 2004 3017 2207 De la Reine & de vous, l'ardeur eſtoit eſgale:

160 2184 2845 2388 Qui pourroit condamner voſtre reſſentiment?

169 2362 2732 2563 Ou voudroit s'oppoſer à cét embraZement?

161 2540 3110 2744 Mais quoy? voſtre raiſon eſt vrayment endormie;

166 2720 2651 2910 Vous faites vanité d’aimer vne ennemie,

168 2894 2854 3100 Qui pour recompenſer vn traitement ſi doux

173 3078 2700 3278 N'aplique ſon eſcrit qu’a meſdire de vous.

1160 3438 2169 3586 SALOME.

167 3792 2904 3996 Sans mentir cette erreur eſt digne de reproche;

168 3970 2829 4170 Quel plaiſir preneZ vous de cherir vne roche,

170 4148 3054 4353 Dont les ſources de pleurs coulent inceſſamment,

173 4330 3148 4534 Et qui pour voſtre amour n'a point de ſentiment?

1122 4684 2171 4824 HERODE.

175 5036 2394 5236 Si le diuin objet dont ie ſuis idolatre,

212 5213 2987 5421 Paſſe pour vn rocher, c'eſt vn rocher d'albaſtre,

2621 5424 2719 5527 C
