3796 5847
1305 247 2923 421 LA MARIANE,

551 425 3305 638 Et ſi dés ce temps-là mon bras par mille exploits

551 607 3316 818 Domptoit les Nations, & ſoumettoit les Roys.

743 785 3526 990 Que i'ay fait de combats, & gaigné de batailles,

548 966 3468 1176 Que i'ay ſurpris de Forts, & forcé de murailles,

556 1145 3356 1352 Dans vn champ ſpacieux, quand le fruit de Cerés

556 1323 2971 1532 De ſes tuyaux doreZ enrichiſt les guerés,

565 1504 3053 1706 On ne voit gueres plus de iauelles preſſées,

561 1678 3191 1890 Que i'ay veu contre moy de picques heriſſées,

559 1856 3322 2058 Qui voloient en eſclats par tout où ie donnois,

567 2032 3412 2240 Dans la brulante ardeur dont ie les moiſſonnois.

1534 2394 2669 2536 PHERORE.

562 2757 3185 2964 Vos belles actions ſe treuuent ſans pareilles,

549 2933 3525 3144 Iules, quoy que l'on die, auec plus de merueilles,

557 3113 3329 3320 Et par moins de combats & de trauaux diuers,

539 3296 3044 3496 S'eſtoit fait appeller Maiſtre de l'Vniuers.

536 3466 3218 3672 Vous aueZ ſurmonté mille faſcheux obſtacles,

540 3646 3022 3846 Et toute voſtre vie eſt pleine de miracles.

1615 3969 2630 4142 HERODE.

537 4333 3156 4540 Dans ma condition, ie ſerois trop heureux,

533 4512 3208 4716 Si ie n'eſtois preßé d’vn tourment amoureux;

532 4689 3346 4890 D’vn feu continuel, d'vne ardeur ſans meſure,

534 4861 3314 5070 Qui tient inceſſamment mon ame à la torture:

542 5049 2747 5248 Ou ſi ie pouuois vaincre vne ſeuerité

533 5217 2965 5428 Qui s'oppoſe au courant de ma proſperité.
