3796 5814
1034 253 3062 447 TRAGEDIE. 11

106 439 2518 654 Bref voyant qu'il oſoit ainſi s'émanciper,

104 613 2458 832 A la fin i'ay leué le bras pour le fraper:

100 797 2884 1021 Mais penſant de la main repouſſer cét outrage,

94 975 2746 1193 Ie n'ay trouué que l'air au lieu de ſon viſage:

92 1151 2592 1357 Ainſi de violence, & d'horreur trauaillé,

86 1331 2518 1544 Auec vn cry fort haut ie me ſuis eſueillé.

86 1509 3048 1733 Voila quel eſt mon ſonge: & bien que vous en ſem¬

250 1692 468 1841 ble,

74 1869 1404 2060 Salome, qu'en dis-tu?

1054 2244 2029 2397 SALOME.

1177 2613 3003 2814 Moy? Ie dis que i'en tremble:

942 2961 2087 3116 PHERORE.

41 3310 2241 3519 Ie ne celeray pas que i'en ſuis effrayé.

996 3665 1979 3814 SALOME.

29 4014 2809 4240 C'eſt quelque auis du Ciel qui vous eſt enuoyé.

1015 4376 2037 4532 HERODE.

11 4687 2141 4896 L'auis à déchifrer eſt ſi fort difficile,

9 4857 2742 5109 Qu'il n'euſt pû m'obliger d'vn ſoin plus inutile.

2212 5262 2487 5408 B ij
