3796 5906
485 209 2851 398 18 LA MARIANE,

471 395 2999 612 Vn eſcueil agreable, où l'on voit eſclater,

475 581 3233 792 Tout ce que la Nature a fait pour me tenter.

481 753 3399 972 Il n'eſt point de rubis vermeils comme ſa bouche,

485 930 3477 1146 Qui meſle vn eſprit d'ambre à tout ce qu'elle touche,

499 1106 3311 1330 Et l'eſclat de ſes yeux veut que mes ſentimens

493 1291 3406 1508 Les mettent pour le moins au rang des diamans.

1426 1661 2604 1804 PHERORE.

520 2031 2982 2240 La beauté toutefois doit eſtre deſdaignée.

528 2210 3140 2417 Qui de bon naturel n'eſt point accompagnée.

1453 2459 2490 2602 HERODE.

534 2751 3006 2965 Toute ceſte rigueur, vient de ſa chaſteté,

530 2928 3326 3142 Mais ſon humeur hautaine eſt pleine de bonté,

530 3102 3520 3320 Quand le Parthe inhumain prit Hyrcane & Pha¬

690 3322 1024 3498 ſelle,

540 3464 3096 3683 Ie deus ma deliurance à ſon conſeil fidelle:

546 3652 3099 3863 Sans cét inſigne effect de ſa ſecrette amour,

548 3833 3241 4041 Ie perdois à la fois, & Sceptre & le iour;

563 4009 3393 4221 C'eſtoit fait de ma vie, & le traiſtre Antigone,

567 4186 3529 4401 En me foulant aux pieds, remontoit ſur le Throſne.

753 4368 3087 4573 Ceſte obligation me touche tendrement,

573 4550 3105 4753 Et me fait excuſer ſes deſdains aisément;

569 4725 3427 4939 Ie voy beaucoup d'orgueil en ſes beauteZ diuines:

575 4907 3237 5113 Mais on voit rarement des roſes ſans eſpines.

587 5089 2867 5291 Et puis il eſt bien iuſte à dire verité:

579 5260 3145 5477 Qu'elle garde entre vous vn peu de majeſté.
