3796 5856
953 209 3102 426 TRAGEDIE. 15

262 384 2785 608 O bon-heur imparfait! ô rigueur importune,

103 565 3090 799 I'ay pour mes compagnons l'Amour & la Fortune;

96 741 2987 974 Ils ne me quittent point, ils ſuiuent tous mes pas:

91 917 2956 1149 Mais l'vn m'eſt fauorable, & l'autre ne l'eſt pas.

92 1101 3063 1339 L'vn fait qu'à tout vn peuple auiourd'huy ie com¬

254 1284 728 1433 mande,

93 1457 2811 1683 Et l'autre me refuſe vn cœur que ie demande:

84 1643 2908 1865 Vn cœur que ie ne puis ranger ſous mon pouuoir

85 1817 2597 2036 En poſſedant le corps ou ie le ſens mouuoir.

246 1976 2859 2220 Aueugles Deïtez, eſgalez mieux les choſes,

71 2173 2920 2399 Meſlez moins de lauriers auecque plus de roſes,

68 2349 2983 2578 Faites qu'auec plus d’heur, ie ſois moins renommé,

69 2531 2902 2757 Et n'eſtant point ſi craint, que ie ſois plus aimé.

250 2712 3021 2937 C'eſt auecque raiſon que mon humeur eſt ſombre,

62 2887 3032 3115 Ma gloire n'eſt qu'vn ſonge, & ma grandeur

239 3064 1101 3260 qu'vne ombre:

56 3241 2590 3466 Si lors que tout le monde en redoute l'effet,

47 3417 2564 3637 Ie bruſle d’vn deſir qui n'eſt point ſatisfait.

997 3714 1969 3860 SALOME.

46 3961 2737 4182 Depuis qu'en voſtre lict Mariane eſt entree,

51 4135 2272 4345 Et par tant de ſoins elle eſt idolatree:

41 4315 2883 4533 Voſtre Maiſon ſans ceſſe eſt ouuerte aux douleurs;

46 4489 2994 4718 On n'obſerue en vous deux que plaintes & que pleurs

1036 4765 2058 4913 HERODE.

29 5015 2988 5254 Mes plaintes ſont touiours plus iuſtes que ſes larmes.

20 5195 2879 5431 Pourquoy me parut-elle auecque tant de charmes,
