3796 5851
533 155 2795 327 28 LA MARIANE,

533 351 3502 539 On vous a fait des maux, mais pour ne rien celer

534 531 3363 723 On pren beaucoup de ſoin pour vous en conſoler.

1429 768 2603 918 MARIANE.

534 1089 1192 1219 Comment!

1615 1322 2459 1451 DINA.

1228 1623 2437 1811 Le Roy vous aime,

1433 1862 2649 2016 MARIANE.

2022 2155 3492 2300 Il m'aime? ô l'innocente!

1567 2408 2475 2542 DINA.

512 2702 3234 2893 Il ſouſpire touſiours quand vous eſtes abſente,

516 2883 3489 3073 Il vous nomme à toute heure, il conte tous vos pas;

523 3074 2052 3253 N'eſt-ce pas vous aimer?

1410 3310 2620 3458 MARIANE.

2001 3603 3482 3786 Hé quoy? ne ſcay-tu pas

514 3778 3090 3987 Que cette ame infidelle eſt pleine d'artifices,

508 3961 3327 4149 Que ma perte despend de ſes premiers caprices,

515 4137 3471 4329 Et qu'au moindre hazard qu'il s'attend de courir

513 4320 3076 4519 Il ordonne außi-toſt qu'on me face mourir?

522 4490 3251 4689 C'eſt le ſoin principal de cette amour extrême,

519 4674 3045 4865 Et c'eſt à quoy n'aguere il obligeoit Soeſme

515 4854 3090 5041 Lors que tout effrayé pour Rodes il partoit,

518 5032 3141 5217 Redoutant d'y trouuer la mort qu'il meritoit.
