3976 7048
1042 375 2479 537 TRAGEDIE.

3336 410 3494 549 11

931 1035 2735 1233 SCENE IV.

200 1390 3380 1582 PEUCESTAS, ROXANE, HESIONE.

1121 1743 2424 1870 PEUCESTAS.

102 1740 2956 2070 LEonatus arrive, & Perdiccas l’emmeine;

108 2062 3413 2234 Madame, ils ſont déja dans la Chambre prochaine,

117 2232 1745 2390 Vous l’allez voir, il vient.

1324 2392 2272 2530 ROXANE.

1558 2544 3196 2729 Ah quel trouble preſſant!

121 2718 3501 2898 Cachons mieux, s’il ſe peut, ce que mon cœur reſſent.

978 3403 2618 3601 SCENE V.

118 3762 3502 3954 LEONATUS, PERDICCAS, ROXANE,

227 3986 3411 4182 CASSANDER, HESIONE, GARDES.

1227 4372 2410 4497 LEONATUS.

123 4354 3304 4676 AVant que de nous faire une ſanglante guerre

124 4689 3255 4867 Dont les grands intéreſts arment toute la Terre,

131 4851 3449 5013 Madame, & vous Seigneurs, nous devons balancer

149 5023 2929 5193 Ce qui peut la finir, loin de la commencer.

253 5181 3371 5359 Avant que noſtre Armée oſe rien entreprendre,

135 5347 3241 5521 Nous devons ce reſpect aux manes d'Alexandre,

135 5516 2634 5691 De ne pas renverſer un Etat ſi puiſſant

140 5683 2876 5859 Que ſon Bras a rendu ſuperbe & floriſſant.

140 5843 3192 6031 Il faut qu’un grand deſſein ſur l’équité ſe fonde,

160 6013 2866 6199 Il s’agit du deſtin de l’Empire du Monde,
