4085 7250
421 329 2815 549 22 STATIRA,

422 540 3513 755 Peut-eſtre que Roxane en perdant l'eſpérance,

432 722 3204 914 Couronnera mes feux & ma perſéverance,

432 888 3178 1086 Et pour vous engager par de ſi forts liens,

413 1048 3402 1244 J'unis vos intereſts, Madame, avec les miens.

1653 1252 2624 1380 STATIRA.

411 1384 3662 1591 Je reſpire, Seigneur, & commence à comprendre

438 1554 3881 1767 Qu’un Hõme tel que vous poura tout entreprendre;

442 1716 3368 1922 Vous aimez, il ſuffit, & vous avez promis....

438 1886 3862 2101 Mais, Seigneur, cõtre vous quel nombre d'Ennemis?

429 2058 3146 2256 Leonatus peut-il ſeconder voſtre attente?

433 2224 3358 2430 Perdiccas eſt jaloux, & Roxane eſt Amante.

427 2388 2369 2588 Que de périls, grands Dieux!

1450 2592 2829 2730 CASSANDER.

1940 2761 3037 2933 Quoy, Madame?

1628 2928 2679 3069 STATIRA.

2886 3107 3546 3282 Seigneur,

417 3222 3642 3449 Ce grand projet me trouble & me glace le cœur.

413 3412 3348 3622 Quand je trace à mes yeux une fidelle image

407 3580 3447 3785 De mille affreux périls où ce pas vous engage,

399 3752 3293 3955 Je ſoûpire, je tremble, & n'y puis conſentir,

404 3916 3867 4131 Je ne ſçay quels malheurs mon cœur ſçait preſſentir.

408 4092 3058 4251 Dieux! ſi Leonatus dans ſa funeſte envie

412 4264 2988 4460 Payoit ma liberté de ſon ſang, de ſa vie,

403 4422 3862 4635 Qu'il vint tõber ſanglant à mes pieds.... J’en frémis,

399 4600 3528 4800 Et ne veux point, Seigneur, eſtre libre à ce prix.

1472 4783 2829 4922 CASSANDER.

398 4928 3907 5137 Madame, au nom des Dieux, ſoyez moins allarmée,

398 5096 3583 5304 Vous verrez aujourd'huy le Camp de Ptolomée,

388 5270 3554 5472 Laiſſez-moy tout conduire, allez en ce moment,

402 5438 3338 5630 En attendant Arbate, en voſtre Apartement;

387 5606 3518 5801 Là, Madame, dans peu vous le verrez paroiſtre,

373 5770 3547 5976 Un plus long entretien ſeroit ſuſpect peut-eſtre,

388 5942 3443 6123 Si Roxane en ces lieux me trouvoit avec vous,

392 6110 1279 6289 Sa jalouſie....
