4059 7006
1168 452 3520 648 TRAGEDIE. 3

168 634 3497 827 Ce n’eſt donc point ce nom ou mon cœur doit pré¬

483 827 944 972 tendre,

163 966 3269 1158 Seigneur, nous adorons les Veuves d’Aléxandre,

152 1134 3115 1320 Pourquoy le taire encor? pourquoy diſſmuler?

172 1304 2854 1481 Caſſander, il eſt temps d'agir & de parler;

159 1476 2546 1640 J’adore Statira, vous adorez Roxane,

167 1626 2825 1783 Et vous aimez en vain cette fiere Perſane,

158 1764 3049 1965 J’aime en vain Statira, mais il faut découvrir

172 1956 2916 2131 Nos Rivaux trop heureux, & les faire périr;

171 2112 3140 2302 Il faur que noſtre adreſſe à nos forces réponde,

173 2280 3187 2450 Maiſtres de Babylone, il faut l’eſtre du Monde;

172 2446 2791 2619 En vain Leonatus prétend nous aſſieger,

177 2608 3448 2787 Nous ſçaurons le combatre, & meſme nous vanger;

177 2768 3521 2953 Pour gouverner l'Empire où nous devons prétendre,

172 2936 2965 3097 Il faut nous aſſurer des Veuves d’Aléxandre,

178 3098 2986 3279 Et fondez ſur des droits juſtes & ſouverains,

173 3268 2946 3443 Partager ſon Empire & celuy des Humains.

1193 3443 2519 3570 CASSANDER.

182 3590 3115 3772 Ce procedé, Seigneur, me paroît trop ſincere,

172 3754 3458 3935 Pour cacher plus longtemps ce que j’ay voulu taire?

183 3922 3136 4090 Oüy, j’adore Roxane, & ſon cœur orgueilleux

176 4080 2927 4251 Dédaigne mes ſoûpirs, & rejete mes vœux;

182 4248 2926 4419 Fiere d’avoir un Fils auſſi-bien que Barſine,

181 4408 2984 4577 Roxane à l’Univers pour Maiſtre le deſtine,

177 4570 3119 4752 Sans ſonger que ce Fils né d’un ſang ennemy,

176 4734 2791 4911 Le Fils d’une Perſane eſt Eſclave à demy,

188 4892 3168 5070 Et que la Macédoine a des Peuples trop braves

177 5060 3206 5234 Pour ſe faire des Roys du ſang de leurs Eſclaves;

177 5226 3371 5399 Mais puis que nous voyons ces Trônes, ces Etats,

182 5386 3125 5566 Payez de noſtre ſang, & conquis par nos bras,

178 5554 3372 5723 Nous pouvons entre nous les partager ſans crime,

177 5714 3062 5889 Puis qu’il n’a point laiſſé d’Heritier légitime,

169 5872 3019 6033 Les armes à la main, nous ferons voir à tous

168 6034 3380 6215 Qu'Aléxandre n’a point de Succeſſeurs que nous.

2690 6220 3044 6428 A ij
