4085 7057
1258 366 3666 609 TRAGEDIE. 27

1319 587 2661 735 CASSANDER.

1094 733 3263 945 Demeurer, j'en puniray l’Auteur;

260 871 3498 1118 Mais peut-eſtre qu’auſſi par de fauſſes allarmes....

1447 1085 2494 1229 HESIONE.

261 1208 3322 1447 Non, Seigneur, Perdiccas a déja pris les armes,

264 1374 3069 1605 Et par un grand Combat pres de la Porte....

1477 1670 2429 1808 ROXANE.

2861 1851 3300 1986 Helas!

258 1956 2997 2170 Seigneur, allez, courez ſoútenir Perdiccas,

258 2124 3269 2360 Prenez ma Garde encor, & joignez-y la voſtre,

259 2296 868 2433 Partez....

1271 2493 2596 2640 CASSANDER.

715 2724 3642 2962 Voſtre intéreſt n’eſt que trop joint au noſtre,

242 2872 3263 3116 Repoſez vous ſur moy, Madame, & demeurez,

232 3049 910 3222 J’y cours.

1467 3248 2412 3396 ROXANE.

851 3395 3170 3610 Rendez le calme à mes ſens égarez;

237 3546 3648 3794 Sur tout, ſi vous m’aimez, Seigneur, quoyqu’il arrive,

228 3705 3253 3946 S’il ſe peut, en ces lieux ramenez ma Captive.

1057 4330 2865 4573 SCENE VI.

697 4719 3245 4957 ROXANE, HESIONE.

1458 5090 2404 5240 ROXANE.

217 5056 3015 5449 LEonatus ſans-doute a formé ce deſſein,

224 5380 3239 5618 Ce grand coup, Heſione, eſt party de ſa main,

215 5550 3234 5798 Ils s’aiment, avecque elle il eſt d’intelligence,

213 5710 3000 5945 Et tantoſt ſa fierté marquoit ſon aſſurance.

214 5876 2999 6095 Ciel! avec quelle audace il nous a demandé

228 6042 2999 6285 Ce que déja luy-meſme il s’eſtoit accordé?

2748 6283 3112 6496 C ij
