3962 7074
443 376 2712 582 20 STATIRA,

429 568 3233 777 Le ſeul Leonatus qui veut briſer ma chaîne,

439 745 3194 907 Redouble de Roxane & l’amour & la haine,

445 903 3220 1095 Et la force à la main, pour me tirer des fers,

436 1072 3277 1225 Veut contre Perdiccas armer tout l’Univers.

436 1231 3205 1425 Je tremble qu’il n'expoſe une ſi chere Teſte

445 1392 3123 1583 A cent périls afreux où ſa valeur s’apreſte,

449 1550 3498 1749 Et que pour me vanger, ou pour me conquérir,

454 1722 3054 1919 Ce Héros ne ſe mette en danger de périr.

1719 1990 2606 2115 CLEONE.

450 2136 2638 2317 Madame, Caſſander vient à nous.

1661 2402 2644 2531 STATIRA.

2564 2547 3368 2701 Ah! Cleone,

454 2729 1247 2885 Que veut-il?

1338 3290 2988 3506 SCENE II.

674 3679 3676 3888 CASSANDER, PEUCESTAS.

1581 3895 2689 4066 STATIRA.

1486 4196 2832 4340 CASSANDER.

1116 4188 3430 4548 JE le voy, mon abord vous étonne,

473 4510 3698 4711 Mais je viens yous aprendre un projet important.

1661 4776 2628 4908 STATIRA.

473 4947 1262 5121 Quoy donc?

1514 5096 2840 5239 CASSANDER.

1299 5327 3448 5505 Leonatus, Madame, vous attend,

478 5488 3498 5695 Un ſemblable intéreſt nous unit l’un & l'autre,

498 5652 3263 5843 Il m’a dit ſon ſecret, & je connois le voſtre,

493 5821 3191 6007 Il vous faut aujourd’huy rendre la liberté,

503 5986 3156 6187 Et vous faire ſçavoir ce que j’ay concerté.
