4085 7126
401 336 597 521 26

1545 382 2789 568 STATIRA,

416 580 3288 758 Et que mon propre bras à mon amour fatal,

416 750 3060 928 Perde voſtre Rivale, & ſerve mon Rival;

415 918 3400 1104 Bien loin de le haïr, ſon amour vous outrage,

425 1092 3153 1272 Et vous en ſoûpirez de douleur & de rage;

415 1256 3399 1448 Faites mieux. Puniſſez qui vous oſe outrager,

424 1424 3433 1616 Et donnez à mon bras le ſoin de vous vanger;

424 1600 3792 1781 Vous l'aimez, & l’Ingrat peut-il en aimer d’autres?

424 1768 3758 1947 Peut-on eſtre touché d'autres yeux que des voſtres?

434 1930 3282 2106 Madame, ſi ce Prince adoroit vos attraits,

433 2104 3492 2288 Tout mon Rival qu’il eſt, je luy pardonnerois;

433 2262 3898 2453 Mais pour luy pardonner vous n’avez point d’excuſe,

415 2440 3479 2620 Je luy veux arracher ce cœur qu’il vous refuſe,

445 2616 3307 2788 Et pour voir aujourd’huy ſes crimes expiez,

438 2776 3591 2966 Vous l’aporter ſanglant, & le mettre à vos pieds.

1716 2969 2680 3088 ROXANE.

440 3122 3754 3297 Je ne veux point, Seigneur, de pareilles Victimes,

406 3292 3444 3458 Un ſoûpir ſeul pouroit expier tous ſes crimes,

453 3460 3916 3635 Vous m’aimez, je vous plains, je ne puis rien de plus.

463 3630 3867 3801 à part. Ah Dieux! que Caſſander n’eſt il Leonatus,

473 3798 3567 3974 Ou que Leonatus changeant de cœur & d’ame,

469 3966 3605 4140 N’a-t-il de Caſſander les tranſports & la flame?

1352 4567 3080 4774 SCENE V.

482 4849 3971 5062 HESIONE, ROXANE, CASSANDER.

1694 5170 2738 5292 HESIONE.

478 5155 3493 5492 MAdame, Statira n’eſt plus dans le Palais,

504 5490 3355 5668 On vient de l’enlever par des ordres ſecrets,

498 5652 3556 5846 Pluſieurs Gardes gagnez ont fait cette ſurpriſe,

508 5822 3892 6009 Mais on ne connoît point l'Autheur de l'entrepriſe.

1781 6009 2773 6148 ROXANE.

523 6172 3704 6355 Il périra, le Traiſtre. Allons, ſortons, Seigneur,

533 6348 1567 6533 Empeſchons....
