4085 7152
1153 356 2588 549 TRAGEDIE.

564 1721 3316 2155 ACTE III.

448 2431 3454 2773 SCENE PREMIERE.

757 2934 3228 3172 STATIRA, CLEONE.

1372 3281 2358 3421 STATIRA.

975 3461 3676 3679 LEONE, en cet inſtant, quel eſpoir m'eſt

1288 3642 1863 3816 permis?

960 3799 3700 4011 Leonatus eſt ſeul contre mille Ennemis;

190 3940 3019 4162 Preſſé de tous coſtez, à mille traits en bute,

198 4114 3434 4352 Quel ſecours, ou quel Dieu peut retarder ſa chute?

203 4286 3098 4511 Caſſander l'a trahy ſans-doute, & Perdiccas

192 4450 3133 4680 M'enferme en ce Palais, & vole à ſon trépas;

184 4624 3342 4843 Son bras & ſa valeur l’ont trop fait reconnoître,

193 4798 3413 5024 On l'attaque, on le preſſe, il ſuccombe peut-eſtre;

174 4957 3348 5187 Quelle horreur ſe répand dans mes ſens éperdus!

179 5134 3487 5366 Mon Amant eſt Captif, ou peut-eſtre il n’eſt plus,

168 5295 3113 5533 Son deſeſpoir marquoit ſa trop funeſte envie,

159 5443 2922 5690 Il ne combatoit plus pour défendre ſa vie,

154 5633 2871 5849 Et ſi-toſt qu’il a veu Perdiccas m'enlever,

149 5801 2816 6026 Il a voulu la perdre, & non pas la ſauver.

144 5969 3557 6211 Dieux! le nombre l'accable, & ç'en eſt fait ſans doute,

133 6140 3168 6384 Voila ce qu'aujourd'huy ſa tendreſſe luy coûte;
