4033 7232
567 325 2902 536 14 STATIRA,

1393 626 3182 805 ROXANE à Caſſander.

536 856 3519 1051 Je ne ſçay; mais, Seigneur, quoy qu’il arrive,

535 1024 3398 1214 Roxane & Perdiccas la retiendront captive.

1692 1306 2927 1436 LEONATUS.

537 1544 3942 1753 AH Madame! ou les Dieux n’auront point d’équité,

550 1726 3005 1902 Ou nous l'arracherons à la captivité.

541 1894 3130 2081 Au lieu de prévenir une funeſte guerre,

541 2062 3717 2244 Vous allez l’allumer aux deux bouts de la Terre,

552 2232 1191 2370 Madame.

1811 2418 2766 2551 ROXANE.

1105 2741 3872 2930 Et nous, Seigneur, nous ſçaurons ſoûtenir

560 2905 3539 3101 Ces éclats dangereux que l'on peut prévenir.

540 3076 3275 3257 Vous pouvez cependant aſſurer Ptolomée

551 3241 4006 3441 Que nous ne craignons point ny luy, ny ſon Armée.

726 3423 1495 3555 à Perdiccas.

551 3595 1858 3767 Sortons, Seigneur.

1369 4197 3218 4406 SCENE VI.

751 4599 3852 4805 CASSANDER, LEONATUS.

1658 4963 3023 5097 CASSANDER.

1417 5123 3889 5486 JE voy qu'on nous brave tous deux,

566 5455 3293 5638 Roxane nous inſulte & mépriſe mes feux,

572 5631 3628 5815 Perdiccas m’abandonne & s’unit avecque elle,

561 5797 3668 5989 Je les quite, Seigneur, & prens voſtre querelle,

576 5969 3201 6149 Dans une heure je puis délivrer Starira,

571 6135 3440 6336 Ou dans ce grand deſſein Caſſander périra.
