4085 7006
1206 445 3695 725 TRAGEDIE. 7

229 641 3245 889 J'ay remarqué toûjours qu’envieux de ſa gloire

241 805 3203 1046 Sans ceſſe vous tâchez d’obſcurcir ſa mémoire;

232 975 2881 1202 Je n’examine point le caprice des Dieux,

235 1137 3199 1382 Ils ont eu leurs raiſons pour l’oſter à nos yeux.

233 1299 2849 1536 Dûſſay-je m’attirer l'éclat de leur colere.

231 1465 3449 1716 Il fiſt ſeul ce qu’eux tous auroient eu peine à faire,

226 1633 2993 1867 Et ſans-doute ces Dieux de ſa gloire jaloux

229 1789 3135 2041 N’ont pû ſouffirir qu’il fuſt adoré parmy nous.

217 1965 3243 2209 J’en dis trop. Mais enfin pour reparer la gloire

218 2133 3111 2362 D'un Demy-Dieu, je dois élever ſa mémoire;

218 2293 3043 2529 Et vous devez ſonger qu’apres un tel Epoux

206 2459 3153 2695 Je ne puis m’abaiſſer d’en choiſir parmy vous,

206 2623 3607 2874 Qu’ayant mõté ſi haut, mon cœur ne peut deſcendre,

208 2788 3015 3027 Et qu'il faut à Roxane un ſecond Aléxandre.

202 2957 1485 3121 En eſt-il un encor?..

1232 3145 2619 3317 CASSANDER.

1844 3332 2897 3480 Le ſeul Leonatus

192 3450 2969 3687 Sort du ſang d’Aléxandre, il en a les vertus;

188 3614 2907 3838 Mais Statira, Madame, à vos deſirs fatale,

184 3784 3371 4030 Peut-eſtre dans ſon cœur vous donne une Rivale;

174 3944 2993 4184 Le ſang de Darius qui vous donna des Loix,

174 4112 2903 4332 Sa beauté, ſon mérite, autoriſent ce choix.

1414 4308 2365 4461 ROXANE.

172 4436 3551 4694 Vous pourrez donc, Seigneur, en la trouvant ſi belle,

164 4606 3083 4846 Luy préſenter vos vœux, & ſoûpirer pour elle,

164 4778 3023 5011 De ſa gloire mon cœur ne ſera point jaloux,

160 4936 2965 5170 Et meſme je conſens à luy parler pour vous.

1194 5141 2529 5297 CASSANDER.

150 5268 3539 5522 A luy parler pour moy! Juſtes Dieux! Mais, Madame,

148 5438 3105 5673 Vous ne ſçavez que trop le ſecret de mon ame,

126 5605 2891 5840 J’attens Leonatus; peut-eſtre que ſon cœur

130 5754 3119 5990 Découvrant ſes deſſeins, fera voir mon erreur;

134 5932 2839 6169 Mais ſi pour Starira j’avois l’ame inquiete,

116 6101 3037 6341 Je ne vous prîrois pas d’eſtre mon Interprete,
