4085 7205
3411 469 3645 637 19

1079 403 2481 585 TRAGEDIE.

181 594 2617 798 Il fallut obeïr cependant, & mon ame

187 770 3155 981 Par un triſte devoir ſçeut combatre ma flame,

176 932 2668 1139 Et de Leonatus effaçant tous les traits,

176 1098 3044 1312 Luy dire en ſoúpirant un adieu pour jamais.

176 1272 3588 1490 Depuis, grace aux Dieux, mon cœur pour luy moins

180 1428 3589 1655 A ſoútenu le nom d'Epouſe d'Aléxandre; (tendre,

166 1608 2543 1799 Une vertu ſevere, un auſtere devoir,

171 1772 3079 1976 M’ont cent fois arrachée au plaiſir de le voir;

171 1938 3115 2143 Loin de luy je tâchois d’étouffer ma tendreſſe,

159 2108 2867 2311 Je l'évitois helas! & le trouvois ſans ceſſe.

159 2276 3067 2488 Le Roy qui luy donnoit comme à ſon Favory

160 2440 2926 2648 Le rang d’Epheſtion qu’il avoit tant chery,

164 2610 2758 2808 Vit que Leonatus me faiſoit de la peine,

162 2782 2998 2990 Et me crut pour ce Prince une ſecrete haine,

162 2942 3170 3157 Et ſouvent malgré luy l’amenant devant moy.

156 3114 3050 3322 M'arrachoit des ſoúpirs qu'il voloit à ma foy,

151 3282 3189 3486 Souvent il me prioit dans ſa tendreſſe extréme

151 3448 3360 3652 D’aimer Leonatus comme il l’aimoit luy-meſme.

151 3614 2955 3827 Moy, qui dans cet inſtant eus voulu la haïr,

145 3779 2669 3985 Cleone, je tremblois de luy trop obeïr,

141 3941 3169 4133 Et ce Prince confus des bontez de ſon Maiſtre,

140 4115 3050 4320 M’évitoit auſſitoſt qu’il me voyoit paroiſtre.

1388 4312 2344 4451 CLEONE.

136 4447 3404 4661 Mais, Madame, à préſent qu’Aléxandre n’eſt plus;

136 4615 2966 4821 Vous pouvez ſans ſcrupule aimer Leonatus;

125 4779 3404 4999 Un Prince de ſon ſang peut apres luy prétendre....

1314 4981 2355 5115 STATIRA.

113 5111 3035 5326 Je puis, ſans offencer les manes d’Alexandre,

117 5289 2995 5495 Ranimer aujourd’huy dans mon cœur abatu

111 5457 2875 5660 Un amour immolé longtemps à ma vertu;

113 5629 2827 5818 Mais Roxane a trouvé Leonatus aimable,

106 5787 3114 5995 Et ma flame à ſes yeux me va rendre coupable;

116 5961 2722 6154 Cleone, elle peut tout, les Macédoniens

108 6123 3090 6347 Prennent ſes intereſts, & négligent les miens.
