4085 6923
583 400 2864 592 2 STATIRA,

573 588 3154 763 Le fier Leonatus, Cratere, & Ptolomée,

588 759 3512 937 Ont mis dans leur party la moitié de l'Armée,

588 925 3497 1099 On veut nous aſſieger, mais on voit Seleucus,

597 1092 3091 1265 Eumenes, Alcetas, Python, Antigonus,

581 1246 3666 1423 Qui ſoûtenant le droit où voſtre eſpoir ſe fonde,

578 1412 3310 1583 Veulent vous élever à l'Empire du Monde;

582 1572 3205 1753 L’imbécille Philipe eſt-il né pour régner?

579 1736 3130 1915 Les Macédoniens ont ſçeu le dédaigner.

584 1899 3492 2073 Bien que Fils de Philipe & Frere d'Aléxandre,

586 2055 3541 2241 Eſt-il digne du ſang dont on l’a veu deſcendre?

593 2227 3603 2393 Peut-il ſeul commander à cent Peuples vaincus,

605 2390 3216 2533 Et Frere d'Aléxandre en a t-il les vertus?

602 2546 3846 2725 Ce n’eſt point luy qu’au Trône Aléxandre déſigne,

602 2714 3751 2887 Ce Monarque en mourant le remet au plus digne,

597 2866 3741 3023 Par là ſans vous nommer il vous nomme en effet,

598 3039 3378 3215 Et ſcelle de ſa main le don qu'il vous en fait.

1662 3301 2923 3423 PERDICCAS,

591 3531 3578 3715 Je ſçais trop d’Aléxandre honorer la mémoire,

616 3700 3688 3881 Seigneur, pour me flater de tant de vaine gloire;

610 3862 3755 4047 Il eſt vray que ſon choix ſemble tomber ſur moy,

617 4031 3402 4201 Mais apres ce Héros peut-on élire un Roy?

608 4183 3956 4361 Quand la Terre a perdu ſon Vainqueur & ſon Maître,

616 4347 3465 4525 Eſt-il un Succeſſeur qu'elle puiſſe connoître?

625 4508 3669 4695 Le préſent qu'il m’a fait n'a point dû m'ébloüir,

617 4681 3000 4855 Il peut eſtre fatal à qui veut en joüir;

616 4833 3568 5013 Quand de la Macédoine Alexandre eut l’élite,

630 4995 3511 5175 Il avoit moins de Chefs que de Roys à ſa ſuite,

625 5158 3666 5345 Et ce Héros vainqueur des Medes, des Perſans,

630 5324 3860 5501 Ne nommoit plus de Roys que par ſes Lieutenans.

722 5483 3971 5683 Je n’ay donc point voulu me parer d’un vain Titre,

641 5651 3615 5829 De tous ſes Succeſſeurs je veux eſtre l’Arbitre,

639 5814 3340 5999 J’en ay fait nommer un pour le faire haïr,

654 5975 3468 6167 Et n’ay choiſy qu’un Roy qui me ſçeut obeïr
