4085 7277
428 426 2798 650 8 STATIRA,

415 648 3720 842 Et peut-eſtre mes vœux ſeroient-ils mieux reçeus,

410 806 2873 1012 Si je faiſois pres d'elle agir Leonatus?

408 988 3646 1182 Ce trait vous eſt ſenſible, & vous frape, Madame,

389 1160 3730 1350 Je connois dans vos yeux le trouble de voſtre ame,

398 1326 3431 1520 Mais enfin dans les miens voyez à voſtre tour,

399 1502 3340 1690 Avec mon deſeſpoir, ma rage & mon amour.

1680 1687 2636 1816 ROXANE.

398 1830 3729 2028 Caſſander, vous pouſſez trop loin voſtre inſolence,

403 2000 3310 2197 C'eſt à vous devant moy de garder le ſilence,

394 2166 3309 2373 Et ſans aprofondir qui j’aime, ou qui je hais,

384 2348 3225 2539 Ayez plus de reſpect, & n’en parlez jamais,

393 2518 1294 2658 Retirez-vous.

1446 2698 2823 2832 CASSANDER.

1343 2859 3630 3044 Hé bien? Je vous quite, Madame,

383 3012 3601 3216 Vous ſçavez mon ſecret, je connois voſtre flame,

374 3186 3355 3380 Il ſuffit. Mais enfin ſi mes voeux ſont déçeus,

373 3354 2958 3547 Dans peu je ſerviray ceux de Leonatus.

1154 4104 3051 4314 SCENE III.

799 4510 3328 4713 ROXANE, HESIONE.

1605 4858 2578 5013 ROXANE.

598 5015 3746 5217 L'Orgueilleux Caſſander ſe déclare, & me brave,

325 5185 3526 5387 Luy, qui de mon Epoux eſtoit preſque l’Eſclave,

324 5351 3149 5546 Il inſulte à ſa gloire, & ſans reſpecter rien,

339 5527 3350 5716 M'oſe parler en Maiſtre, & veut eſtre le mien;

340 5695 3089 5878 Il vient avec fierté me découvrir ſa flame,

344 5861 3089 6048 Il veut aprofondir le ſecret de mon ame,

339 6033 3358 6228 J'en rougis, Heſione, & mes ſens trop émeus

350 6210 2883 6400 Au nom de ma Rivale & de Leonatus,
