4085 7100
487 429 2845 668 4 STATIR A,

1557 665 2907 809 PERDICCAS.

496 798 3754 1021 Nos deſſeins ſont pareils ainſi que nos tendreſſes,

486 968 3952 1187 Mais, Seigneur, il s’agit du cœur des deux Princeſſes,

476 1138 3946 1351 Nous aimons l'un & l'autre, & peut-eſtre tous deux

484 1304 3776 1522 Nous aurons meſme fort pour de ſemblables feux;

477 1472 3158 1665 J'ay ſauvé Statira des fureurs de Roxane

475 1640 3140 1826 En bute aux cruautez de la fiere Perſane,

485 1808 3314 2008 Cette illuſtre Princeſſe auroit perdu le jour

471 1972 3551 2183 Sans les ſoins empreſſez qu’elle doit à l’amour;

469 2132 3237 2343 Nous devons penétrer quelle jàlouſe envie

479 2300 3261 2488 L'a fait inceſſamment armer contre ſa vie,

475 2470 3263 2682 Peut-eſtre qu’un Rival aimé de toutes deux

475 2636 3237 2835 Leur a fait rejeter nos ſervices, nos vœux;

485 2808 3243 3014 Starira malgré moy veut ſuivre Ptolomée,

486 2966 3269 3136 Peut-eſtre ce Rival eſt-il dans ſon Armée?

476 3132 3761 3349 Leonatus peut-eſtre, ah! Seigneur, j'en frémis....

1554 3312 2886 3474 CASSANDER.

480 3474 3472 3684 Oüy, c'eſt le plus mortel de tous vos Ennemis,

476 3640 3364 3847 Leonatus, Seigneur, dans le party contraire

476 3796 3938 4026 Sans-doute eſt ce Rival que leur cœur nous préfere?

1572 4007 2864 4137 PERDICCAS.

464 4136 3742 4351 Je ſçais trop, à ſon nom, & mes yeux me l'ont dit,

460 4312 3040 4507 Que Statira ſoûpire, & Roxane rougit;

464 4474 3242 4678 C’eſt aſſez pour tirer de fortes conjectures,

477 4632 3782 4850 Penétrons leurs deſſeins pour prendre nos meſures,

463 4810 3110 5004 Il faut a profondir ce miſtere en ce jour,

453 4984 2820 5179 Icy la politique eſt unie à l’Amour.

487 5144 3199 5343 Roxane vient, parlez, l'occaſion eſt belle,

451 5306 3747 5527 Seigneur, je me retire, & vous laiſſe avecque elle.
