4085 7152
1186 315 3677 510 TRAGEDIE. 33

1132 1014 2742 1237 SCENE II.

330 1405 3592 1630 PERDICCAS, STATIRA, CLEONE.

1411 1775 2406 1903 STATIRA.

891 1766 3602 2118 SEigneur, que venez-vous m’aprendre?

214 2092 2842 2272 Avez-vous aſſouvy voſtre in juſte fureur?

208 2240 3681 2453 Avez vous immolé, grands Dieux! mon Défenſeur,

224 2433 1992 2612 Ce Héros qui pour moy....

1292 2698 2604 2835 PERDICCAS.

1736 2929 3547 3120 Vous le pleuriez, Madame,

224 3105 3107 3290 Il eſt vivant. Je voy le plaiſir de voſtre ame,

224 3269 3026 3461 Et que vous aſſurant de ſes jours, je prévois

214 3431 3130 3623 Que vous m’écouterez pour la premiere fois.

224 3573 3552 3798 Oüy dans l’heureux inſtant que je vous ay repriſe,

228 3768 2982 3953 Et qu’il alloit payer ſa coupable entrepriſe,

214 3940 3239 4131 Que tout couvert du ſang de qui l’environnoit,

204 4077 3688 4297 J’ay connu mon Rival aux grãds coups qu'il dõnoit,

212 4283 3047 4460 Madame, je luy dois rendre ce témoignage,

208 4447 3521 4634 Tout mon Rival qu'il eſt, j’admirois ſon courage,

224 4614 3014 4789 Et preſt à le combatre, helas! j’eſtois jaloux

213 4780 3471 4971 Que tout autre que moy voulut mourir pour vous.

214 4936 3284 5124 Mais Roxane en ces lieux par l’amour amenée,

203 5114 3002 5289 A ſuivy le panchant dont elle eſt entraînée,

220 5284 3299 5458 Et malgré mille traits s’eſtant miſe entre nous,

218 5447 2638 5625 A dérobé ſa vie à mon juſte couroux;

219 5606 3363 5796 Cependant pour ſes jours ne ſoyez plus en peine,

214 5754 3220 5947 Ils ſont eu ſeûreté dans les mains de la Reyne.

219 5941 3156 6127 Vous frémiſſez, Madame, & voſtre joye enfin

223 6111 3166 6317 Se diſſipe & ſe change en un ſombre chagrin.
