4085 7152
513 399 2892 653 6 STATIRA,

494 613 3466 830 Le Pont, la Macédoine, ou tant d'autres Païs

483 791 3783 1015 Où nous pourions dans peu couronner voſtre fils;

462 955 3453 1196 Mais il faut à ce Fils un Tuteur qui ſoûtienne

468 1131 3256 1343 Toute voſtre grandeur unie avec la ſienne.

468 1301 3414 1524 Voyez, examinez, s'il n’eſt point parmy nous

459 1463 3528 1703 De Prince, ou de Héros qui ſoit digne de vous.

459 1623 2091 1820 Ne pouvez-vous choiſir?

1747 1846 2702 1987 ROXANE.

1896 2012 3570 2200 Hé qui pouroit prétendre

433 2133 3630 2369 A remplir dans mon cœur la place d'Aléxandre?

441 2311 3305 2536 Pourois-je m’abaiſſer à ſouffrir qu’en ce lieu

434 2475 3471 2706 Un Mortel uſurpaſt le rang d'un Demy-Dieu?

1485 2680 2874 2822 CASSANDER.

414 2814 3616 3041 Hé! Madame, les Dieux que ce diſcours offence,

423 2987 3796 3218 Par ces raiſons peut-eſtre ont haſté leur vangeance,

405 3154 3309 3372 Irritez qu’un Mortel juſques ſur leurs Autels

400 3326 3349 3543 S'oſaſt placer vivant au rang des Immortels;

398 3486 3488 3715 Leur juſtice a fait voir que ce grand Alexandre,

400 3664 3576 3874 Ce Fils de Jupiter, n’eſtoit qu’un peu de cendre,

395 3830 3333 4049 Pardonnez un diſcours qui ſemble injurieux;

395 3996 3379 4207 Mais icy Caſſander prend la cauſe des Dieux.

400 4162 3541 4376 Ne l’avons-nous pas veu par ce nouveau caprice

386 4336 3222 4541 Ayant de ſon orgueil la Fortune complice,

389 4470 3660 4723 Rougir de paroiſtre Homme, & pour le démentir,

371 4670 3083 4875 Deſavoüer le ſang dont on l'a veu ſortir?

377 4834 3645 5049 Et ſans-doute qu’un jour ce Vainqueur teméraire

386 5004 2958 5209 Auroit deſavoüé Jupiter pour ſon Pere,

382 5178 2628 5371 Si ſon ambition avoit pû le flater

385 5334 3602 5565 De trouver quelque Dieu plus grand que Jupiter.

1637 5536 2581 5676 ROXANE.

374 5658 3827 5900 Vous ne le craignez plus, mais s’il vivoit, peut-eſtre

380 5832 3452 6059 Vous ne parleriez pas ſi haut de voſtre Maiſtre,

382 6004 3566 6216 Caſſander, & ſon nom vous auroit fait trembler,

367 6168 3546 6412 lors qu’un de ſes regards vous pouvoir accabler.
