4085 6931
1555 340 2736 502 PREFACE.

478 526 3815 792 d'Aléxandre, pour Amant de Starira; mais

445 766 3806 1020 j'ay eu des raiſons aſſez fortes pour le faire.

487 1006 3809 1248 Leonatus estoit un Prince du ſang d'Alé¬

490 1238 3823 1500 xandre, fort illuſtre par ſes exploits. Il

481 1470 3794 1724 avoit commandé en chef pluſieurs fois les

483 1698 3801 1952 Armées d'Alexandre; il luy avoit ſauvé la

474 1934 3823 2192 vie dans la Ville des Oxydraques, & ce fuſt

465 2166 3798 2420 luy qui fuſt envoyé apres la Bataille d’Iſſus

468 2402 3793 2656 dans les Tentes des Princeſſes, pour les aſ¬

434 2630 3816 2888 ſurer de la vie de Darius, qu'elles croyoient

461 2878 3806 3140 mort. C'eſt dans cette entreveuë où j'ay fait

460 3102 3813 3364 naître leur tendreſſe, & cet endroit a paru

462 3330 3804 3596 aſſez beau, il partagea l’Empire du Monde

457 3574 3794 3812 avec tous les Succeſſeurs d'Alexandre; &

464 3810 3801 4068 quoy qu’il ne faſſe pas une grande figure

459 4038 3792 4284 dans le Roman, il en fait une aſſez

449 4274 3802 4528 grande dans l'Hiſtoire, & il me doit ſuffire

456 4514 3789 4752 qu’il ſoit celebre dans Quinte-Curſe &

459 4714 3820 5000 dans Juſtin. J’avouë que ſi j’avois meſlé

457 4974 3791 5232 un peu plus de politique dans les ſentimens

468 5182 3813 5460 de ſi grands Hommes, le Sujet n'en eut eſté

467 5442 3792 5696 que mieux, mais quelquefois la tendreſſe

473 5678 3807 5932 nous emporte plus loin qu’il ne faut. I'ay

476 5902 3789 6164 changé quelques circonſtances en la mort de
