4085 7126
405 330 2782 572 32 STATIRA,

423 557 3390 745 Cleone, chaque inſtant redouble mon effroy,

420 705 3729 915 Les traits qui vont à luy ſemblent tomber ſur moy:

429 896 3636 1083 C’eſt moy qui l'ay perdu, malheureuſe Princeſſe,

424 1073 3302 1249 Pourquoy Leonatus eut-il tant de tendreſſe?

430 1236 3557 1417 Sans mes coupables yeux il n’eut rien entrepris;

443 1406 3158 1583 Faut-il qu’il en reçoive un ſi funeſte prix?

434 1569 3434 1751 Que ſon a me ait eſté pour moy trop enflâmée?

438 1728 3661 1915 Il n'auroit point péry, s’il m'avoit moins aimée.

1697 1926 2614 2048 CLEONE.

440 2071 3882 2253 Non, Madame, les Dieux prendrõt ſoin de ſes jours,

435 2243 3299 2423 J'ay veu de loin voler Roxane à ſon ſecours,

439 2411 3896 2593 Son cœur (n’en doutez point) dãs ce péril extréme,

440 2577 3803 2767 L’entraîne & la cõduit pour ſauver ce qu’elle aime;

445 2750 3071 2925 Elle ſçaura calmer la fureur des Soldats,

439 2915 2878 3091 Et dérober ſa vie au fer de Perdiccas;

448 3088 2175 3273 Oüy, Madame, eſpérez....

1663 3268 2677 3396 STATIRA.

2281 3413 3410 3591 Eſpérance fatale!

458 3588 3497 3793 Quoy, mon Amant dévroit la vie à ma Rivale?

463 3757 3426 3933 Ciel, en me raſſurant, tu redoubles ma peur,

468 3923 3286 4111 Et pour me conſoler, tu me perces le cœur.

468 4097 3281 4277 Cruelle, voy mon ame également atteinte,

469 4246 3488 4445 Frémir de l'eſpérance autant que de la crainte,

472 4428 3488 4605 L’une & l’autre m’accable, & me fait ſoûpirer;

468 4589 3821 4789 Hélas! que dois-je craindre, ou que dois-je eſpérer?

473 4766 3656 4951 Mais je voy Perdiccas, & je crains de l'entendre,

468 4935 1462 5095 Il vient à nous.
