<?xml version="1.0" encoding="UTF-8"?>
<PcGts xmlns="http://schema.primaresearch.org/PAGE/gts/pagecontent/2013-07-15" xmlns:xsi="http://www.w3.org/2001/XMLSchema-instance" xmlns:xs="http://www.w3.org/2001/XMLSchema" xmlns:pr="http://schema.primaresearch.org/PAGE/gts/pagecontent/2013-07-15" xsi:schemaLocation="http://schema.primaresearch.org/PAGE/gts/pagecontent/2013-07-15 http://schema.primaresearch.org/PAGE/gts/pagecontent/2013-07-15/pagecontent.xsd">
  <Metadata>
        <Creator/>
        <Created>2019-01-31T12:40:51.636+01:00</Created>
        <LastChange>2019-05-16T22:11:37.154+02:00</LastChange>
        <Comments>
                Measurement unit: pixel
                PrimaryLanguage: English
                Language: FrenchStandard
                Language: EnglishUnitedStates
                Producer: ABBYY FineReader Engine 11</Comments>
        <TranskribusMetadata docId="188360" pageId="7477936" pageNr="48" tsid="13145867" status="DONE" userId="10612" imgUrl="https://files.transkribus.eu/Get?id=INUDTMYOCIEAUCYGHNMKOPVR&amp;fileType=view" xmlUrl="https://files.transkribus.eu/Get?id=FAQCNIUKJTXTESITLBTLCSIU" imageId="2612589"/>
    </Metadata>
  <Page imageFilename="Pradon1680_Statira_cb311463583_corrected_0048.png" imageWidth="4085" imageHeight="7126">
    <PrintSpace>
            <Coords points="315,317 3929,317 3929,5126 315,5126"/>
        </PrintSpace>
    <ReadingOrder>
            <OrderedGroup id="ro_1604226095289" caption="Regions reading order">
                <RegionRefIndexed index="0" regionRef="r_1_1"/>
                <RegionRefIndexed index="1" regionRef="r_1_2"/>
                <RegionRefIndexed index="2" regionRef="r_1_3"/>
                <RegionRefIndexed index="3" regionRef="r_1_4"/>
                <RegionRefIndexed index="4" regionRef="r_1_5"/>
                <RegionRefIndexed index="5" regionRef="r_1_6"/>
                <RegionRefIndexed index="6" regionRef="r_1_7"/>
                <RegionRefIndexed index="7" regionRef="r_1_8"/>
            </OrderedGroup>
        </ReadingOrder>
    <TextRegion type="paragraph" id="r_1_1" custom="readingOrder {index:0;}">
      <Coords points="1504,353 2744,353 2744,554 1504,554"/>
      <TextLine id="tl_1" primaryLanguage="English" custom="structure {type:default;} readingOrder {index:0;}">
        <Coords points="1505,354 2743,354 2743,553 1505,553"/>
        <Baseline points="1505,503 1603,503 1791,504 1971,510 2287,509 2491,511 2742,553"/>
        <Word id="w_w2aab1b1b2b1b1ab1">
          <Coords points="1505,354 2743,354 2743,553 1505,553"/>
          <TextEquiv>
            <Unicode>STATIRA,</Unicode>
          </TextEquiv>
          <TextStyle fontFamily="Times New Roman" fontSize="12.0" bold="true"/>
        </Word>
      </TextLine>
    </TextRegion>
    <TextRegion type="paragraph" id="r_1_2" custom="readingOrder {index:1;}">
      <Coords points="1691,575 2630,575 2630,709 1691,709"/>
      <TextLine id="tl_2" primaryLanguage="English" custom="structure {type:default;} readingOrder {index:0;}">
        <Coords points="1692,576 2629,576 2629,708 1692,708"/>
        <Baseline points="1692,696 1797,696 1965,694 2133,704 2273,697 2445,703 2628,708"/>
        <Word id="w_w2aab1b1b2b3b1ab1">
          <Coords points="1692,576 2629,576 2629,708 1692,708"/>
          <TextEquiv>
            <Unicode>ROXANE.</Unicode>
          </TextEquiv>
          <TextStyle fontFamily="Times New Roman" fontSize="9.0"/>
        </Word>
      </TextLine>
    </TextRegion>
    <TextRegion type="paragraph" id="r_1_3" custom="readingOrder {index:2;}">
      <Coords points="364,720 3707,720 3707,1749 364,1749"/>
      <TextLine id="tl_3" primaryLanguage="English" custom="structure {type:default;} readingOrder {index:0;}">
        <Coords points="1573,721 3706,721 3706,918 1573,918"/>
        <Baseline points="1573,858 1891,882 2593,883 2904,858 3706,908"/>
        <Word id="w_w2aab1b1b2b5b1ab1">
          <Coords points="1573,721 3706,721 3706,918 1573,918"/>
          <TextEquiv>
            <Unicode>Oüy, Seigneur, c'eſt luy-meſme;</Unicode>
          </TextEquiv>
          <TextStyle fontFamily="Times New Roman" fontSize="9.0"/>
        </Word>
      </TextLine>
      <TextLine id="tl_4" primaryLanguage="English" custom="structure {type:default;} readingOrder {index:1;}">
        <Coords points="379,862 3151,862 3151,1080 379,1080"/>
        <Baseline points="380,1007 1182,1008 1718,1051 2068,1022 2508,1030 3150,1066"/>
        <Word id="w_w2aab1b1b2b5b3ab1">
          <Coords points="379,862 3151,862 3151,1080 379,1080"/>
          <TextEquiv>
            <Unicode>Statira, ſon amour, cette valeur ſupréme,</Unicode>
          </TextEquiv>
          <TextStyle fontFamily="Times New Roman" fontSize="9.0"/>
        </Word>
      </TextLine>
      <TextLine id="tl_5" primaryLanguage="English" custom="structure {type:default;} readingOrder {index:2;}">
        <Coords points="384,1044 3567,1044 3567,1256 384,1256"/>
        <Baseline points="384,1173 1975,1227 2397,1193 2811,1199 3135,1248 3566,1178"/>
        <Word id="w_w2aab1b1b2b5b5ab1">
          <Coords points="384,1044 3567,1044 3567,1256 384,1256"/>
          <TextEquiv>
            <Unicode>Tout me dit que c’eſt luy qu’on a ſçeu trop punir;</Unicode>
          </TextEquiv>
          <TextStyle fontFamily="Times New Roman" fontSize="9.0"/>
        </Word>
      </TextLine>
      <TextLine id="tl_6" primaryLanguage="English" custom="structure {type:default;} readingOrder {index:3;}">
        <Coords points="380,1210 2918,1210 2918,1410 380,1410"/>
        <Baseline points="381,1331 751,1336 985,1340 1611,1352 2029,1356 2353,1405 2481,1366 2917,1400"/>
        <Word id="w_w2aab1b1b2b5b7ab1">
          <Coords points="380,1210 2918,1210 2918,1410 380,1410"/>
          <TextEquiv>
            <Unicode>Enfin cet Inconnu tarde trop à venir;</Unicode>
          </TextEquiv>
          <TextStyle fontFamily="Times New Roman" fontSize="9.0"/>
        </Word>
      </TextLine>
      <TextLine id="tl_7" primaryLanguage="English" custom="structure {type:default;} readingOrder {index:4;}">
        <Coords points="378,1376 3322,1376 3322,1580 378,1580"/>
        <Baseline points="379,1499 839,1526 1178,1512 1679,1522 1990,1523 2647,1524 3321,1566"/>
        <Word id="w_w2aab1b1b2b5b9ab1">
          <Coords points="378,1376 3322,1376 3322,1580 378,1580"/>
          <TextEquiv>
            <Unicode>Il faut, pour diſſiper mes mortelles allarmes,</Unicode>
          </TextEquiv>
          <TextStyle fontFamily="Times New Roman" fontSize="9.0"/>
        </Word>
      </TextLine>
      <TextLine id="tl_8" primaryLanguage="English" custom="structure {type:default;} readingOrder {index:5;}">
        <Coords points="365,1546 3524,1546 3524,1748 365,1748"/>
        <Baseline points="365,1675 1006,1680 1236,1680 1842,1728 2092,1688 2342,1695 2740,1700 2988,1699 3523,1714"/>
        <Word id="w_w2aab1b1b2b5c11ab1">
          <Coords points="365,1546 3524,1546 3524,1748 365,1748"/>
          <TextEquiv>
            <Unicode>Chercher cet Ennemy qui me coúte des larmes.</Unicode>
          </TextEquiv>
          <TextStyle fontFamily="Times New Roman" fontSize="9.0"/>
        </Word>
      </TextLine>
    </TextRegion>
    <TextRegion type="paragraph" id="r_1_4" custom="readingOrder {index:3;}">
      <Coords points="1484,1738 3892,1738 3892,1930 1484,1930"/>
      <TextLine id="tl_9" primaryLanguage="English" custom="structure {type:default;} readingOrder {index:0;}">
        <Coords points="1485,1739 3891,1739 3891,1929 1485,1929"/>
        <Baseline points="1486,1857 1699,1863 2121,1867 2441,1872 2717,1876 3518,1872 3890,1871"/>
        <Word id="w_w2aab1b1b2b7b1ab1">
          <Coords points="1485,1739 3891,1739 3891,1929 1485,1929"/>
          <TextEquiv>
            <Unicode>PERDICCAS. Elle ſort.</Unicode>
          </TextEquiv>
        </Word>
      </TextLine>
    </TextRegion>
    <TextRegion type="paragraph" id="r_1_5" custom="readingOrder {index:4;}">
      <Coords points="353,1881 3446,1881 3446,2249 353,2249"/>
      <TextLine id="tl_10" primaryLanguage="English" custom="structure {type:default;} readingOrder {index:0;}">
        <Coords points="364,1882 3445,1882 3445,2079 364,2079"/>
        <Baseline points="364,2011 623,2014 1124,2033 1453,2016 1655,2024 2151,2029 2315,2028 2923,2034 3444,2019"/>
        <Word id="w_w2aab1b1b2b9b1ab1">
          <Coords points="364,1882 3445,1882 3445,2079 364,2079"/>
          <TextEquiv>
            <Unicode>Ah! Dieux, d’un tel deſſein je demeure ſurpris;</Unicode>
          </TextEquiv>
          <TextStyle fontFamily="Times New Roman" fontSize="9.0"/>
        </Word>
      </TextLine>
      <TextLine id="tl_11" primaryLanguage="English" custom="structure {type:default;} readingOrder {index:1;}">
        <Coords points="354,2058 3130,2058 3130,2248 354,2248"/>
        <Baseline points="355,2177 999,2178 1341,2181 1757,2201 2123,2195 2771,2201 3129,2206"/>
        <Word id="w_w2aab1b1b2b9b3ab1">
          <Coords points="354,2058 3130,2058 3130,2248 354,2248"/>
          <TextEquiv>
            <Unicode>Seroit-ce mon Rival enfin qui ſeroit pris?</Unicode>
          </TextEquiv>
          <TextStyle fontFamily="Times New Roman" fontSize="9.0"/>
        </Word>
      </TextLine>
    </TextRegion>
    <TextRegion type="paragraph" id="r_1_6" custom="readingOrder {index:5;}">
      <Coords points="363,2227 3293,2227 3293,2421 363,2421"/>
      <TextLine id="tl_12" primaryLanguage="English" custom="structure {type:default;} readingOrder {index:0;}">
        <Coords points="364,2228 3292,2228 3292,2420 364,2420"/>
        <Baseline points="365,2349 914,2349 1503,2393 1940,2367 2529,2373 2716,2372 3291,2394"/>
        <Word id="w_w2aab1b1b2c11b1ab1">
          <Coords points="364,2228 3292,2228 3292,2420 364,2420"/>
          <TextEquiv>
            <Unicode>Suivons Roxane, allons penétrer ce miſtere,</Unicode>
          </TextEquiv>
          <TextStyle fontFamily="Times New Roman" fontSize="9.0"/>
        </Word>
      </TextLine>
    </TextRegion>
    <TextRegion type="paragraph" id="r_1_7" custom="readingOrder {index:6;}">
      <Coords points="344,2389 3445,2389 3445,2601 344,2601"/>
      <TextLine id="tl_13" primaryLanguage="English" custom="structure {type:default;} readingOrder {index:0;}">
        <Coords points="345,2390 3444,2390 3444,2600 345,2600"/>
        <Baseline points="345,2525 430,2525 636,2531 1280,2525 1420,2530 1788,2536 1984,2535 2578,2541 2854,2546 3066,2546 3438,2564"/>
        <Word id="w_w2aab1b1b2c13b1ab1">
          <Coords points="345,2390 3444,2390 3444,2600 345,2600"/>
          <TextEquiv>
            <Unicode>Et voir ce que le Sort ou l’Amour ont pú faire.</Unicode>
          </TextEquiv>
        </Word>
      </TextLine>
    </TextRegion>
    <TextRegion type="paragraph" id="r_1_8" custom="readingOrder {index:7;}">
      <Coords points="1228,2878 2900,2878 2900,3068 1228,3068"/>
      <TextLine id="tl_14" primaryLanguage="English" custom="structure {type:default;} readingOrder {index:0;}">
        <Coords points="1229,2879 2899,2879 2899,3067 1229,3067"/>
        <Baseline points="1229,3053 1538,3050 1822,3045 2439,3059 2898,3059"/>
        <Word id="w_w2aab1b1b2c15b1ab1">
          <Coords points="1229,2879 2899,2879 2899,3067 1229,3067"/>
          <TextEquiv>
            <Unicode>Fin du Second Acte.</Unicode>
          </TextEquiv>
          <TextStyle fontFamily="Times New Roman" fontSize="11.0" italic="true"/>
        </Word>
      </TextLine>
    </TextRegion>
    <GraphicRegion id="r_2" custom="readingOrder {index:8;}">
            <Coords points="1112,3632 2990,3632 2990,5126 1112,5126"/>
        </GraphicRegion>
  </Page>
</PcGts>
