4085 7057
1207 392 3670 662 TRAGEDIE. 23

1435 701 2429 843 STATIRA.

1133 932 3117 1123 Hé bien, évitons ſon couroux;

224 1079 3520 1317 Mais ſongez bien, Seigneur, quoy que l'on entre¬

243 1247 3639 1477 A ſauver une vie où j’atache la mienne, (prenne,

257 1412 2312 1616 C’eſt vous en dire trop. Adieu.

1001 2021 2780 2250 SCENE III.

346 2397 3469 2647 CASSANDER, PEUCESTAS.

1264 2768 2576 2925 PEUCESTAS.

2615 2790 3425 3125 LEonatus

222 3065 2799 3296 Allarme Statira, rend ſes deſirs confus;

215 3243 3622 3473 Mais, Seigneur, vous devez bientoſt briſer ſa chaîne.

1285 3513 2619 3670 CASSANDER.

228 3726 2961 3947 Mon intéreſt eſt joint à celuy de la Reyne;

215 3895 3356 4118 Voy donc ma politique, & connois mes deſſeins,

228 4060 2995 4279 Peuceſtas, je la ſers, cependant je la plains;

223 4222 2892 4435 Une telle entrepriſe aux yeux de ſa Rivale

234 4390 3055 4605 Peut enfin eſtre heureuſe, ou devenir fatale;

225 4556 3131 4778 Mais qu’elle réüſſiſſe, ou non, je me promets,

224 4720 3096 4941 D'en avoir pour mes feux l’infaillible ſuccés.

225 4888 3293 5119 Leonatus qui craint les ennuis d'un long Siege,

225 5054 3536 5300 Voulant les prévenir, court de luy-meſme au piege,

233 5216 2809 5424 Il le veut, je le ſers. Si le succés heureux

232 5386 3150 5600 Luy donne ſa Princeſſe, il couronne mes feux;

228 5546 3057 5765 S’il périt, mon Rival deviendra ma victime,

229 5718 3102 5940 Et ſa propre valeur va m’épargner un crime;

228 5880 2873 6095 Je hais Leonatus, il me fait de l’horreur,

229 6052 3084 6273 Tu vois que de Roxane il m'enleve le cœur,
