4057 7126
1492 470 2761 666 STATIRA,

394 483 579 632 28

390 680 3218 842 Et ce Prince content & fier de ſa tendreſſe,

400 843 3566 988 Parloit en Amant ſeúr du cœur de ſa Maiſtreſſe;

397 1021 3631 1196 Mon amour en partant cent fois m'a ſçeu tenter,

401 1188 3305 1354 Contre le droit des Gens, de le faire arreſter,

390 1353 3110 1526 Mais il m'a prévenuë, & ſon ardeur fatale

376 1522 3232 1698 Avec tout mon eſpoir m’enleve ma Rivale;

390 1696 3331 1860 Cependant on combat, Heſione, & je crains

391 1858 3483 2040 Peut-eſtre qu’avec luy Perdiccas eſt aux mains;

389 2021 3664 2208 Peut-eſtre que.... Sortons, car je n’oſe me dire....

1616 2212 2662 2335 HESIONE.

390 2352 3385 2532 Madame, Perdiccas va de tout vous inſtruire,

391 2542 977 2708 Le voicy.

1129 3140 3114 3361 SCENE VII.

482 3546 3763 3755 PERDICCAS, ROXANE, HESIONE.

1463 3862 2779 4003 PERDICCAS.

1021 3859 3461 4201 SCavez-vous que je viens d'arreſter

400 4187 2847 4365 Un cruel attentat preſt à s'exécuter?

386 4370 2317 4540 J'ay repris Statira, Madame.

1653 4531 2618 4671 ROXANE.

2321 4693 3142 4864 Quelle joye!

391 4865 3163 5040 Quoy, vous avez repris une ſi belle proye?

1446 5124 2832 5259 PERDICCAS.

386 5366 3626 5550 Oüy, Madame, & la Reyne eſtoit preſte à ſortir,

385 5532 3315 5716 Lors qu'un Garde fidelle eſt venu m’avertir:

389 5698 3396 5878 Auſſitoſt j’ay couru, ſuivy de quelque Eſcorte,

414 5864 3474 6044 Quand l’infidelle Arbate a fait ouvrir la Porte.

400 6032 3395 6218 Là pluſieurs Gens armez apuyant-ſes deſſeins,

401 6195 3641 6380 Ont avancé vers nous, & ſont venus aux mains;
