4085 7057
1220 340 3640 602 TRAGEDIE. 29

227 525 2825 741 Mon amour a rendu ma fureur occupée,

220 687 3134 914 Arbate eſt le premier tombé ſous mon Epée;

221 863 3141 1092 Mais certain Inconnu, qui le Caſque abaiſſé,

220 1029 3034 1245 A travers mille Dards vers moy s’eſt élancé,

223 1197 3353 1410 Glaçant tous nos Soldats de ſes cris redoutables,

220 1359 3627 1597 S’eſt fait jour parmy nous par des coups effroyables.

215 1533 2902 1736 La Porte ſe referme; alors de toutes parts

232 1695 3083 1916 On tourne contre luy les Piques & les Dards;

219 1857 3214 2068 Les ſiens envelopez de tous coſtez ſuccombent,

228 2025 3393 2251 Mais luy ſeul soútient tout quand tous les autres

516 2202 1114 2331 tombent:

221 2355 2687 2563 Auſſitoſt j’ay couru reprendre Statira,

224 2529 1680 2715 Qui toute en pleurs....

1429 2719 2377 2861 ROXANE.

1549 2883 3530 3098 Mais Dieux! l’Inconnu périra,

229 3017 866 3205 Seigneur?

1314 3213 2570 3363 PERDICCAS.

495 3438 3620 3661 Non, non, Madame, & j'ay dit qu'on l'emmeine,

221 3593 2587 3797 De cette trahiſon il recevra la peine;

209 3755 3472 3995 J’en veux ſçavoir l’Auteur, j’en veux eſtre éclaircy,

219 3925 3101 4148 Sur tout j’ay commandé qu’on l’amenât icy,

223 4086 3626 4340 Vous l’allez voir. A moins qu’un coup trop légitime

227 4250 2980 4484 N’ait déja fait payer la peine de ſon crime,

226 4420 2139 4627 Il eſtoit tout couvert de ſang.

1442 4727 2406 4868 ROXANE.

2084 4891 3295 5090 Ciel! que d’efffoy?

213 5023 3296 5278 Je tremble, je friſſonne & je ne ſçay pourquoy;

214 5190 3467 5425 Mais, Heſione, hélas! d’où vient que j’en ſoúpire?

199 5353 3068 5580 Il eſt couvert de ſang, & peut-eſtre il expire,

224 5516 3193 5752 Il n’en faut plus douter; ah! regrets ſuperflus!

200 5673 2834 5898 Seigneur, vous avez fait périr Leonatus.

1299 5885 2581 6043 PERDICCAS.

194 6019 1796 6242 Seroit-ce luy, Madame?

2758 6235 3185 6463 C iij
