4085 7232
496 348 2930 569 12 STATIRA,

541 552 3879 777 Et nous devons, vainqueurs de cent Peuples divers,

547 734 3165 928 Partager, & non pas déchirer l’Univers.

551 900 3495 1110 Sur tant de Nations qui ſont fieres & braves,

545 1070 3521 1268 De Maiſtres nous allons devenir les Eſclaves,

537 1240 3735 1451 Et travaillant nous-meſme à nos propres débris,

549 1410 3625 1620 Nous allons par nos bras vanger nos Ennemis.

541 1574 3241 1779 Oüy, déja l'Indien, le Perſan & le Scyte,

537 1748 3251 1957 S’apreſtent à briſer le joug qui les irrite,

537 1922 3141 2116 Et ces Peuples vaincus à demy révoltez

539 2086 3545 2297 Nous deſtinent déja les fers qu’ils ont portez.

545 2248 3619 2470 Quand nous ſerons en proye à la guerre civile,

529 2428 3127 2624 Un Ennemy défait en fera naître mille,

535 2592 3789 2798 Qui joüiſſans du fruit de nos communs malheurs,

535 2768 3991 2982 Vangerons les Vaincus aux deſpens des Vainqueurs,

531 2924 3365 3141 Qui devenant alors victimes de leur gloire,

535 3104 3441 3304 Se verront accablez par leur propre victoire;

535 3264 3221 3471 Ainſi ſans nous flater de nos prétentions,

531 3440 3289 3642 Donnons ordre au plutoſt à nos diviſions.

535 3610 3425 3821 Philipe a-t-il d’un Roy la veritable marque?

525 3788 3997 4000 Non, vous n'avez en luy que l’ombre d’un Monarque,

510 3950 3679 4158 Un Maiſtre qui vous ſert formé de voſtre main,

532 4122 3395 4309 Et vous faites mouvoir un Fantôme ſi vain.

524 4290 3529 4493 L’Univers peut-il eſtre un Trône hereditaire?

519 4460 3829 4682 La Victoire a des droits plus forts que ceux d'un

880 4660 1281 4797 Frere,

526 4806 3729 5015 Et puis que par nos mains un Héros l’a conquis,

536 4970 3640 5156 Aléxandre eſt le Pere, & nous ſommes les Fils.

542 5138 3566 5335 Madame, on aura ſoin des intéreſts du voſtre,

542 5310 3476 5506 l’intéreſt de Barſine eſt déja joint au noſtre,

542 5482 3036 5679 Ainſi ſur cet article on poura décider;

546 5652 3850 5847 Mais, Madame, il m’en reſte un autre à demander.

560 5825 3380 6021 On tient dans ce Palais Starira priſonniere,

556 5995 3860 6211 Qu’on luy rende aujourd'huy liberté toute entiere,

562 6163 3724 6383 Tout le Camp la demande, & Ptolomée, & moy.
