4085 7205
1130 403 3596 569 TRAGEDIE. 21

1368 635 2382 761 STATIRA.

116 784 2945 967 Avec Leonatus qu’allez vous entreprendre,

137 978 799 1143 Seigneur?

1165 1139 2551 1269 CASSANDER.

797 1285 3505 1468 Dans Babylone il doit bientoſt ſe rendre,

121 1466 2896 1643 J’apuyray ſes deſſeins, & malgré Perdiccas

118 1623 3580 1813 Dont j’ay depuis longtemps gagné tous les Soldats,

119 1800 2900 1978 Qui ſuivant autrefois Antipater mon Pere,

118 1965 3347 2139 Tous dévoüez à moy, m’ont promis de tout faire.

113 2136 2881 2317 Je feray relever la Garde, & dans ce temps

123 2306 2965 2475 Arbate qui commande à tous les Habitans,

121 2470 2701 2613 Doit à Leonatus faire ouvrir une Porte,

121 2633 3352 2807 Vous conduire en ſecret, & vous ſervit d’Eſcorte,

128 2802 3004 2979 Voſtre Garde eſt à moy, mais il faut amuſer

112 2974 3012 3123 Roxane & Perdiccas, & contre eux tout oſer.

104 3135 3366 3308 Pour mieux les éboüir, je connois l'art de feindre,

103 3312 3203 3487 Je les flate tous deux, & je ſçay me contraindre,

113 3479 3331 3649 Mais ils pouront connoiſtre avant la fin du jour,

111 3648 3197 3827 Madame, que je ſers ma haine & voſtre amour.

1353 3829 2358 3951 STATIRA.

118 3973 3272 4155 Ne vous étonnez pas, Seigneur, de ma ſurpriſe,

122 4138 3094 4321 Caſſander eſt l’autheur d’une telle entrepriſe,

118 4318 1642 4455 Un Amant de Roxane!

1164 4497 2547 4627 CASSANDER.

1641 4648 2955 4820 Un Amant outragé,

117 4812 3207 5001 Oüy, Madame, un Amant qui veut eſtre vangé;

113 4986 3228 5161 Ses mépris (devant vous j’avoûray ma foibleſſe)

108 5141 3529 5333 Loin d’éteindre mes feux, augmentent ma tendreſſe;

108 5317 2592 5499 J'en soûpire de rage, & vois Leonatus

116 5490 2716 5665 Me dérober un cœur l’objet de ſes refus,

112 5653 3367 5835 Et nous n’ignorons pas qu’en ce deſordre extréme

113 5822 3103 5999 Il vous aime, il la hait, elle me hait, je l'aime;

117 5990 3119 6183 Ainſi pour me vanger & pour mieux l’obtenir,

111 6171 2484 6337 Avec Leonatus je ſçauray vous unir;
