4085 7126
475 303 2862 536 24 STATIRA,

492 501 3485 731 Et quoy qu’enfin le ſien pour Statira ſoûpire,

495 665 3644 876 De l'amour de Roxane il ne faut pas l'inſtruire,

516 844 3443 1066 Il l'ignore, & je veux qu’il l’ignore toûjours,

521 1000 3966 1232 Ou qu’il n’en ſoit inſtruit qu’aux deſpẽs de ſes jours;

521 1178 3771 1391 Mais Roxane qui craint le pouvoir de mon Pere,

521 1345 3454 1564 Qui ſçait qu’Antipater peut ſervir ma colere,

526 1510 3422 1736 Que ſon Armée avance, a connu que tantôt

512 1679 3218 1894 Son eſprit irrité m’avoit parlé trop haut.

513 1843 3815 2056 Dieux! ſi ſon cœur pouvoit.... La voicy, la cruelle,

525 2002 3977 2232 Cours prendre garde à tout, & me laiſſe avecque elle.

1342 2623 3158 2851 SCENE IV.

764 3014 3679 3246 ROXANE, CASSANDER.

1768 3388 2737 3529 ROXANE.

539 3437 3980 3780 JE vous cherchois, Seigneur, vous en eſtes ſurpris,

565 3703 3662 3924 Mais nous devons quiter l’aigreur & le mépris,

563 3878 3583 4094 Nos eſprits inquiets en avoient l’un & l'autre,

558 4034 3843 4252 Mon cœur en eſtoit plein auſſi-bien que le voſtre,

550 4209 3573 4432 Dans un péril preſſant nous devons les banir,

565 4377 3390 4610 Et de grands intéreſts nous doivent réünir,

566 4550 3214 4785 Je rends à vos vertus un tribut légitime,

561 4716 3431 4952 Voyons, ſi vous voulez mériter mon eſtime.

1623 4986 2968 5129 CASSANDER.

577 5228 3351 5448 Je feray tout, Madame, & pour la mériter,

604 5435 1533 5628 Que faut-il....

1858 5586 2805 5724 ROXANE.

1515 5732 3472 5939 Un deſſein qu’il faut exécuter.

625 5911 3416 6108 Le fier Leonatus nous brave, nous menace,

624 6078 3085 6297 Et déja Ptolomée aſſiege cette Place,
