4085 7083
1151 433 2561 605 TRAGEDIE.

3467 455 3597 657 5

1043 1112 2645 1330 SCENE II.

148 1450 3558 1672 ROXANE, CASSANDER, HESIONE.

1371 1785 2342 1947 ROXANE.

145 1790 2857 2137 NOus ſommes inveſtis, déja Leonatus

156 2117 3557 2309 Nous menace & nous compte au nõbre des Vaincus;

158 2275 3215 2482 Mais avant que ſon Bras oſe rien entreprendre,

156 2443 3435 2644 Il demande à nous voir, Seigneur, il faut l'entendre,

166 2602 2936 2808 Il m'a fait demander un Oſtage, & je viens

156 2777 2936 2974 D'envoyer Alcetas ſuivy de deux des miens,

170 2952 2014 3126 Dans peu nous le verrons....

1217 3131 2580 3272 CASSANDER.

1574 3285 3342 3479 Hé! que voulez-vous faire?

161 3439 3184 3605 Recevoir dans nos murs un mortel Adverſaire?

161 3598 3151 3799 Vient-il nous menacer? & quel eſt ſon deſſein?

157 3765 2957 3963 Laiſſez-nous luy parler les armes à la main,

161 3928 2275 4109 Et Perdiccas & moy, Madame...

1420 4112 2374 4248 ROXANE.

2087 4281 3249 4464 Il faut l’entendre,

176 4416 3171 4623 Ce Prince redoutable eſt du ſang d’Alexandre,

176 4578 3160 4777 On doit le reſpecter. Peut-eſtre en ce moment

170 4746 3284 4958 Vient-il nous propoſer quelque accomodement.

156 4916 2104 5105 Seigneur, j'ay mes deſſeins....

1155 5099 2554 5242 CASSANDER.

1724 5275 3372 5461 Et nous avons les noſtres,

151 5404 3484 5611 Que nous ſçaurons régler, Madame, ſur les voſtres.

153 5572 3177 5767 Alexandre n’eſt plus: Dans ce débris commun

157 5736 3191 5943 Il laiſſe à l'Univers vingt Maiſtres au lieu d’un;

155 5910 3244 6109 Vous en avez un Fils, vous luy devez un Trône,

157 6070 2781 6275 Madame, çhoiſiſſez la Perſe & Babylone,

2669 6276 3147 6485 A iij
