4033 7074
433 376 2830 588 18 STATIRA,

435 575 3186 769 Ciel! avec quelle grace il aborda ma Mere

450 747 3703 933 Lors qu’il nous détrompa de la mort de mon Pere!

451 910 3469 1113 Que ſon air eſtoit libre & remply de grandeur!

439 1082 3370 1259 Et qu’il me parût propre à conſoler un cœur!

450 1243 3209 1423 Je ne ſçay ſi déja pour mon Pere attendrie,

431 1410 2972 1591 Lors que Leonatus m'aſſuroit de ſa vie,

448 1573 3317 1751 Mon coeur ſans y penſer, par un juſte retour,

441 1734 3015 1925 Fiſt ſervir l’amitié de paſſage à l’amour:

425 1896 3342 2085 Enfin dans cet inſtant je ne pûs me défendre

430 2060 3835 2247 De ſentir pour ce Prince un mouvement trop tendre;

435 2235 3176 2413 Et ſoit que le Deſtin ou l’Amour le voulut,

446 2400 3059 2581 Il me vit, je luy plûs, je le vis, il me plût.

1695 2580 2599 2703 CLEONE.

449 2719 3644 2897 Mais, Madame, depuis, malgré ce cœur ſi tendre,

434 2894 3033 3065 Leonatus vous vit l'Epouſe d’Aléxandre,

421 3052 3343 3232 Et cet illuſtre nom qui vous couvre d’éclat...

1660 3234 2655 3357 STATIRA.

435 3388 2654 3547 Il fallut obeïr en Victime d'Etat;

426 3544 3098 3723 Leonatus remply d’une douleur extréme,

436 3686 3757 3891 Deſeſperé, tremblant, vint m’annoncer luy-meſme

445 3877 3214 4055 Qu'Aléxandre dans peu me devoit épouſer,

426 4042 3073 4223 Et qu’il l’avoit chargé de me le propoſer.

435 4205 3260 4393 Juge de ſa douleur, Cleone, & de la mienne,

446 4364 3434 4551 Ma flame eſtoit déja preſque égale à la ſienne,

458 4535 3215 4711 Et dans ce dur moment, je ne puis le celer,

435 4696 3342 4885 Je voulus luy répondre, & ne ſçeus luy parler;

436 4855 3683 5019 Mais tous deux de concert dans ces vives allarmes,

441 5022 3518 5203 Nous laiſſâmes parler nos ſoûpirs & nos larmes.

426 5196 3123 5383 Je voyois à regret ce Prince mon Amant,

440 5343 3707 5539 Luy-meſme à ma grandeur s’immoler tendrement;

455 5506 3780 5703 Aléxandre vainqueur, quoyqu’il fiſt pour me plaire,

456 5674 3829 5861 Ne m’en parût pas moins le vainqueur de mon Pere;

445 5845 3308 6017 Raviſſeur de nos biens, maiſtre de nos Etats,

446 6017 3211 6237 J'admiré ce Héros, mais je ne l'amay pas,
