4085 6956
806 1471 3130 1816 PREFACE.

1281 2102 3628 2368 A mort de Statira cauſée par

1273 2342 3616 2624 la jalouſie de Roxane, eſt aſſez

1268 2582 3623 2852 marquée dans Plutarque, pour

1231 2807 3611 3097 faire le ſujet d'une Tragédie;

307 3046 3634 3326 & le caractere de Roxane eſt trop connu par

262 3270 3617 3566 ſes cruautez, pour pouvoir rien altérer de

306 3514 3621 3794 la verité. Ainſi quoy que Mr de la Calpre¬

309 3738 3636 4010 nede dans ſon Roman de Caſſandre, ait fait

316 3975 3615 4274 revivre Statira, je n’ay pas crú, devoir ſui¬

331 4211 3622 4490 vre ſon exemple, les regles du Poëme Dra¬

319 4438 3642 4722 matique eſtant plus auſteres que celles du

338 4671 3625 4958 Roman, qui permet beaucoup de fiction,

321 4899 3624 5178 quand l’autre s’attache le plus qu’il peut à

325 5131 3627 5366 la verité. L’amour de Leonatus & de Sta¬

320 5367 3631 5650 tira font l'Epiſode & le nœud de cette Piece.

343 5607 3630 5882 Quelques-uns ont esté ſurpris que j'aye

331 5827 3634 6102 choiſy Leonatus entre tous les Succeſſeurs
