4085 7232
562 434 2905 656 10 STATIRA,

551 635 3333 858 Des ſoins de Perdiccas il prenoit la moitié

551 809 3251 1023 Par d'autres intéreſts que ceux de la pitié;

545 981 3447 1191 Sans leur cruel amour, ſans leur pitié fatale,

545 1147 3525 1354 Roxane en cet inſtant n’avoit plus de Rivale,

545 1319 3464 1520 Et terminant ſon ſort pour raſſurer le mien,

530 1479 3544 1699 J’allois eſtre en état de ne craindre plus rien.

1741 1774 2793 1911 HESIONE,

530 1995 3860 2215 Mais Barſine, Madame, eſt plus à craindre qu’elle,

530 2165 3594 2377 Et bien que Statira ſoit plus jeune & plus belle,

526 2329 3520 2548 Barſine a d’Alexandre un Fils de qui les droits

516 2501 3030 2712 La rendront plus coupable à vos yeux.

1772 2871 2751 3007 ROXANE.

3009 3052 3709 3217 Je le vois,

505 3175 3231 3383 La ſeule Statira cependant m’épouvante,

507 3349 3589 3557 Et Barſine moins belle eſt bien plus innocente.

491 3517 3735 3721 J’ay dans mes intéreſts, & dans ceux de mon Fils,

501 3693 3175 3882 Eumenes, Seleucus, & cent autres Amis;

497 3859 2947 4055 Mais ſi Leonatus ſe déclare pour elle,

487 4027 3748 4235 S’il me porte aujourd’huy cette atteinte mortelle,

490 4195 3470 4406 Statira doit trembler... Ce Prince que j’atens

481 4363 3658 4566 Retient encor mon ame & mes vœux en ſuſpens;

476 4528 3384 4735 D'une foible eſpérance en fecret je me flate,

490 4699 3386 4905 Il faut que fon deſſein ou ſon amour éclate.

476 4865 3878 5079 Dieux! j’en tremble, Heſione, & mon cœur agité...

480 5033 3570 5255 Mais quelqu’un vient à nous d’un pas précipité.
