4085 7205
1127 359 3601 637 TRAGEDIE. 17

126 550 3400 797 Mais d’où vient que Roxane à vos jours ſi fatale...

1364 835 2349 979 STATIRA.

125 1070 3225 1297 Pourquoy t’en étonner? Roxane eſt ma Rivale;

132 1241 2946 1460 Sa rage, ſes chagrins, ſes fureurs, ſes refus,

121 1414 2788 1624 Tout me dit que Roxane aime Leonatus.

131 1577 3229 1797 Mais écoute, Cleone, il eſt temps de t’aprendre

118 1748 3070 1962 Le ſecret & l’amour des Veuves d'Alexandre;

127 1911 3491 2137 Mes feux, mes triſtes feux, ne ſont point criminels,

130 2079 3445 2307 Quand j’adore apres luy le plus grand des Mortels,

136 2245 2778 2456 Car ſi de l'Univers il n’eut eſté le Maître,

127 2415 2667 2628 Le ſeul Leonatus eſtoit digne de l'eſtre.

122 2587 3430 2815 Aprens donc mon amour, ma crainte, mes ennuis,

131 2751 3026 2970 Et l’état pitoyable où mes jours ſont réduits.

131 2921 2977 3137 Helas! te ſouvient-il de ce jour mémorable

130 3085 2608 3297 Qui fit de Darius le deſtin déplorable?

121 3257 3193 3475 Quand le monde ébranlé par ce premier revers

130 3425 3451 3647 Commença de trembler nous voyant dans les fers;

121 3585 3462 3827 Que dans le Champ d’Iſſus Aléxandre eut la gloire

121 3755 2941 3965 D'honorer de nos fers ſa premiere victoire,

130 3929 3329 4147 Nous attendions en pleurs le deſtin des Vaincus,

125 4101 3036 4314 Lors qu'on nous annonça la mort de Darius:

131 4263 3255 4476 De cent cris douloureux nos Tentes retentirent,

126 4435 3572 4669 Les Vaincus, les Vainqueurs, cõme nous en gémirent,

135 4601 2624 4812 Ma Mere évanoüye, avec Syſigambis,

134 4763 3187 4994 Nous faiſoit redoubler nos ſanglots & nos cris,

136 4931 3502 5166 Nous eſtions à leurs pieds dans ces triſtes allarmes,

133 5103 3429 5337 Et pour les ſecourir nous n’avions que nos larmes.

122 5271 2801 5489 Alexandre touché que par un faux raport

126 5437 3116 5654 Nous eſtions allarmez pour cette feinte mort,

120 5609 3469 5847 Voulut ſecher les pleurs qu'il nous faiſoit répandre,

122 5779 2664 5986 Leonatus entra de la part d’Aléxandre,

131 5939 2980 6164 Et ce Prince attendry de nos vives douleurs

126 6107 3101 6352 D'un ſeul mot arreſta la ſource de nos pleurs.

2710 6345 3079 6554 B iij
