4000 7057
1119 347 3612 551 TRAGEDIE. 25

144 531 3176 723 Il aproche, on l'a veu du haut de nos Rempars

149 707 3098 883 Faire contre nos Murs marcher ſes Etendars;

154 871 3497 1068 Nous pourrons d’un ſeul coup prévenir la tempeſte,

143 1033 3142 1235 Il ne faudroit, Seigneur, abatre qu’une Teſte,

134 1199 2357 1360 Punir Leonatus de ſa temérité....

1187 1392 2538 1523 CASSANDER.

140 1537 2679 1720 Contre luy voſtre cœur ſeroit-il irrité,

135 1699 3454 1893 Madame, & pouriez-vous m'aſſurer d’une haine....

1362 1895 2328 2014 ROXANE.

124 2035 3575 2228 De ma haine, Seigneur! Dieux! elle eſt trop certaine,

149 2203 2728 2380 Roxane contre luy n’en a point à demy,

124 2367 2519 2547 Je hay Leonatus en mortel Ennemy,

131 2531 3352 2729 Luy qui prétend nous faire une ſanglante guerre,

114 2693 3059 2881 Qui contre nous ſoûleve & le Ciel & la Terre,

135 2865 2824 3051 Leonatus, enfin, que je veux deſormais....

136 3029 3221 3220 Pourquoy me demander, Seigneur, ſi je le hais?

1167 3212 2514 3349 CASSANDER.

126 3351 3239 3542 Hé bien? à vous ſervir ma main eſt toute preſte;

110 3523 3375 3705 Mais, Madame, oſez vous me demander ſa Teſte?

1379 3711 2326 3836 ROXANE.

110 3855 623 4026 De qui?

1137 4036 2504 4171 CASSANDER.

764 4193 3055 4379 D’un Ennemy qui vous eſt odieux,

85 4349 916 4518 Qui vient....

1348 4539 2289 4667 ROXANE.

759 4689 3444 4877 Ce n’eſt pas là, Seigneur, ce que je veux,

91 4853 3282 5042 Mais je veux l’attaquer par un autre Luy-meſme,

86 5019 3177 5205 Et ne veux le punir que dans l’Objet qu’il aime;

81 5183 2742 5365 Il nous faut ébloüir & tromper Perdiccas,

80 5347 2563 5527 Immolons en ſecret les funeſtes appas

67 5521 1456 5702 Pour qui Leonatus....

1128 5698 2505 5833 CASSANDER.

1473 5864 3152 6033 Je vous entens, Madame,

56 6016 3347 6221 Vous voulez que je preſte un crime à voſtre flame;

2818 6205 2958 6368 C
