4085 7057
1181 447 3604 692 TRAGEDIE. 9

170 649 3492 873 Qui réveillant tous deux ma haine & ma tendreſſe,

176 821 3497 1042 Malgré tout mon orgueil ont fait voir ma foibleſſe;

161 989 2926 1208 Je verray mes attraits peut-eſtre humiliez,

175 1147 3463 1373 Moy, qui vis le Vainqueur de la Terre à mes pieds,

175 1315 3321 1533 Moy, qui devrois au nom de Veuve d’Aléxandre

171 1485 2819 1722 Aller m'enſevelir dans ſa ſuperbe cendre,

169 1651 3101 1868 J’oſe encor luy ſurvivre, & mon perfide cœur

180 1807 3400 2033 Soûpire, & malgré moy luy donne un Succeſſeur,

170 1983 3183 2187 Dans ce trouble mortel je me connois à peine,

162 2145 3140 2357 J’aperçois mon amour à travers de ma haine,

172 2309 2902 2519 Et je dis en tremblant à mes ſens éperdus,

166 2481 2454 2679 Si je hais Starira, j’aime Leonatus.

1382 2761 2448 2909 HESIONE.

165 2983 3271 3196 Mais, Madame, apres tout oſeray-je ſans crime

161 3157 3033 3359 Sçavoir quelle raiſon contr’elle vous anime?

160 3317 2770 3528 Seul reſte des Enfans du ſang de Darius,

152 3491 2764 3678 Elle a mille beautez, elle a mille vertus;

146 3653 2990 3851 Quand Perdiccas & vous la retenez captive,

152 3815 3102 4038 A peine malgré luy vous ſouffrez qu’elle vive.

148 3981 1606 4164 Que vous a-t-elle fait?

1388 4173 2333 4312 ROXANE.

1577 4342 3227 4530 Dieux, ce qu’elle m'a fait!

155 4469 2945 4688 Heſione, elle eſt belle, & c’eſt là ſon forfait;

147 4639 3223 4858 Elle ſçeut m’enlever tous les vœux d’Aléxandre,

146 4807 3548 5048 Elle a droit ſur un Trône où mon Fils doit prétendre;

142 4971 2936 5196 Mille jeunes appas qu’elle traîne apres ſoy,

142 5135 3122 5367 Et toutes ſes vertus, ſont des crimes pour moy;

138 5301 3150 5523 Elle eſt ma Concurrente à la Perſe, à l’Empire,

137 5467 3320 5705 Mais elle eſt ma Rivale, & mon cœur en ſoûpire;

121 5640 2737 5833 Je la trouve par tout, ſes charmes odieux

141 5809 3095 6026 Ont toûjours balancé le pouvoir de mes yeux.

130 5963 3559 6215 Il me ſouvient du jour qu’on trompa ma vangeance,

119 6134 2381 6343 Je vis Leonatus courir à ſa défenſe,
