4085 7048
1153 336 2574 510 TRAGEDIE.

3411 397 3597 545 13

1393 726 2374 864 ROXANE.

167 860 690 1014 Statira?

1265 1050 2498 1189 LEONATUS.

789 1199 3166 1390 Comme vous elle eſt Veuve du Roy.

175 1356 3472 1569 Madame, comme vous elle eſt libre, elle eſt Reyne;

169 1524 3513 1743 De plus, cent mille Bras viendront briſer ſa chaîne,

171 1692 2917 1891 Si l'on nous la refuſe, & qu’on oſe arreſter

156 1854 3053 2057 Une Reyne d’un ſang que l'on doit reſpecter.

1404 2049 2323 2177 ROXANE.

170 2172 1432 2366 Ciel! qu’entens-je?

1251 2372 2532 2513 PERDICCAS.

1111 2534 3306 2723 Seigneur, vous ignorez peut-eſtre

167 2682 3443 2897 Que nous parler ainſi c’eſt nous parler en Maiſtre,

167 2856 2853 3054 Et vous devez agir avec moins de hauteur;

165 3018 3365 3226 Attendez qu’un Combat vous rende le vainqueur.

166 3190 3337 3388 Mais je veux vous ouvrir mon ame toute entiere,

170 3354 3301 3555 Oüy, c’eſt moy qui retiens la Reyne priſonniere,

156 3516 3102 3715 Mais ſçachez que les fers que j'oſe luy donner

150 3684 2902 3879 Ne rattachent icy que pour l'y couronner.

1295 3862 2480 3999 LEONATUS.

155 4024 1501 4176 La couronner, vous?

1218 4191 2513 4325 PERDICCAS.

1459 4356 3219 4542 Moy. Je prétens & j'eſpere

160 4506 3155 4702 Que cette main la place au Trône de ſon Pere.

1288 4696 2484 4827 LEONATUS.

160 4838 3414 5066 Mais la Reyne, Seigneur, ſuivant ce grand deſſein,

147 5002 3272 5191 Voudra-t-elle d’un Trône offert de voſtre main?

1397 5195 2352 5325 ROXANE.

151 5338 3335 5548 Et pourquoy non, Seigneur? Statira pouroit-elle

151 5494 2707 5693 Refuſer une place où Perdiccas l'apelle?

1120 5688 2479 5831 CASSANDER.

160 5826 2544 6019 Madame, Statira feroit plutoſt refus

156 5996 2622 6196 De l’Univers offert, que de Leonatus.

2966 6222 3095 6353 B
