4085 7100
1568 355 1273 295 STATIRA,

485 402 213 266 4

1557 665 1350 144 PERDICCAS.

496 798 3258 223 Nos deſſeins ſont pareils ainſi que nos tendreſſes,

486 968 3466 219 Mais, Seigneur, il s’agit du cœur des deux Princeſſes,

476 1138 3470 213 Nous aimons l'un & l'autre, & peut-eſtre tous deux

484 1304 3292 218 Nous aurons meſme fort pour de ſemblables feux;

477 1472 2681 193 J'ay ſauvé Statira des fureurs de Roxane

475 1640 2665 186 En bute aux cruautez de la fiere Perſane,

485 1808 2829 200 Cette illuſtre Princeſſe auroit perdu le jour

471 1972 3080 211 Sans les ſoins empreſſez qu’elle doit à l’amour;

469 2132 2768 211 Nous devons penétrer quelle jàlouſe envie

479 2300 2782 188 L'a fait inceſſamment armer contre ſa vie,

475 2470 2788 212 Peut-eſtre qu’un Rival aimé de toutes deux

475 2636 2762 199 Leur a fait rejeter nos ſervices, nos vœux;

485 2808 2758 206 Starira malgré moy veut ſuivre Ptolomée,

486 2966 2783 170 Peut-eſtre ce Rival eſt-il dans ſon Armée?

476 3132 3285 217 Leonatus peut-eſtre, ah! Seigneur, j'en frémis....

1554 3312 1332 162 CASSANDER.

480 3474 2992 210 Oüy, c'eſt le plus mortel de tous vos Ennemis,

476 3640 2888 207 Leonatus, Seigneur, dans le party contraire

476 3796 3462 230 Sans-doute eſt ce Rival que leur cœur nous préfere?

1572 4007 1292 130 PERDICCAS.

464 4136 3278 215 Je ſçais trop, à ſon nom, & mes yeux me l'ont dit,

460 4312 2580 195 Que Statira ſoûpire, & Roxane rougit;

464 4474 2778 204 C’eſt aſſez pour tirer de fortes conjectures,

477 4632 3305 218 Penétrons leurs deſſeins pour prendre nos meſures,

463 4810 2647 194 Il faut a profondir ce miſtere en ce jour,

453 4984 2367 195 Icy la politique eſt unie à l’Amour.

487 5144 2712 199 Roxane vient, parlez, l'occaſion eſt belle,

451 5306 3296 221 Seigneur, je me retire, & vous laiſſe avecque elle.
