4085 7083
1151 433 1410 172 TRAGEDIE.

3467 455 130 202 5

161 1770 293 343 N

1043 1112 1602 218 SCENE II.

148 1450 3410 222 ROXANE, CASSANDER, HESIONE.

1371 1785 971 162 ROXANE.

501 1918 2350 212 Ous ſommes inveſtis, déja Leonatus

156 2117 3401 192 Nous menace & nous compte au nõbre des Vaincus;

158 2275 3057 207 Mais avant que ſon Bras oſe rien entreprendre,

156 2443 3279 201 Il demande à nous voir, Seigneur, il faut l'entendre,

166 2602 2770 206 Il m'a fait demander un Oſtage, & je viens

156 2777 2780 197 D'envoyer Alcetas ſuivy de deux des miens,

170 2952 1844 174 Dans peu nous le verrons....

1217 3131 1363 141 CASSANDER.

1574 3285 1768 194 Hé! que voulez-vous faire?

161 3439 3023 166 Recevoir dans nos murs un mortel Adverſaire?

161 3598 2990 201 Vient-il nous menacer? & quel eſt ſon deſſein?

157 3765 2800 198 Laiſſez-nous luy parler les armes à la main,

161 3928 2114 181 Et Perdiccas & moy, Madame...

1420 4112 954 136 ROXANE.

2087 4281 1162 183 Il faut l’entendre,

176 4416 2995 207 Ce Prince redoutable eſt du ſang d’Alexandre,

176 4578 2984 199 On doit le reſpecter. Peut-eſtre en ce moment

170 4746 3114 212 Vient-il nous propoſer quelque accomodement.

156 4916 1948 189 Seigneur, j'ay mes deſſeins....

1155 5099 1399 143 CASSANDER.

1724 5275 1648 186 Et nous avons les noſtres,

151 5404 3333 207 Que nous ſçaurons régler, Madame, ſur les voſtres.

153 5572 3024 195 Alexandre n’eſt plus: Dans ce débris commun

157 5736 3034 207 Il laiſſe à l'Univers vingt Maiſtres au lieu d’un;

155 5910 3089 199 Vous en avez un Fils, vous luy devez un Trône,

157 6070 2624 205 Madame, çhoiſiſſez la Perſe & Babylone,

2669 6276 478 209 A iij
