4085 7057
1206 311 1472 300 TRAGEDIE.

3478 376 189 406 23

1435 701 994 142 STATIRA.

1133 932 1984 191 Hé bien, évitons ſon couroux;

224 1079 3296 238 Mais ſongez bien, Seigneur, quoy que l'on entre¬

243 1247 3396 230 A ſauver une vie où j’atache la mienne, (prenne,

257 1412 2055 204 C’eſt vous en dire trop. Adieu.

1001 2021 1779 229 SCENE III.

346 2397 3123 250 CASSANDER, PEUCESTAS.

1264 2768 1312 157 PEUCESTAS.

222 3065 2577 231 Allarme Statira, rend ſes deſirs confus;

2913 2952 495 188 Eonatus

215 3243 3407 230 Mais, Seigneur, vous devez bientoſt briſer ſa chaîne.

1285 3513 1334 157 CASSANDER.

228 3726 2733 221 Mon intéreſt eſt joint à celuy de la Reyne;

215 3895 3141 223 Voy donc ma politique, & connois mes deſſeins,

228 4060 2767 219 Peuceſtas, je la ſers, cependant je la plains;

223 4222 2669 213 Une telle entrepriſe aux yeux de ſa Rivale

234 4390 2821 215 Peut enfin eſtre heureuſe, ou devenir fatale;

225 4556 2906 222 Mais qu’elle réüſſiſſe, ou non, je me promets,

224 4720 2872 221 D'en avoir pour mes feux l’infaillible ſuccés.

225 4888 3068 231 Leonatus qui craint les ennuis d'un long Siege,

225 5054 3311 246 Voulant les prévenir, court de luy-meſme au piege,

233 5216 2576 208 Il le veut, je le ſers. Si le succés heureux

232 5386 2918 214 Luy donne ſa Princeſſe, il couronne mes feux;

228 5546 2829 219 S’il périt, mon Rival deviendra ma victime,

229 5718 2873 222 Et ſa propre valeur va m’épargner un crime;

228 5880 2645 215 Je hais Leonatus, il me fait de l’horreur,

229 6052 2855 221 Tu vois que de Roxane il m'enleve le cœur,

2601 2740 265 400 L
