4085 7048
1153 336 1421 174 TRAGEDIE.

3411 397 186 148 13

1393 726 981 138 ROXANE.

167 860 523 154 Statira?

1265 1050 1233 139 LEONATUS.

789 1199 2377 191 Comme vous elle eſt Veuve du Roy.

175 1356 3297 213 Madame, comme vous elle eſt libre, elle eſt Reyne;

169 1524 3344 219 De plus, cent mille Bras viendront briſer ſa chaîne,

171 1692 2746 199 Si l'on nous la refuſe, & qu’on oſe arreſter

156 1854 2897 203 Une Reyne d’un ſang que l'on doit reſpecter.

1404 2049 919 128 ROXANE.

182 2149 1246 217 Ciel! qu’entens-je?

1251 2372 1281 141 PERDICCAS.

1111 2534 2195 189 Seigneur, vous ignorez peut-eſtre

167 2682 3276 215 Que nous parler ainſi c’eſt nous parler en Maiſtre,

167 2856 2686 198 Et vous devez agir avec moins de hauteur;

165 3018 3200 208 Attendez qu’un Combat vous rende le vainqueur.

166 3190 3171 198 Mais je veux vous ouvrir mon ame toute entiere,

170 3354 3131 201 Oüy, c’eſt moy qui retiens la Reyne priſonniere,

156 3516 2946 199 Mais ſçachez que les fers que j'oſe luy donner

150 3684 2752 195 Ne rattachent icy que pour l'y couronner.

1295 3862 1185 137 LEONATUS.

155 4024 1346 152 La couronner, vous?

1218 4191 1295 134 PERDICCAS.

1459 4356 1760 186 Moy. Je prétens & j'eſpere

160 4506 2995 196 Que cette main la place au Trône de ſon Pere.

1288 4696 1196 131 LEONATUS.

160 4838 3254 228 Mais la Reyne, Seigneur, ſuivant ce grand deſſein,

147 5002 3125 189 Voudra-t-elle d’un Trône offert de voſtre main?

1397 5195 955 130 ROXANE.

151 5338 3184 210 Et pourquoy non, Seigneur? Statira pouroit-elle

151 5494 2556 199 Refuſer une place où Perdiccas l'apelle?

1120 5688 1359 143 CASSANDER.

160 5826 2384 193 Madame, Statira feroit plutoſt refus

156 5996 2466 200 De l’Univers offert, que de Leonatus.

2966 6222 129 131 B
