3976 7048
1042 375 1437 162 TRAGEDIE.

3336 410 158 139 11

931 1035 1804 198 SCENE IV.

200 1390 3180 192 PEUCESTAS, ROXANE, HESIONE.

1121 1743 1303 127 PEUCESTAS.

105 1715 224 370 L

341 1855 2611 224 Eonatus arrive, & Perdiccas l’emmeine;

108 2062 3305 172 Madame, ils ſont déja dans la Chambre prochaine,

117 2232 1628 158 Vous l’allez voir, il vient.

1324 2392 948 138 ROXANE.

1558 2544 1638 185 Ah quel trouble preſſant!

121 2718 3380 180 Cachons mieux, s’il ſe peut, ce que mon cœur reſſent.

978 3403 1640 198 SCENE V.

118 3762 3384 192 LEONATUS, PERDICCAS, ROXANE,

227 3986 3184 196 CASSANDER, HESIONE, GARDES.

1227 4372 1183 125 LEONATUS.

123 4352 288 340 A

414 4504 2873 177 Vant que de nous faire une ſanglante guerre

124 4689 3131 178 Dont les grands intéreſts arment toute la Terre,

131 4851 3318 162 Madame, & vous Seigneurs, nous devons balancer

149 5023 2780 170 Ce qui peut la finir, loin de la commencer.

253 5181 3118 178 Avant que noſtre Armée oſe rien entreprendre,

135 5347 3106 174 Nous devons ce reſpect aux manes d'Alexandre,

135 5516 2499 175 De ne pas renverſer un Etat ſi puiſſant

140 5683 2736 176 Que ſon Bras a rendu ſuperbe & floriſſant.

140 5843 3052 188 Il faut qu’un grand deſſein ſur l’équité ſe fonde,

160 6013 2706 186 Il s’agit du deſtin de l’Empire du Monde,
