4085 7277
424 369 237 255 8

1487 363 1305 316 STATIRA,

415 648 3305 194 Et peut-eſtre mes vœux ſeroient-ils mieux reçeus,

410 806 2463 206 Si je faiſois pres d'elle agir Leonatus?

408 988 3238 194 Ce trait vous eſt ſenſible, & vous frape, Madame,

389 1160 3341 190 Je connois dans vos yeux le trouble de voſtre ame,

398 1326 3033 194 Mais enfin dans les miens voyez à voſtre tour,

399 1502 2941 188 Avec mon deſeſpoir, ma rage & mon amour.

1680 1687 956 129 ROXANE.

398 1830 3331 198 Caſſander, vous pouſſez trop loin voſtre inſolence,

403 2000 2907 197 C'eſt à vous devant moy de garder le ſilence,

394 2166 2915 207 Et ſans aprofondir qui j’aime, ou qui je hais,

384 2348 2841 191 Ayez plus de reſpect, & n’en parlez jamais,

393 2518 901 140 Retirez-vous.

1446 2698 1377 134 CASSANDER.

1343 2859 2287 185 Hé bien? Je vous quite, Madame,

383 3012 3218 204 Vous ſçavez mon ſecret, je connois voſtre flame,

374 3186 2981 194 Il ſuffit. Mais enfin ſi mes voeux ſont déçeus,

373 3354 2585 193 Dans peu je ſerviray ceux de Leonatus.

1154 4104 1897 210 SCENE III.

799 4510 2529 203 ROXANE, HESIONE.

1605 4858 973 155 ROXANE.

321 4790 243 419 L

594 4948 3145 291 'Orgueilleux Caſſander ſe déclare, & me brave,

325 5185 3201 202 Luy, qui de mon Epoux eſtoit preſque l’Eſclave,

324 5351 2825 195 Il inſulte à ſa gloire, & ſans reſpecter rien,

339 5527 3011 189 M'oſe parler en Maiſtre, & veut eſtre le mien;

340 5695 2749 183 Il vient avec fierté me découvrir ſa flame,

344 5861 2745 187 Il veut aprofondir le ſecret de mon ame,

339 6033 3019 195 J'en rougis, Heſione, & mes ſens trop émeus

350 6210 2533 190 Au nom de ma Rivale & de Leonatus,
