3962 7074
442 330 236 235 20

1497 312 1209 265 STATIRA,

429 568 2804 209 Le ſeul Leonatus qui veut briſer ma chaîne,

439 745 2755 162 Redouble de Roxane & l’amour & la haine,

445 903 2775 192 Et la force à la main, pour me tirer des fers,

436 1072 2841 153 Veut contre Perdiccas armer tout l’Univers.

436 1231 2769 194 Je tremble qu’il n'expoſe une ſi chere Teſte

445 1392 2678 191 A cent périls afreux où ſa valeur s’apreſte,

449 1550 3049 199 Et que pour me vanger, ou pour me conquérir,

454 1722 2600 197 Ce Héros ne ſe mette en danger de périr.

1719 1990 887 125 CLEONE.

450 2136 2188 181 Madame, Caſſander vient à nous.

1661 2402 983 129 STATIRA.

2564 2547 804 154 Ah! Cleone,

454 2729 793 156 Que veut-il?

1338 3290 1650 216 SCENE II.

674 3679 3002 209 CASSANDER, PEUCESTAS.

1581 3895 1108 171 STATIRA.

1486 4196 1346 144 CASSANDER.

1102 4172 165 390 J

1279 4315 2146 206 E le voy, mon abord vous étonne,

473 4510 3225 201 Mais je viens yous aprendre un projet important.

1661 4776 967 132 STATIRA.

473 4947 789 174 Quoy donc?

1514 5096 1326 143 CASSANDER.

1299 5327 2149 178 Leonatus, Madame, vous attend,

478 5488 3020 207 Un ſemblable intéreſt nous unit l’un & l'autre,

498 5652 2765 191 Il m’a dit ſon ſecret, & je connois le voſtre,

493 5821 2698 186 Il vous faut aujourd’huy rendre la liberté,

503 5986 2653 201 Et vous faire ſçavoir ce que j’ay concerté.
