4085 7205
1079 403 1402 182 TRAGEDIE.

3411 469 234 168 19

181 594 2436 204 Il fallut obeïr cependant, & mon ame

187 770 2968 211 Par un triſte devoir ſçeut combatre ma flame,

176 932 2492 207 Et de Leonatus effaçant tous les traits,

176 1098 2868 214 Luy dire en ſoúpirant un adieu pour jamais.

176 1272 3412 218 Depuis, grace aux Dieux, mon cœur pour luy moins

180 1428 3409 227 A ſoútenu le nom d'Epouſe d'Aléxandre; (tendre,

166 1608 2377 191 Une vertu ſevere, un auſtere devoir,

171 1772 2908 204 M’ont cent fois arrachée au plaiſir de le voir;

171 1938 2944 205 Loin de luy je tâchois d’étouffer ma tendreſſe,

159 2108 2708 203 Je l'évitois helas! & le trouvois ſans ceſſe.

159 2276 2908 212 Le Roy qui luy donnoit comme à ſon Favory

160 2440 2766 208 Le rang d’Epheſtion qu’il avoit tant chery,

164 2610 2594 198 Vit que Leonatus me faiſoit de la peine,

162 2782 2836 208 Et me crut pour ce Prince une ſecrete haine,

162 2942 3008 215 Et ſouvent malgré luy l’amenant devant moy.

156 3114 2894 208 M'arrachoit des ſoúpirs qu'il voloit à ma foy,

151 3282 3038 204 Souvent il me prioit dans ſa tendreſſe extréme

151 3448 3209 204 D’aimer Leonatus comme il l’aimoit luy-meſme.

151 3614 2804 213 Moy, qui dans cet inſtant eus voulu la haïr,

145 3779 2524 206 Cleone, je tremblois de luy trop obeïr,

141 3941 3028 192 Et ce Prince confus des bontez de ſon Maiſtre,

140 4115 2910 205 M’évitoit auſſitoſt qu’il me voyoit paroiſtre.

1388 4312 956 139 CLEONE.

136 4447 3268 214 Mais, Madame, à préſent qu’Aléxandre n’eſt plus;

136 4615 2830 206 Vous pouvez ſans ſcrupule aimer Leonatus;

125 4779 3279 220 Un Prince de ſon ſang peut apres luy prétendre....

1314 4981 1041 134 STATIRA.

113 5111 2922 215 Je puis, ſans offencer les manes d’Alexandre,

117 5289 2878 206 Ranimer aujourd’huy dans mon cœur abatu

111 5457 2764 203 Un amour immolé longtemps à ma vertu;

113 5629 2714 189 Mais Roxane a trouvé Leonatus aimable,

106 5787 3008 208 Et ma flame à ſes yeux me va rendre coupable;

116 5961 2606 193 Cleone, elle peut tout, les Macédoniens

108 6123 2982 224 Prennent ſes intereſts, & négligent les miens.
