<?xml version="1.0" encoding="UTF-8"?>
<alto xmlns:xsi="http://www.w3.org/2001/XMLSchema-instance"
      xmlns="http://www.loc.gov/standards/alto/ns-v4#"
      xsi:schemaLocation="http://www.loc.gov/standards/alto/ns-v4# https://gitlab.inria.fr/scripta/escriptorium/-/raw/develop/app/escriptorium/static/alto-4-1-baselines.xsd">
  <Description>
    <MeasurementUnit>pixel</MeasurementUnit>
    <sourceImageInformation>
      <fileName>Pradon1680_Statira_cb311463583_corrected_0050.png</fileName>
    </sourceImageInformation>
  </Description>
  
  <Tags>
    <OtherTag ID="BT1" LABEL="Title" DESCRIPTION="block type Title"/><OtherTag ID="BT2" LABEL="Main" DESCRIPTION="block type Main"/><OtherTag ID="BT343" LABEL="Damage" DESCRIPTION="block type Damage"/><OtherTag ID="BT344" LABEL="Decoration" DESCRIPTION="block type Decoration"/><OtherTag ID="BT345" LABEL="DropCapital" DESCRIPTION="block type DropCapital"/><OtherTag ID="BT346" LABEL="Figure" DESCRIPTION="block type Figure"/><OtherTag ID="BT348" LABEL="Margin" DESCRIPTION="block type Margin"/><OtherTag ID="BT349" LABEL="MusicNotation" DESCRIPTION="block type MusicNotation"/><OtherTag ID="BT350" LABEL="Numbering" DESCRIPTION="block type Numbering"/><OtherTag ID="BT351" LABEL="RunningTitle" DESCRIPTION="block type RunningTitle"/><OtherTag ID="BT352" LABEL="Seal" DESCRIPTION="block type Seal"/><OtherTag ID="BT353" LABEL="Signatures" DESCRIPTION="block type Signatures"/><OtherTag ID="BT354" LABEL="Stamp" DESCRIPTION="block type Stamp"/><OtherTag ID="BT355" LABEL="Table" DESCRIPTION="block type Table"/>
    <OtherTag ID="LT129" LABEL="Default" DESCRIPTION="line type Default"/><OtherTag ID="LT130" LABEL="DropCapitalLine" DESCRIPTION="line type DropCapitalLine"/><OtherTag ID="LT131" LABEL="Interlinear" DESCRIPTION="line type Interlinear"/><OtherTag ID="LT132" LABEL="MusicLine" DESCRIPTION="line type MusicLine"/><OtherTag ID="LT133" LABEL="Rubric" DESCRIPTION="line type Rubric"/>
  </Tags>
  
  <Layout>
    <Page WIDTH="4085"
          HEIGHT="7126"
          PHYSICAL_IMG_NR="36"
          ID="eSc_dummypage_">
      <PrintSpace HPOS="0"
                  VPOS="0"
                  WIDTH="4085"
                  HEIGHT="7126">
        
        <TextBlock HPOS="379"
                   VPOS="367"
                   WIDTH="206"
                   HEIGHT="218"
                   ID="eSc_textblock_03b5c4b3"
                   TAGREFS="BT350">
          <Shape><Polygon POINTS="379 367 379 585 585 585 585 367"/></Shape>
          
        </TextBlock>
        
        <TextBlock HPOS="1469"
                   VPOS="333"
                   WIDTH="1319"
                   HEIGHT="229"
                   ID="eSc_textblock_eb5491d1"
                   TAGREFS="BT351">
          <Shape><Polygon POINTS="1480 344 1469 562 2788 562 2788 333"/></Shape>
          
          
          <TextLine ID="eSc_line_c822d6df"
                    TAGREFS="LT129"
                    BASELINE="1503 519 1618 516 2782 543" 
                    HPOS="1498"
                    VPOS="249"
                    WIDTH="1278"
                    HEIGHT="303">
            <Shape><Polygon POINTS="1498 516 1510 290 1849 279 1890 302 1968 285 2087 308 2122 279 2170 296 2200 273 2307 279 2336 249 2491 249 2568 296 2628 255 2764 255 2776 540 2735 552 2211 528 2104 546 2057 522 1861 540 1819 516 1504 528"/></Shape>
	    <String CONTENT="STATIRA,"
                    HPOS="1498"
                    VPOS="249"
                    WIDTH="1278"
                    HEIGHT="303"></String>
          </TextLine>

          
        </TextBlock>
        
        <TextBlock HPOS="402"
                   VPOS="539"
                   WIDTH="3568"
                   HEIGHT="4670"
                   ID="eSc_textblock_eeee64bd"
                   TAGREFS="BT2">
          <Shape><Polygon POINTS="3948 551 3970 5209 402 5198 402 539"/></Shape>
          
          
          <TextLine ID="tl_1"
                    TAGREFS="LT129"
                    BASELINE="406 572 568 542 608 541" 
                    HPOS="374"
                    VPOS="308"
                    WIDTH="232"
                    HEIGHT="273">
            <Shape><Polygon POINTS="404 570 374 320 552 308 606 540 416 581"/></Shape>
	    <String CONTENT="32"
                    HPOS="374"
                    VPOS="308"
                    WIDTH="232"
                    HEIGHT="273"></String>
          </TextLine>

          
          
          <TextLine ID="tl_2"
                    TAGREFS="LT129"
                    BASELINE="424 701 942 711 1468 691 1954 687 2560 691 2898 687 3383 685" 
                    HPOS="423"
                    VPOS="557"
                    WIDTH="2967"
                    HEIGHT="188">
            <Shape><Polygon POINTS="423 557 3390 557 3390 745 423 745"/></Shape>
	    <String CONTENT="Cleone, chaque inſtant redouble mon effroy,"
                    HPOS="423"
                    VPOS="557"
                    WIDTH="2967"
                    HEIGHT="188"></String>
          </TextLine>

          
          
          <TextLine ID="tl_3"
                    TAGREFS="LT129"
                    BASELINE="420 869 641 862 1017 863 1277 858 1607 854 1709 864 1945 899 2569 858 3105 854 3331 855 3729 890" 
                    HPOS="420"
                    VPOS="705"
                    WIDTH="3309"
                    HEIGHT="210">
            <Shape><Polygon POINTS="420 705 3729 705 3729 915 420 915"/></Shape>
	    <String CONTENT="Les traits qui vont à luy ſemblent tomber ſur moy:"
                    HPOS="420"
                    VPOS="705"
                    WIDTH="3309"
                    HEIGHT="210"></String>
          </TextLine>

          
          
          <TextLine ID="tl_4"
                    TAGREFS="LT129"
                    BASELINE="429 1035 1086 1081 1592 1067 2068 1056 2923 1027 3449 1021 3636 1052" 
                    HPOS="429"
                    VPOS="896"
                    WIDTH="3207"
                    HEIGHT="187">
            <Shape><Polygon POINTS="429 896 3636 896 3636 1083 429 1083"/></Shape>
	    <String CONTENT="C’eſt moy qui l&#39;ay perdu, malheureuſe Princeſſe,"
                    HPOS="429"
                    VPOS="896"
                    WIDTH="3207"
                    HEIGHT="187"></String>
          </TextLine>

          
          
          <TextLine ID="tl_5"
                    TAGREFS="LT129"
                    BASELINE="424 1203 1064 1243 1714 1194 2116 1188 2432 1199 2622 1194 2952 1193 3302 1199" 
                    HPOS="424"
                    VPOS="1073"
                    WIDTH="2878"
                    HEIGHT="176">
            <Shape><Polygon POINTS="424 1073 3302 1073 3302 1249 424 1249"/></Shape>
	    <String CONTENT="Pourquoy Leonatus eut-il tant de tendreſſe?"
                    HPOS="424"
                    VPOS="1073"
                    WIDTH="2878"
                    HEIGHT="176"></String>
          </TextLine>

          
          
          <TextLine ID="tl_6"
                    TAGREFS="LT129"
                    BASELINE="430 1375 751 1366 1035 1365 1723 1366 2057 1361 2171 1360 2555 1360 2849 1361 3557 1398" 
                    HPOS="430"
                    VPOS="1236"
                    WIDTH="3127"
                    HEIGHT="181">
            <Shape><Polygon POINTS="430 1236 3557 1236 3557 1417 430 1417"/></Shape>
	    <String CONTENT="Sans mes coupables yeux il n’eut rien entrepris;"
                    HPOS="430"
                    VPOS="1236"
                    WIDTH="3127"
                    HEIGHT="181"></String>
          </TextLine>

          
          
          <TextLine ID="tl_7"
                    TAGREFS="LT129"
                    BASELINE="443 1527 877 1531 1225 1528 1414 1533 1787 1528 1946 1525 2141 1528 2284 1532 2790 1528 3157 1522" 
                    HPOS="443"
                    VPOS="1406"
                    WIDTH="2715"
                    HEIGHT="177">
            <Shape><Polygon POINTS="443 1406 3158 1406 3158 1583 443 1583"/></Shape>
	    <String CONTENT="Faut-il qu’il en reçoive un ſi funeſte prix?"
                    HPOS="443"
                    VPOS="1406"
                    WIDTH="2715"
                    HEIGHT="177"></String>
          </TextLine>

          
          
          <TextLine ID="tl_8"
                    TAGREFS="LT129"
                    BASELINE="434 1743 712 1704 956 1705 1070 1701 1296 1700 1492 1699 1788 1700 2116 1700 2436 1743 2756 1738 3434 1695" 
                    HPOS="434"
                    VPOS="1569"
                    WIDTH="3000"
                    HEIGHT="182">
            <Shape><Polygon POINTS="434 1569 3434 1569 3434 1751 434 1751"/></Shape>
	    <String CONTENT="Que ſon a me ait eſté pour moy trop enflâmée?"
                    HPOS="434"
                    VPOS="1569"
                    WIDTH="3000"
                    HEIGHT="182"></String>
          </TextLine>

          
          
          <TextLine ID="tl_9"
                    TAGREFS="LT129"
                    BASELINE="438 1875 495 1875 677 1872 1115 1866 1511 1867 1895 1887 2131 1866 2421 1867 2687 1862 3149 1862 3661 1872" 
                    HPOS="438"
                    VPOS="1728"
                    WIDTH="3223"
                    HEIGHT="187">
            <Shape><Polygon POINTS="438 1728 3661 1728 3661 1915 438 1915"/></Shape>
	    <String CONTENT="Il n&#39;auroit point péry, s’il m&#39;avoit moins aimée."
                    HPOS="438"
                    VPOS="1728"
                    WIDTH="3223"
                    HEIGHT="187"></String>
          </TextLine>

          
          
          <TextLine ID="tl_10"
                    TAGREFS="LT129"
                    BASELINE="1697 2044 1794 2044 1934 2033 2078 2039 2236 2038 2422 2039 2614 2044" 
                    HPOS="1697"
                    VPOS="1926"
                    WIDTH="917"
                    HEIGHT="122">
            <Shape><Polygon POINTS="1697 1926 2614 1926 2614 2048 1697 2048"/></Shape>
	    <String CONTENT="CLEONE."
                    HPOS="1697"
                    VPOS="1926"
                    WIDTH="917"
                    HEIGHT="122"></String>
          </TextLine>

          
          
          <TextLine ID="tl_11"
                    TAGREFS="LT129"
                    BASELINE="440 2211 794 2236 1660 2200 2106 2200 2736 2200 3026 2197 3430 2197 3882 2231" 
                    HPOS="440"
                    VPOS="2071"
                    WIDTH="3442"
                    HEIGHT="182">
            <Shape><Polygon POINTS="440 2071 3882 2071 3882 2253 440 2253"/></Shape>
	    <String CONTENT="Non, Madame, les Dieux prendrõt ſoin de ſes jours,"
                    HPOS="440"
                    VPOS="2071"
                    WIDTH="3442"
                    HEIGHT="182"></String>
          </TextLine>

          
          
          <TextLine ID="tl_12"
                    TAGREFS="LT129"
                    BASELINE="440 2378 530 2378 623 2373 731 2378 967 2373 1167 2372 1453 2373 1831 2368 2373 2373 2495 2373 2741 2368 3297 2387" 
                    HPOS="434"
                    VPOS="2226"
                    WIDTH="2860"
                    HEIGHT="179">
            <Shape><Polygon POINTS="434 2375 440 2226 594 2226 642 2262 772 2262 814 2232 850 2262 897 2232 945 2256 1046 2226 1105 2262 1159 2262 1189 2232 1284 2262 1325 2226 1415 2262 1593 2262 1670 2226 1742 2250 1950 2232 1991 2262 2324 2262 2437 2226 2580 2226 2753 2262 2788 2226 2889 2262 3050 2262 3127 2226 3163 2256 3276 2262 3294 2381 3246 2405 3199 2381 2693 2405 2663 2375 2550 2375 2461 2405 2378 2375 2348 2405 2259 2405 2176 2375 1867 2405 1777 2375 1664 2405 1635 2375 1450 2375 1427 2399 1248 2375 1165 2405 1088 2375 1052 2405 951 2375 832 2405 440 2405"/></Shape>
	    <String CONTENT="J&#39;ay veu de loin voler Roxane à ſon ſecours,"
                    HPOS="434"
                    VPOS="2226"
                    WIDTH="2860"
                    HEIGHT="179"></String>
          </TextLine>

          
          
          <TextLine ID="tl_13"
                    TAGREFS="LT129"
                    BASELINE="439 2549 706 2544 1100 2541 1167 2556 1498 2541 1970 2537 2368 2541 2452 2565 2722 2536 2904 2535 3244 2532 3896 2565" 
                    HPOS="434"
                    VPOS="2393"
                    WIDTH="3460"
                    HEIGHT="196">
            <Shape><Polygon POINTS="434 2547 455 2394 654 2416 1064 2440 1159 2399 1201 2440 1516 2440 1575 2393 1623 2440 1718 2416 1944 2440 2075 2399 2140 2434 2241 2440 2318 2399 2378 2440 2414 2405 2467 2434 2503 2399 2663 2399 2705 2434 2889 2410 3020 2428 3074 2399 3109 2422 3234 2399 3276 2428 3300 2405 3335 2428 3365 2399 3389 2422 3460 2399 3882 2399 3894 2559 3876 2589 3757 2553 3395 2553 3353 2577 3252 2553 3056 2589 2913 2589 2883 2559 2824 2559 2747 2589 2431 2589 2336 2547 2211 2583 1997 2583 1938 2547 1783 2571 1664 2547 1629 2577 1534 2553 1403 2583 1367 2553 1278 2583 1218 2559 1177 2583 1082 2583 1052 2553 963 2571 933 2547 868 2577 778 2577 749 2547 695 2547 665 2577 594 2547 440 2553"/></Shape>
	    <String CONTENT="Son cœur (n’en doutez point) dãs ce péril extréme,"
                    HPOS="434"
                    VPOS="2393"
                    WIDTH="3460"
                    HEIGHT="196"></String>
          </TextLine>

          
          
          <TextLine ID="tl_14"
                    TAGREFS="LT129"
                    BASELINE="440 2713 1134 2709 1280 2712 1452 2703 1906 2707 2260 2708 2712 2704 2898 2703 3374 2703 3803 2729" 
                    HPOS="440"
                    VPOS="2577"
                    WIDTH="3363"
                    HEIGHT="190">
            <Shape><Polygon POINTS="440 2577 3803 2577 3803 2767 440 2767"/></Shape>
	    <String CONTENT="L’entraîne &amp; la cõduit pour ſauver ce qu’elle aime;"
                    HPOS="440"
                    VPOS="2577"
                    WIDTH="3363"
                    HEIGHT="190"></String>
          </TextLine>

          
          
          <TextLine ID="tl_15"
                    TAGREFS="LT129"
                    BASELINE="445 2885 695 2880 1129 2875 1645 2874 1783 2876 2235 2870 2481 2875 3071 2894" 
                    HPOS="445"
                    VPOS="2750"
                    WIDTH="2626"
                    HEIGHT="175">
            <Shape><Polygon POINTS="445 2750 3071 2750 3071 2925 445 2925"/></Shape>
	    <String CONTENT="Elle ſçaura calmer la fureur des Soldats,"
                    HPOS="445"
                    VPOS="2750"
                    WIDTH="2626"
                    HEIGHT="175"></String>
          </TextLine>

          
          
          <TextLine ID="tl_16"
                    TAGREFS="LT129"
                    BASELINE="439 3055 592 3043 1140 3042 1296 3042 1528 3041 1734 3042 1950 3041 2146 3046 2878 3081" 
                    HPOS="439"
                    VPOS="2915"
                    WIDTH="2439"
                    HEIGHT="176">
            <Shape><Polygon POINTS="439 2915 2878 2915 2878 3091 439 3091"/></Shape>
	    <String CONTENT="Et dérober ſa vie au fer de Perdiccas;"
                    HPOS="439"
                    VPOS="2915"
                    WIDTH="2439"
                    HEIGHT="176"></String>
          </TextLine>

          
          
          <TextLine ID="tl_17"
                    TAGREFS="LT129"
                    BASELINE="448 3223 785 3258 1469 3247 2175 3228" 
                    HPOS="448"
                    VPOS="3088"
                    WIDTH="1727"
                    HEIGHT="185">
            <Shape><Polygon POINTS="448 3088 2175 3088 2175 3273 448 3273"/></Shape>
	    <String CONTENT="Oüy, Madame, eſpérez...."
                    HPOS="448"
                    VPOS="3088"
                    WIDTH="1727"
                    HEIGHT="185"></String>
          </TextLine>

          
          
          <TextLine ID="tl_18"
                    TAGREFS="LT129"
                    BASELINE="1663 3396 1911 3392 2219 3386 2475 3385 2677 3380" 
                    HPOS="1663"
                    VPOS="3268"
                    WIDTH="1014"
                    HEIGHT="128">
            <Shape><Polygon POINTS="1663 3268 2677 3268 2677 3396 1663 3396"/></Shape>
	    <String CONTENT="STATIRA."
                    HPOS="1663"
                    VPOS="3268"
                    WIDTH="1014"
                    HEIGHT="128"></String>
          </TextLine>

          
          
          <TextLine ID="tl_19"
                    TAGREFS="LT129"
                    BASELINE="2282 3553 2928 3537 3410 3543" 
                    HPOS="2281"
                    VPOS="3413"
                    WIDTH="1129"
                    HEIGHT="178">
            <Shape><Polygon POINTS="2281 3413 3410 3413 3410 3591 2281 3591"/></Shape>
	    <String CONTENT="Eſpérance fatale!"
                    HPOS="2281"
                    VPOS="3413"
                    WIDTH="1129"
                    HEIGHT="178"></String>
          </TextLine>

          
          
          <TextLine ID="tl_20"
                    TAGREFS="LT129"
                    BASELINE="458 3755 873 3760 1219 3720 1723 3720 2225 3714 2373 3715 2595 3714 2707 3720 2947 3709 3497 3709" 
                    HPOS="458"
                    VPOS="3588"
                    WIDTH="3039"
                    HEIGHT="205">
            <Shape><Polygon POINTS="458 3588 3497 3588 3497 3793 458 3793"/></Shape>
	    <String CONTENT="Quoy, mon Amant dévroit la vie à ma Rivale?"
                    HPOS="458"
                    VPOS="3588"
                    WIDTH="3039"
                    HEIGHT="205"></String>
          </TextLine>

          
          
          <TextLine ID="tl_21"
                    TAGREFS="LT129"
                    BASELINE="463 3897 775 3916 977 3891 1217 3892 1915 3921 2115 3883 2781 3882 3035 3879 3426 3917" 
                    HPOS="463"
                    VPOS="3757"
                    WIDTH="2963"
                    HEIGHT="176">
            <Shape><Polygon POINTS="463 3757 3426 3757 3426 3933 463 3933"/></Shape>
	    <String CONTENT="Ciel, en me raſſurant, tu redoubles ma peur,"
                    HPOS="463"
                    VPOS="3757"
                    WIDTH="2963"
                    HEIGHT="176"></String>
          </TextLine>

          
          
          <TextLine ID="tl_22"
                    TAGREFS="LT129"
                    BASELINE="468 4063 612 4063 966 4059 1204 4058 1846 4089 2028 4055 2264 4054 2702 4050 2840 4055 3286 4059" 
                    HPOS="468"
                    VPOS="3923"
                    WIDTH="2818"
                    HEIGHT="188">
            <Shape><Polygon POINTS="468 3923 3286 3923 3286 4111 468 4111"/></Shape>
	    <String CONTENT="Et pour me conſoler, tu me perces le cœur."
                    HPOS="468"
                    VPOS="3923"
                    WIDTH="2818"
                    HEIGHT="188"></String>
          </TextLine>

          
          
          <TextLine ID="tl_23"
                    TAGREFS="LT129"
                    BASELINE="468 4235 991 4261 1261 4270 1611 4217 1935 4221 2681 4218 3281 4245" 
                    HPOS="468"
                    VPOS="4097"
                    WIDTH="2813"
                    HEIGHT="180">
            <Shape><Polygon POINTS="468 4097 3281 4097 3281 4277 468 4277"/></Shape>
	    <String CONTENT="Cruelle, voy mon ame également atteinte,"
                    HPOS="468"
                    VPOS="4097"
                    WIDTH="2813"
                    HEIGHT="180"></String>
          </TextLine>

          
          
          <TextLine ID="tl_24"
                    TAGREFS="LT129"
                    BASELINE="469 4403 917 4393 1095 4399 1845 4394 2319 4390 2593 4388 2775 4384 2921 4383 3488 4407" 
                    HPOS="469"
                    VPOS="4246"
                    WIDTH="3019"
                    HEIGHT="199">
            <Shape><Polygon POINTS="469 4246 3488 4246 3488 4445 469 4445"/></Shape>
	    <String CONTENT="Frémir de l&#39;eſpérance autant que de la crainte,"
                    HPOS="469"
                    VPOS="4246"
                    WIDTH="3019"
                    HEIGHT="199"></String>
          </TextLine>

          
          
          <TextLine ID="tl_25"
                    TAGREFS="LT129"
                    BASELINE="472 4575 848 4566 1000 4571 1448 4559 2206 4590 2368 4562 2598 4556 2864 4555 3312 4545 3488 4585" 
                    HPOS="472"
                    VPOS="4428"
                    WIDTH="3016"
                    HEIGHT="177">
            <Shape><Polygon POINTS="472 4428 3488 4428 3488 4605 472 4605"/></Shape>
	    <String CONTENT="L’une &amp; l’autre m’accable, &amp; me fait ſoûpirer;"
                    HPOS="472"
                    VPOS="4428"
                    WIDTH="3016"
                    HEIGHT="177"></String>
          </TextLine>

          
          
          <TextLine ID="tl_26"
                    TAGREFS="LT129"
                    BASELINE="468 4743 897 4743 1173 4732 1661 4722 2289 4756 2491 4723 2761 4718 3257 4718 3821 4716" 
                    HPOS="468"
                    VPOS="4589"
                    WIDTH="3353"
                    HEIGHT="200">
            <Shape><Polygon POINTS="468 4589 3821 4589 3821 4789 468 4789"/></Shape>
	    <String CONTENT="Hélas! que dois-je craindre, ou que dois-je eſpérer?"
                    HPOS="468"
                    VPOS="4589"
                    WIDTH="3353"
                    HEIGHT="200"></String>
          </TextLine>

          
          
          <TextLine ID="tl_27"
                    TAGREFS="LT129"
                    BASELINE="473 4915 806 4904 962 4905 1218 4944 1934 4933 2078 4905 2240 4894 2696 4900 2874 4895 3154 4894 3582 4884 3656 4924" 
                    HPOS="473"
                    VPOS="4766"
                    WIDTH="3183"
                    HEIGHT="185">
            <Shape><Polygon POINTS="473 4766 3656 4766 3656 4951 473 4951"/></Shape>
	    <String CONTENT="Mais je voy Perdiccas, &amp; je crains de l&#39;entendre,"
                    HPOS="473"
                    VPOS="4766"
                    WIDTH="3183"
                    HEIGHT="185"></String>
          </TextLine>

          
          
          <TextLine ID="tl_28"
                    TAGREFS="LT129"
                    BASELINE="468 5081 956 5077 1064 5081 1462 5091" 
                    HPOS="468"
                    VPOS="4935"
                    WIDTH="994"
                    HEIGHT="160">
            <Shape><Polygon POINTS="468 4935 1462 4935 1462 5095 468 5095"/></Shape>
	    <String CONTENT="Il vient à nous."
                    HPOS="468"
                    VPOS="4935"
                    WIDTH="994"
                    HEIGHT="160"></String>
          </TextLine>

          
        </TextBlock>
        
        <TextBlock HPOS="1847"
                   VPOS="5370"
                   WIDTH="769"
                   HEIGHT="402"
                   ID="eSc_textblock_b671c4d8"
                   TAGREFS="BT344">
          <Shape><Polygon POINTS="2616 5772 2616 5370 1847 5370 1847 5772"/></Shape>
          
        </TextBlock>
        

        
      </PrintSpace>
    </Page>
  </Layout>
</alto>
