4085 7057
1218 299 1419 242 TRAGEDIE.

227 525 2598 216 Mon amour a rendu ma fureur occupée,

3402 317 241 341 29

220 687 2914 227 Arbate eſt le premier tombé ſous mon Epée;

221 863 2920 229 Mais certain Inconnu, qui le Caſque abaiſſé,

220 1029 2814 216 A travers mille Dards vers moy s’eſt élancé,

223 1197 3130 213 Glaçant tous nos Soldats de ſes cris redoutables,

220 1359 3407 238 S’eſt fait jour parmy nous par des coups effroyables.

215 1533 2687 203 La Porte ſe referme; alors de toutes parts

232 1695 2851 221 On tourne contre luy les Piques & les Dards;

219 1857 2995 211 Les ſiens envelopez de tous coſtez ſuccombent,

228 2025 3165 226 Mais luy ſeul soútient tout quand tous les autres

516 2202 598 129 tombent:

221 2355 2466 208 Auſſitoſt j’ay couru reprendre Statira,

224 2529 1456 186 Qui toute en pleurs....

1429 2719 948 142 ROXANE.

1549 2883 1981 215 Mais Dieux! l’Inconnu périra,

229 3017 637 188 Seigneur?

1314 3213 1256 150 PERDICCAS.

495 3438 3125 223 Non, non, Madame, & j'ay dit qu'on l'emmeine,

221 3593 2366 204 De cette trahiſon il recevra la peine;

209 3755 3263 240 J’en veux ſçavoir l’Auteur, j’en veux eſtre éclaircy,

219 3925 2882 223 Sur tout j’ay commandé qu’on l’amenât icy,

223 4086 3403 254 Vous l’allez voir. A moins qu’un coup trop légitime

227 4250 2753 234 N’ait déja fait payer la peine de ſon crime,

226 4420 1913 207 Il eſtoit tout couvert de ſang.

1442 4727 964 141 ROXANE.

2084 4891 1211 199 Ciel! que d’efffoy?

213 5023 3083 255 Je tremble, je friſſonne & je ne ſçay pourquoy;

214 5190 3253 235 Mais, Heſione, hélas! d’où vient que j’en ſoúpire?

199 5353 2869 227 Il eſt couvert de ſang, & peut-eſtre il expire,

224 5516 2969 236 Il n’en faut plus douter; ah! regrets ſuperflus!

200 5673 2634 225 Seigneur, vous avez fait périr Leonatus.

1299 5885 1282 158 PERDICCAS.

194 6019 1602 223 Seroit-ce luy, Madame?

2758 6235 427 228 C iij
