4085 7152
564 1721 2752 434 ACTE III.

448 2431 3006 342 SCENE PREMIERE.

757 2934 2471 238 STATIRA, CLEONE.

1372 3281 986 140 STATIRA.

972 3438 2701 227 LEONE, en cet inſtant, quel eſpoir m'eſt

393 3498 316 197 C

1282 3635 548 161 permis?

960 3799 2740 212 Leonatus eſt ſeul contre mille Ennemis;

190 3940 2829 222 Preſſé de tous coſtez, à mille traits en bute,

198 4114 3236 238 Quel ſecours, ou quel Dieu peut retarder ſa chute?

203 4286 2895 225 Caſſander l'a trahy ſans-doute, & Perdiccas

192 4450 2941 230 M'enferme en ce Palais, & vole à ſon trépas;

184 4624 3158 219 Son bras & ſa valeur l’ont trop fait reconnoître,

193 4798 3220 226 On l'attaque, on le preſſe, il ſuccombe peut-eſtre;

174 4957 3174 230 Quelle horreur ſe répand dans mes ſens éperdus!

179 5134 3308 232 Mon Amant eſt Captif, ou peut-eſtre il n’eſt plus,

168 5295 2945 238 Son deſeſpoir marquoit ſa trop funeſte envie,

159 5443 2763 247 Il ne combatoit plus pour défendre ſa vie,

154 5633 2717 216 Et ſi-toſt qu’il a veu Perdiccas m'enlever,

149 5801 2667 225 Il a voulu la perdre, & non pas la ſauver.

144 5969 3413 242 Dieux! le nombre l'accable, & ç'en eſt fait ſans doute,

133 6140 3035 244 Voila ce qu'aujourd'huy ſa tendreſſe luy coûte;

1153 356 1435 193 TRAGEDIE.
