4085 6956
806 1471 2324 345 PREFACE.

1281 2102 2347 266 A mort de Statira cauſée par

1273 2342 2343 282 la jalouſie de Roxane, eſt aſſez

1268 2582 2355 270 marquée dans Plutarque, pour

435 2254 693 806 L

1231 2807 2380 290 faire le ſujet d'une Tragédie;

301 3049 3331 272 & le caractere de Roxane eſt trop connu par

262 3270 3355 296 ſes cruautez, pour pouvoir rien altérer de

301 3483 3313 290 la verité. Ainſi quoy que Mr de la Calpre¬

309 3662 3327 348 nede dans ſon Roman de Caſſandre, ait fait

316 3975 3299 299 revivre Statira, je n’ay pas crú, devoir ſui¬

331 4211 3291 279 vre ſon exemple, les regles du Poëme Dra¬

319 4438 3323 284 matique eſtant plus auſteres que celles du

336 4683 3284 232 Roman, qui permet beaucoup de fiction,

321 4899 3303 279 quand l’autre s’attache le plus qu’il peut à

325 5131 3302 235 la verité. L’amour de Leonatus & de Sta¬

319 5367 3307 255 tira font l'Epiſode & le nœud de cette Piece.

343 5607 3287 275 Quelques-uns ont esté ſurpris que j'aye

330 5837 3302 342 choiſy Leonatus entre tous les Succeſſeurs
