<?xml version="1.0" encoding="UTF-8"?>
<alto xmlns:xsi="http://www.w3.org/2001/XMLSchema-instance"
      xmlns="http://www.loc.gov/standards/alto/ns-v4#"
      xsi:schemaLocation="http://www.loc.gov/standards/alto/ns-v4# https://gitlab.inria.fr/scripta/escriptorium/-/raw/develop/app/escriptorium/static/alto-4-1-baselines.xsd">
  <Description>
    <MeasurementUnit>pixel</MeasurementUnit>
    <sourceImageInformation>
      <fileName>Pradon1680_Statira_cb311463583_corrected_0051.png</fileName>
    </sourceImageInformation>
  </Description>
  
  <Tags>
    <OtherTag ID="BT1" LABEL="Title" DESCRIPTION="block type Title"/><OtherTag ID="BT2" LABEL="Main" DESCRIPTION="block type Main"/><OtherTag ID="BT343" LABEL="Damage" DESCRIPTION="block type Damage"/><OtherTag ID="BT344" LABEL="Decoration" DESCRIPTION="block type Decoration"/><OtherTag ID="BT345" LABEL="DropCapital" DESCRIPTION="block type DropCapital"/><OtherTag ID="BT346" LABEL="Figure" DESCRIPTION="block type Figure"/><OtherTag ID="BT348" LABEL="Margin" DESCRIPTION="block type Margin"/><OtherTag ID="BT349" LABEL="MusicNotation" DESCRIPTION="block type MusicNotation"/><OtherTag ID="BT350" LABEL="Numbering" DESCRIPTION="block type Numbering"/><OtherTag ID="BT351" LABEL="RunningTitle" DESCRIPTION="block type RunningTitle"/><OtherTag ID="BT352" LABEL="Seal" DESCRIPTION="block type Seal"/><OtherTag ID="BT353" LABEL="Signatures" DESCRIPTION="block type Signatures"/><OtherTag ID="BT354" LABEL="Stamp" DESCRIPTION="block type Stamp"/><OtherTag ID="BT355" LABEL="Table" DESCRIPTION="block type Table"/>
    <OtherTag ID="LT129" LABEL="Default" DESCRIPTION="line type Default"/><OtherTag ID="LT130" LABEL="DropCapitalLine" DESCRIPTION="line type DropCapitalLine"/><OtherTag ID="LT131" LABEL="Interlinear" DESCRIPTION="line type Interlinear"/><OtherTag ID="LT132" LABEL="MusicLine" DESCRIPTION="line type MusicLine"/><OtherTag ID="LT133" LABEL="Rubric" DESCRIPTION="line type Rubric"/>
  </Tags>
  
  <Layout>
    <Page WIDTH="4085"
          HEIGHT="7152"
          PHYSICAL_IMG_NR="37"
          ID="eSc_dummypage_">
      <PrintSpace HPOS="0"
                  VPOS="0"
                  WIDTH="4085"
                  HEIGHT="7152">
        
        <TextBlock HPOS="1147"
                   VPOS="310"
                   WIDTH="1481"
                   HEIGHT="218"
                   ID="eSc_textblock_0f408cff"
                   TAGREFS="BT351">
          <Shape><Polygon POINTS="1147 310 1147 528 2628 528 2628 310"/></Shape>
          
          
          <TextLine ID="tl_1"
                    TAGREFS="LT129"
                    BASELINE="1186 485 2604 476 2651 477" 
                    HPOS="1180"
                    VPOS="274"
                    WIDTH="1467"
                    HEIGHT="256">
            <Shape><Polygon POINTS="1180 482 1186 280 1419 280 1472 327 1562 327 1622 286 1669 309 1723 286 1759 315 1795 280 1890 327 2003 274 2230 315 2629 315 2647 476 2617 524 2433 524 2379 476 2272 524 2194 524 2093 476 1991 500 1902 476 1854 512 1741 482 1604 524 1544 488 1484 530 1413 488 1383 506 1288 482 1240 530 1192 530"/></Shape>
	    <String CONTENT="TRAGEDIE."
                    HPOS="1180"
                    VPOS="274"
                    WIDTH="1467"
                    HEIGHT="256"></String>
          </TextLine>

          
        </TextBlock>
        
        <TextBlock HPOS="3465"
                   VPOS="356"
                   WIDTH="241"
                   HEIGHT="206"
                   ID="eSc_textblock_eb75cb85"
                   TAGREFS="BT350">
          <Shape><Polygon POINTS="3465 356 3465 562 3706 562 3706 356"/></Shape>
          
          
          <TextLine ID="eSc_line_12a638fc"
                    TAGREFS="LT129"
                    BASELINE="3454 503 3677 510" 
                    HPOS="3452"
                    VPOS="256"
                    WIDTH="209"
                    HEIGHT="328">
            <Shape><Polygon POINTS="3452 500 3464 280 3566 256 3631 280 3661 256 3655 584 3548 578 3518 548 3458 560"/></Shape>
	    <String CONTENT="33"
                    HPOS="3452"
                    VPOS="256"
                    WIDTH="209"
                    HEIGHT="328"></String>
          </TextLine>

          
        </TextBlock>
        
        <TextBlock HPOS="184"
                   VPOS="620"
                   WIDTH="3545"
                   HEIGHT="229"
                   ID="eSc_textblock_5964c5b8"
                   TAGREFS="BT344">
          <Shape><Polygon POINTS="195 700 184 849 3729 838 3729 620"/></Shape>
          
        </TextBlock>
        
        <TextBlock HPOS="895"
                   VPOS="1733"
                   WIDTH="195"
                   HEIGHT="344"
                   ID="eSc_textblock_fb14a46e"
                   TAGREFS="BT345">
          <Shape><Polygon POINTS="895 1733 895 2077 1090 2077 1090 1733"/></Shape>
          
        </TextBlock>
        
        <TextBlock HPOS="126"
                   VPOS="837"
                   WIDTH="3615"
                   HEIGHT="5474"
                   ID="eSc_textblock_d2eb4cda"
                   TAGREFS="BT2">
          <Shape><Polygon POINTS="138 917 126 6311 3706 6311 3741 837"/></Shape>
          
          
          <TextLine ID="tl_3"
                    TAGREFS="LT129"
                    BASELINE="1132 1214 2218 1216 2742 1211" 
                    HPOS="1132"
                    VPOS="1014"
                    WIDTH="1610"
                    HEIGHT="223">
            <Shape><Polygon POINTS="1132 1014 2742 1014 2742 1237 1132 1237"/></Shape>
	    <String CONTENT="SCENE II."
                    HPOS="1132"
                    VPOS="1014"
                    WIDTH="1610"
                    HEIGHT="223"></String>
          </TextLine>

          
          
          <TextLine ID="tl_4"
                    TAGREFS="LT129"
                    BASELINE="330 1575 1541 1623 2557 1613 3592 1557" 
                    HPOS="330"
                    VPOS="1405"
                    WIDTH="3262"
                    HEIGHT="225">
            <Shape><Polygon POINTS="330 1405 3592 1405 3592 1630 330 1630"/></Shape>
	    <String CONTENT="PERDICCAS, STATIRA, CLEONE."
                    HPOS="330"
                    VPOS="1405"
                    WIDTH="3262"
                    HEIGHT="225"></String>
          </TextLine>

          
          
          <TextLine ID="line_1548938156814_2702"
                    TAGREFS="LT129"
                    BASELINE="1413 1894 2406 1898" 
                    HPOS="1411"
                    VPOS="1775"
                    WIDTH="995"
                    HEIGHT="128">
            <Shape><Polygon POINTS="1411 1775 2404 1779 2406 1903 1413 1899"/></Shape>
	    <String CONTENT="STATIRA."
                    HPOS="1411"
                    VPOS="1775"
                    WIDTH="995"
                    HEIGHT="128"></String>
          </TextLine>

          
          
          <TextLine ID="tl_6"
                    TAGREFS="LT130"
                    BASELINE="894 2059 1096 2059" 
                    HPOS="888"
                    VPOS="1728"
                    WIDTH="191"
                    HEIGHT="358">
            <Shape><Polygon POINTS="888 2056 900 1764 960 1728 1079 1764 1079 2086 900 2086"/></Shape>
	    <String CONTENT="S"
                    HPOS="888"
                    VPOS="1728"
                    WIDTH="191"
                    HEIGHT="358"></String>
          </TextLine>

          
          
          <TextLine ID="eSc_line_0bd8e005"
                    TAGREFS="LT130"
                    BASELINE="1125 2032 1696 2087 1966 2062 2746 2051 3590 2049" 
                    HPOS="1121"
                    VPOS="1901"
                    WIDTH="2463"
                    HEIGHT="202">
            <Shape><Polygon POINTS="1121 2026 1150 1901 1258 1937 1514 1937 1544 1907 1645 1937 1789 1913 1824 1942 1956 1942 2039 1907 2075 1942 2266 1913 2295 1942 2403 1919 2480 1948 2528 1948 2576 1901 2767 1931 2934 1901 2981 1954 3023 1925 3083 1942 3172 1913 3268 1948 3333 1907 3572 1907 3584 2044 3434 2074 3130 2062 3071 2103 2999 2103 2945 2056 2856 2086 2761 2056 2617 2080 2588 2062 2558 2086 2522 2062 2468 2091 2397 2056 2218 2056 2105 2091 2063 2062 1961 2091 1902 2068 1824 2091 1443 2062 1413 2086 1127 2074"/></Shape>
	    <String CONTENT="Eigneur, que venez-vous m’aprendre?"
                    HPOS="1121"
                    VPOS="1901"
                    WIDTH="2463"
                    HEIGHT="202"></String>
          </TextLine>

          
          
          <TextLine ID="tl_7"
                    TAGREFS="LT129"
                    BASELINE="214 2229 895 2219 1423 2267 1869 2228 2031 2229 2343 2225 2842 2223" 
                    HPOS="214"
                    VPOS="2092"
                    WIDTH="2628"
                    HEIGHT="180">
            <Shape><Polygon POINTS="214 2092 2842 2092 2842 2272 214 2272"/></Shape>
	    <String CONTENT="Avez-vous aſſouvy voſtre in juſte fureur?"
                    HPOS="214"
                    VPOS="2092"
                    WIDTH="2628"
                    HEIGHT="180"></String>
          </TextLine>

          
          
          <TextLine ID="tl_8"
                    TAGREFS="LT129"
                    BASELINE="209 2391 311 2391 905 2387 995 2386 1651 2446 2471 2397 2518 2363 2879 2383 3681 2418" 
                    HPOS="208"
                    VPOS="2240"
                    WIDTH="3473"
                    HEIGHT="213">
            <Shape><Polygon POINTS="208 2240 3681 2240 3681 2453 208 2453"/></Shape>
	    <String CONTENT="Avez vous immolé, grands Dieux! mon Défenſeur,"
                    HPOS="208"
                    VPOS="2240"
                    WIDTH="3473"
                    HEIGHT="213"></String>
          </TextLine>

          
          
          <TextLine ID="tl_9"
                    TAGREFS="LT129"
                    BASELINE="224 2565 401 2554 847 2555 1107 2555 1453 2555 1992 2575" 
                    HPOS="224"
                    VPOS="2433"
                    WIDTH="1768"
                    HEIGHT="179">
            <Shape><Polygon POINTS="224 2433 1992 2433 1992 2612 224 2612"/></Shape>
	    <String CONTENT="Ce Héros qui pour moy...."
                    HPOS="224"
                    VPOS="2433"
                    WIDTH="1768"
                    HEIGHT="179"></String>
          </TextLine>

          
          
          <TextLine ID="tl_10"
                    TAGREFS="LT129"
                    BASELINE="1292 2820 2603 2831" 
                    HPOS="1292"
                    VPOS="2698"
                    WIDTH="1312"
                    HEIGHT="137">
            <Shape><Polygon POINTS="1292 2698 2604 2698 2604 2835 1292 2835"/></Shape>
	    <String CONTENT="PERDICCAS."
                    HPOS="1292"
                    VPOS="2698"
                    WIDTH="1312"
                    HEIGHT="137"></String>
          </TextLine>

          
          
          <TextLine ID="tl_11"
                    TAGREFS="LT129"
                    BASELINE="1736 3078 2066 3073 2214 3073 2816 3098 3547 3116" 
                    HPOS="1736"
                    VPOS="2929"
                    WIDTH="1811"
                    HEIGHT="191">
            <Shape><Polygon POINTS="1736 2929 3547 2929 3547 3120 1736 3120"/></Shape>
	    <String CONTENT="Vous le pleuriez, Madame,"
                    HPOS="1736"
                    VPOS="2929"
                    WIDTH="1811"
                    HEIGHT="191"></String>
          </TextLine>

          
          
          <TextLine ID="tl_12"
                    TAGREFS="LT129"
                    BASELINE="224 3236 329 3236 527 3235 1035 3249 1247 3237 1509 3284 1671 3241 2105 3241 2303 3240 2737 3230 3107 3264" 
                    HPOS="224"
                    VPOS="3105"
                    WIDTH="2883"
                    HEIGHT="185">
            <Shape><Polygon POINTS="224 3105 3107 3105 3107 3290 224 3290"/></Shape>
	    <String CONTENT="Il eſt vivant. Je voy le plaiſir de voſtre ame,"
                    HPOS="224"
                    VPOS="3105"
                    WIDTH="2883"
                    HEIGHT="185"></String>
          </TextLine>

          
          
          <TextLine ID="tl_13"
                    TAGREFS="LT129"
                    BASELINE="224 3408 369 3399 635 3398 975 3402 1543 3407 1719 3407 1917 3408 2347 3442 2509 3403 3025 3392" 
                    HPOS="224"
                    VPOS="3269"
                    WIDTH="2802"
                    HEIGHT="192">
            <Shape><Polygon POINTS="224 3269 3026 3269 3026 3461 224 3461"/></Shape>
	    <String CONTENT="Et que vous aſſurant de ſes jours, je prévois"
                    HPOS="224"
                    VPOS="3269"
                    WIDTH="2802"
                    HEIGHT="192"></String>
          </TextLine>

          
          
          <TextLine ID="tl_14"
                    TAGREFS="LT129"
                    BASELINE="214 3602 512 3571 846 3571 1704 3571 2046 3575 2204 3575 2814 3566 3130 3576" 
                    HPOS="214"
                    VPOS="3431"
                    WIDTH="2916"
                    HEIGHT="192">
            <Shape><Polygon POINTS="214 3431 3130 3431 3130 3623 214 3623"/></Shape>
	    <String CONTENT="Que vous m’écouterez pour la premiere fois."
                    HPOS="214"
                    VPOS="3431"
                    WIDTH="2916"
                    HEIGHT="192"></String>
          </TextLine>

          
          
          <TextLine ID="tl_15"
                    TAGREFS="LT129"
                    BASELINE="224 3740 551 3758 891 3739 1553 3739 2057 3739 2337 3740 2489 3740 2819 3730 3013 3778 3534 3732" 
                    HPOS="224"
                    VPOS="3573"
                    WIDTH="3328"
                    HEIGHT="225">
            <Shape><Polygon POINTS="224 3577 3552 3573 3552 3794 224 3798"/></Shape>
	    <String CONTENT="Oüy dans l’heureux inſtant que je vous ay repriſe,"
                    HPOS="224"
                    VPOS="3573"
                    WIDTH="3328"
                    HEIGHT="225"></String>
          </TextLine>

          
          
          <TextLine ID="tl_16"
                    TAGREFS="LT129"
                    BASELINE="228 3900 364 3893 704 3897 1070 3902 1468 3906 1608 3905 2248 3911 2981 3930" 
                    HPOS="228"
                    VPOS="3768"
                    WIDTH="2754"
                    HEIGHT="185">
            <Shape><Polygon POINTS="228 3768 2982 3768 2982 3953 228 3953"/></Shape>
	    <String CONTENT="Et qu’il alloit payer ſa coupable entrepriſe,"
                    HPOS="228"
                    VPOS="3768"
                    WIDTH="2754"
                    HEIGHT="185"></String>
          </TextLine>

          
          
          <TextLine ID="tl_17"
                    TAGREFS="LT129"
                    BASELINE="214 4074 492 4063 799 4069 1331 4075 1519 4074 1853 4126 2031 4073 2283 4074 3239 4093" 
                    HPOS="214"
                    VPOS="3940"
                    WIDTH="3025"
                    HEIGHT="191">
            <Shape><Polygon POINTS="214 3940 3239 3940 3239 4131 214 4131"/></Shape>
	    <String CONTENT="Que tout couvert du ſang de qui l’environnoit,"
                    HPOS="214"
                    VPOS="3940"
                    WIDTH="3025"
                    HEIGHT="191"></String>
          </TextLine>

          
          
          <TextLine ID="tl_18"
                    TAGREFS="LT129"
                    BASELINE="204 4276 473 4281 917 4237 1251 4241 1652 4241 1951 4246 2353 4246 2767 4236 2883 4282 3687 4227" 
                    HPOS="204"
                    VPOS="4077"
                    WIDTH="3484"
                    HEIGHT="220">
            <Shape><Polygon POINTS="204 4077 3688 4077 3688 4297 204 4297"/></Shape>
	    <String CONTENT="J’ay connu mon Rival aux grãds coups qu&#39;il dõnoit,"
                    HPOS="204"
                    VPOS="4077"
                    WIDTH="3484"
                    HEIGHT="220"></String>
          </TextLine>

          
          
          <TextLine ID="tl_19"
                    TAGREFS="LT129"
                    BASELINE="213 4406 849 4439 990 4408 1223 4453 1518 4409 1982 4414 2168 4414 3047 4435" 
                    HPOS="212"
                    VPOS="4283"
                    WIDTH="2835"
                    HEIGHT="177">
            <Shape><Polygon POINTS="212 4283 3047 4283 3047 4460 212 4460"/></Shape>
	    <String CONTENT="Madame, je luy dois rendre ce témoignage,"
                    HPOS="212"
                    VPOS="4283"
                    WIDTH="2835"
                    HEIGHT="177"></String>
          </TextLine>

          
          
          <TextLine ID="tl_20"
                    TAGREFS="LT129"
                    BASELINE="208 4574 541 4566 877 4567 1277 4572 1597 4575 1857 4612 2579 4577 2841 4572 3521 4587" 
                    HPOS="208"
                    VPOS="4447"
                    WIDTH="3313"
                    HEIGHT="187">
            <Shape><Polygon POINTS="208 4447 3521 4447 3521 4634 208 4634"/></Shape>
	    <String CONTENT="Tout mon Rival qu&#39;il eſt, j’admirois ſon courage,"
                    HPOS="208"
                    VPOS="4447"
                    WIDTH="3313"
                    HEIGHT="187"></String>
          </TextLine>

          
          
          <TextLine ID="tl_21"
                    TAGREFS="LT129"
                    BASELINE="224 4736 360 4729 710 4736 804 4739 956 4740 1669 4765 2032 4745 2080 4755 2564 4741 3014 4734" 
                    HPOS="224"
                    VPOS="4614"
                    WIDTH="2790"
                    HEIGHT="175">
            <Shape><Polygon POINTS="224 4614 3014 4614 3014 4789 224 4789"/></Shape>
	    <String CONTENT="Et preſt à le combatre, helas! j’eſtois jaloux"
                    HPOS="224"
                    VPOS="4614"
                    WIDTH="2790"
                    HEIGHT="175"></String>
          </TextLine>

          
          
          <TextLine ID="tl_22"
                    TAGREFS="LT129"
                    BASELINE="213 4942 496 4899 794 4903 1158 4908 1428 4912 1761 4957 2228 4913 2740 4907 3458 4897" 
                    HPOS="213"
                    VPOS="4780"
                    WIDTH="3258"
                    HEIGHT="191">
            <Shape><Polygon POINTS="213 4781 3471 4780 3471 4970 213 4971"/></Shape>
	    <String CONTENT="Que tout autre que moy voulut mourir pour vous."
                    HPOS="213"
                    VPOS="4780"
                    WIDTH="3258"
                    HEIGHT="191"></String>
          </TextLine>

          
          
          <TextLine ID="tl_23"
                    TAGREFS="LT129"
                    BASELINE="214 5080 540 5070 1080 5074 1270 5075 1514 5076 1878 5080 2116 5081 2678 5074 3283 5099" 
                    HPOS="214"
                    VPOS="4936"
                    WIDTH="3070"
                    HEIGHT="188">
            <Shape><Polygon POINTS="214 4936 3284 4936 3284 5124 214 5124"/></Shape>
	    <String CONTENT="Mais Roxane en ces lieux par l’amour amenée,"
                    HPOS="214"
                    VPOS="4936"
                    WIDTH="3070"
                    HEIGHT="188"></String>
          </TextLine>

          
          
          <TextLine ID="tl_24"
                    TAGREFS="LT129"
                    BASELINE="203 5254 340 5254 684 5277 826 5239 1478 5248 1818 5248 2070 5243 2286 5248 3002 5268" 
                    HPOS="203"
                    VPOS="5114"
                    WIDTH="2799"
                    HEIGHT="175">
            <Shape><Polygon POINTS="203 5114 3002 5114 3002 5289 203 5289"/></Shape>
	    <String CONTENT="A ſuivy le panchant dont elle eſt entraînée,"
                    HPOS="203"
                    VPOS="5114"
                    WIDTH="2799"
                    HEIGHT="175"></String>
          </TextLine>

          
          
          <TextLine ID="tl_25"
                    TAGREFS="LT129"
                    BASELINE="220 5412 358 5405 873 5407 1233 5409 1603 5415 2131 5414 2465 5417 2851 5408 3298 5395" 
                    HPOS="220"
                    VPOS="5284"
                    WIDTH="3079"
                    HEIGHT="174">
            <Shape><Polygon POINTS="220 5284 3299 5284 3299 5458 220 5458"/></Shape>
	    <String CONTENT="Et malgré mille traits s’eſtant miſe entre nous,"
                    HPOS="220"
                    VPOS="5284"
                    WIDTH="3079"
                    HEIGHT="174"></String>
          </TextLine>

          
          
          <TextLine ID="tl_26"
                    TAGREFS="LT129"
                    BASELINE="219 5580 320 5580 826 5573 1000 5570 1218 5573 1322 5579 1672 5583 2026 5579 2638 5558" 
                    HPOS="218"
                    VPOS="5447"
                    WIDTH="2420"
                    HEIGHT="178">
            <Shape><Polygon POINTS="218 5447 2638 5447 2638 5625 218 5625"/></Shape>
	    <String CONTENT="A dérobé ſa vie à mon juſte couroux;"
                    HPOS="218"
                    VPOS="5447"
                    WIDTH="2420"
                    HEIGHT="178"></String>
          </TextLine>

          
          
          <TextLine ID="tl_27"
                    TAGREFS="LT129"
                    BASELINE="219 5746 936 5736 1276 5736 1468 5746 1828 5750 2034 5745 2406 5745 2706 5744 2908 5741 3363 5777" 
                    HPOS="219"
                    VPOS="5606"
                    WIDTH="3144"
                    HEIGHT="190">
            <Shape><Polygon POINTS="219 5606 3363 5606 3363 5796 219 5796"/></Shape>
	    <String CONTENT="Cependant pour ſes jours ne ſoyez plus en peine,"
                    HPOS="219"
                    VPOS="5606"
                    WIDTH="3144"
                    HEIGHT="190"></String>
          </TextLine>

          
          
          <TextLine ID="tl_28"
                    TAGREFS="LT129"
                    BASELINE="214 5914 696 5909 888 5909 1370 5915 1706 5919 1922 5914 2368 5914 2698 5908 3220 5913" 
                    HPOS="214"
                    VPOS="5754"
                    WIDTH="3006"
                    HEIGHT="193">
            <Shape><Polygon POINTS="214 5754 3220 5754 3220 5947 214 5947"/></Shape>
	    <String CONTENT="Ils ſont eu ſeûreté dans les mains de la Reyne."
                    HPOS="214"
                    VPOS="5754"
                    WIDTH="3006"
                    HEIGHT="193"></String>
          </TextLine>

          
          
          <TextLine ID="tl_29"
                    TAGREFS="LT129"
                    BASELINE="219 6082 542 6072 1222 6091 1888 6103 2036 6088 2460 6087 2776 6078 3156 6072" 
                    HPOS="219"
                    VPOS="5941"
                    WIDTH="2937"
                    HEIGHT="186">
            <Shape><Polygon POINTS="219 5941 3156 5941 3156 6127 219 6127"/></Shape>
	    <String CONTENT="Vous frémiſſez, Madame, &amp; voſtre joye enfin"
                    HPOS="219"
                    VPOS="5941"
                    WIDTH="2937"
                    HEIGHT="186"></String>
          </TextLine>

          
          
          <TextLine ID="tl_30"
                    TAGREFS="LT129"
                    BASELINE="223 6256 382 6249 818 6243 980 6248 1126 6254 1640 6250 1832 6258 2036 6254 2554 6259 3165 6278" 
                    HPOS="223"
                    VPOS="6111"
                    WIDTH="2943"
                    HEIGHT="206">
            <Shape><Polygon POINTS="223 6111 3166 6111 3166 6317 223 6317"/></Shape>
	    <String CONTENT="Se diſſipe &amp; ſe change en un ſombre chagrin."
                    HPOS="223"
                    VPOS="6111"
                    WIDTH="2943"
                    HEIGHT="206"></String>
          </TextLine>

          
        </TextBlock>
        
        <TextBlock HPOS="3451"
                   VPOS="6245"
                   WIDTH="230"
                   HEIGHT="344"
                   ID="eSc_textblock_84cb6935"
                   TAGREFS="BT343">
          <Shape><Polygon POINTS="3451 6245 3451 6589 3681 6589 3681 6245"/></Shape>
          
        </TextBlock>
        

        
      </PrintSpace>
    </Page>
  </Layout>
</alto>
