4085 7126
401 336 196 185 26

1545 382 1244 186 STATIRA,

416 580 2872 178 Et que mon propre bras à mon amour fatal,

416 750 2644 178 Perde voſtre Rivale, & ſerve mon Rival;

415 918 2985 186 Bien loin de le haïr, ſon amour vous outrage,

425 1092 2728 180 Et vous en ſoûpirez de douleur & de rage;

415 1256 2984 192 Faites mieux. Puniſſez qui vous oſe outrager,

424 1424 3009 192 Et donnez à mon bras le ſoin de vous vanger;

424 1600 3368 181 Vous l'aimez, & l’Ingrat peut-il en aimer d’autres?

424 1768 3334 179 Peut-on eſtre touché d'autres yeux que des voſtres?

434 1930 2848 176 Madame, ſi ce Prince adoroit vos attraits,

433 2104 3059 184 Tout mon Rival qu’il eſt, je luy pardonnerois;

433 2262 3465 191 Mais pour luy pardonner vous n’avez point d’excuſe,

415 2440 3064 180 Je luy veux arracher ce cœur qu’il vous refuſe,

445 2616 2862 172 Et pour voir aujourd’huy ſes crimes expiez,

438 2776 3153 190 Vous l’aporter ſanglant, & le mettre à vos pieds.

1716 2969 964 119 ROXANE.

440 3122 3314 175 Je ne veux point, Seigneur, de pareilles Victimes,

406 3292 3038 166 Un ſoûpir ſeul pouroit expier tous ſes crimes,

453 3460 3463 175 Vous m’aimez, je vous plains, je ne puis rien de plus.

463 3630 3404 171 à part. Ah Dieux! que Caſſander n’eſt il Leonatus,

473 3798 3094 176 Ou que Leonatus changeant de cœur & d’ame,

469 3966 3136 174 N’a-t-il de Caſſander les tranſports & la flame?

1352 4567 1728 207 SCENE V.

482 4849 3489 213 HESIONE, ROXANE, CASSANDER.

1694 5170 1044 122 HESIONE.

481 5124 381 374 M

885 5285 2605 219 Adame, Statira n’eſt plus dans le Palais,

504 5490 2851 178 On vient de l’enlever par des ordres ſecrets,

498 5652 3058 194 Pluſieurs Gardes gagnez ont fait cette ſurpriſe,

508 5822 3384 187 Mais on ne connoît point l'Autheur de l'entrepriſe.

1781 6009 992 139 ROXANE.

523 6172 3181 183 Il périra, le Traiſtre. Allons, ſortons, Seigneur,

533 6348 1034 185 Empeſchons....
