<?xml version="1.0" encoding="UTF-8"?>
<alto xmlns:xsi="http://www.w3.org/2001/XMLSchema-instance"
      xmlns="http://www.loc.gov/standards/alto/ns-v4#"
      xsi:schemaLocation="http://www.loc.gov/standards/alto/ns-v4# https://gitlab.inria.fr/scripta/escriptorium/-/raw/develop/app/escriptorium/static/alto-4-1-baselines.xsd">
  <Description>
    <MeasurementUnit>pixel</MeasurementUnit>
    <sourceImageInformation>
      <fileName>Pradon1680_Statira_cb311463583_corrected_0039.png</fileName>
    </sourceImageInformation>
  </Description>
  
  <Tags>
    <OtherTag ID="BT1" LABEL="Title" DESCRIPTION="block type Title"/><OtherTag ID="BT2" LABEL="Main" DESCRIPTION="block type Main"/><OtherTag ID="BT343" LABEL="Damage" DESCRIPTION="block type Damage"/><OtherTag ID="BT344" LABEL="Decoration" DESCRIPTION="block type Decoration"/><OtherTag ID="BT345" LABEL="DropCapital" DESCRIPTION="block type DropCapital"/><OtherTag ID="BT346" LABEL="Figure" DESCRIPTION="block type Figure"/><OtherTag ID="BT348" LABEL="Margin" DESCRIPTION="block type Margin"/><OtherTag ID="BT349" LABEL="MusicNotation" DESCRIPTION="block type MusicNotation"/><OtherTag ID="BT350" LABEL="Numbering" DESCRIPTION="block type Numbering"/><OtherTag ID="BT351" LABEL="RunningTitle" DESCRIPTION="block type RunningTitle"/><OtherTag ID="BT352" LABEL="Seal" DESCRIPTION="block type Seal"/><OtherTag ID="BT353" LABEL="Signatures" DESCRIPTION="block type Signatures"/><OtherTag ID="BT354" LABEL="Stamp" DESCRIPTION="block type Stamp"/><OtherTag ID="BT355" LABEL="Table" DESCRIPTION="block type Table"/>
    <OtherTag ID="LT129" LABEL="Default" DESCRIPTION="line type Default"/><OtherTag ID="LT130" LABEL="DropCapitalLine" DESCRIPTION="line type DropCapitalLine"/><OtherTag ID="LT131" LABEL="Interlinear" DESCRIPTION="line type Interlinear"/><OtherTag ID="LT132" LABEL="MusicLine" DESCRIPTION="line type MusicLine"/><OtherTag ID="LT133" LABEL="Rubric" DESCRIPTION="line type Rubric"/>
  </Tags>
  
  <Layout>
    <Page WIDTH="4085"
          HEIGHT="7205"
          PHYSICAL_IMG_NR="25"
          ID="eSc_dummypage_">
      <PrintSpace HPOS="0"
                  VPOS="0"
                  WIDTH="4085"
                  HEIGHT="7205">
        
        <TextBlock HPOS="1079"
                   VPOS="367"
                   WIDTH="1480"
                   HEIGHT="241"
                   ID="eSc_textblock_845e46ab"
                   TAGREFS="BT351">
          <Shape><Polygon POINTS="1079 367 1079 608 2559 608 2559 367"/></Shape>
          
          
          <TextLine ID="tl_1"
                    TAGREFS="LT129"
                    BASELINE="1130 567 2532 557 2559 557" 
                    HPOS="1129"
                    VPOS="312"
                    WIDTH="1424"
                    HEIGHT="282">
            <Shape><Polygon POINTS="1129 564 1135 330 1171 348 1213 318 1279 318 1393 396 1730 396 1880 312 2012 348 2066 324 2126 366 2210 312 2535 354 2553 552 2517 588 1832 564 1802 594 1724 570 1525 594 1231 570 1141 594"/></Shape>
	    <String CONTENT="TRAGEDIE."
                    HPOS="1129"
                    VPOS="312"
                    WIDTH="1424"
                    HEIGHT="282"></String>
          </TextLine>

          
        </TextBlock>
        
        <TextBlock HPOS="3351"
                   VPOS="344"
                   WIDTH="309"
                   HEIGHT="276"
                   ID="eSc_textblock_5fa37fa9"
                   TAGREFS="BT350">
          <Shape><Polygon POINTS="3351 344 3351 620 3660 620 3660 344"/></Shape>
          
          
          <TextLine ID="eSc_line_49977167"
                    TAGREFS="LT129"
                    BASELINE="3385 544 3596 541" 
                    HPOS="3382"
                    VPOS="288"
                    WIDTH="198"
                    HEIGHT="336">
            <Shape><Polygon POINTS="3382 540 3394 324 3472 288 3580 318 3580 624 3394 624"/></Shape>
	    <String CONTENT="21"
                    HPOS="3382"
                    VPOS="288"
                    WIDTH="198"
                    HEIGHT="336"></String>
          </TextLine>

          
        </TextBlock>
        
        <TextBlock HPOS="0"
                   VPOS="608"
                   WIDTH="3672"
                   HEIGHT="5795"
                   ID="eSc_textblock_539ab961"
                   TAGREFS="BT2">
          <Shape><Polygon POINTS="103 608 0 6368 1271 6403 3638 6334 3672 608"/></Shape>
          
          
          <TextLine ID="tl_2"
                    TAGREFS="LT129"
                    BASELINE="1368 755 1604 750 1748 750 2014 746 2174 751 2382 755" 
                    HPOS="1368"
                    VPOS="635"
                    WIDTH="1014"
                    HEIGHT="126">
            <Shape><Polygon POINTS="1368 635 2382 635 2382 761 1368 761"/></Shape>
	    <String CONTENT="STATIRA."
                    HPOS="1368"
                    VPOS="635"
                    WIDTH="1014"
                    HEIGHT="126"></String>
          </TextLine>

          
          
          <TextLine ID="tl_3"
                    TAGREFS="LT129"
                    BASELINE="119 937 433 920 1081 915 1639 914 1991 914 2945 944" 
                    HPOS="116"
                    VPOS="784"
                    WIDTH="2829"
                    HEIGHT="183">
            <Shape><Polygon POINTS="116 784 2945 784 2945 967 116 967"/></Shape>
	    <String CONTENT="Avec Leonatus qu’allez vous entreprendre,"
                    HPOS="116"
                    VPOS="784"
                    WIDTH="2829"
                    HEIGHT="183"></String>
          </TextLine>

          
          
          <TextLine ID="tl_4"
                    TAGREFS="LT129"
                    BASELINE="137 1109 799 1084" 
                    HPOS="137"
                    VPOS="978"
                    WIDTH="662"
                    HEIGHT="165">
            <Shape><Polygon POINTS="137 978 799 978 799 1143 137 1143"/></Shape>
	    <String CONTENT="Seigneur?"
                    HPOS="137"
                    VPOS="978"
                    WIDTH="662"
                    HEIGHT="165"></String>
          </TextLine>

          
          
          <TextLine ID="tl_5"
                    TAGREFS="LT129"
                    BASELINE="1165 1257 1425 1259 1713 1268 2215 1267 2551 1263" 
                    HPOS="1165"
                    VPOS="1139"
                    WIDTH="1386"
                    HEIGHT="130">
            <Shape><Polygon POINTS="1165 1139 2551 1139 2551 1269 1165 1269"/></Shape>
	    <String CONTENT="CASSANDER."
                    HPOS="1165"
                    VPOS="1139"
                    WIDTH="1386"
                    HEIGHT="130"></String>
          </TextLine>

          
          
          <TextLine ID="tl_6"
                    TAGREFS="LT129"
                    BASELINE="797 1428 1141 1421 1807 1426 1945 1426 2233 1427 2801 1416 2887 1412 3505 1391" 
                    HPOS="797"
                    VPOS="1285"
                    WIDTH="2708"
                    HEIGHT="183">
            <Shape><Polygon POINTS="797 1285 3505 1285 3505 1468 797 1468"/></Shape>
	    <String CONTENT="Dans Babylone il doit bientoſt ſe rendre,"
                    HPOS="797"
                    VPOS="1285"
                    WIDTH="2708"
                    HEIGHT="183"></String>
          </TextLine>

          
          
          <TextLine ID="tl_7"
                    TAGREFS="LT129"
                    BASELINE="121 1615 740 1636 958 1589 1554 1614 1714 1598 2226 1595 2896 1580" 
                    HPOS="121"
                    VPOS="1466"
                    WIDTH="2775"
                    HEIGHT="177">
            <Shape><Polygon POINTS="121 1466 2896 1466 2896 1643 121 1643"/></Shape>
	    <String CONTENT="J’apuyray ſes deſſeins, &amp; malgré Perdiccas"
                    HPOS="121"
                    VPOS="1466"
                    WIDTH="2775"
                    HEIGHT="177"></String>
          </TextLine>

          
          
          <TextLine ID="tl_8"
                    TAGREFS="LT129"
                    BASELINE="118 1773 466 1754 738 1804 1210 1753 1960 1760 2402 1759 2716 1748 2940 1748 3580 1789" 
                    HPOS="118"
                    VPOS="1623"
                    WIDTH="3462"
                    HEIGHT="190">
            <Shape><Polygon POINTS="118 1623 3580 1623 3580 1813 118 1813"/></Shape>
	    <String CONTENT="Dont j’ay depuis longtemps gagné tous les Soldats,"
                    HPOS="118"
                    VPOS="1623"
                    WIDTH="3462"
                    HEIGHT="190"></String>
          </TextLine>

          
          
          <TextLine ID="tl_9"
                    TAGREFS="LT129"
                    BASELINE="122 1971 374 1971 410 1922 858 1924 1470 1923 2154 1923 2502 1923 2900 1952" 
                    HPOS="119"
                    VPOS="1800"
                    WIDTH="2781"
                    HEIGHT="178">
            <Shape><Polygon POINTS="119 1804 2900 1800 2900 1974 119 1978"/></Shape>
	    <String CONTENT="Qui ſuivant autrefois Antipater mon Pere,"
                    HPOS="119"
                    VPOS="1800"
                    WIDTH="2781"
                    HEIGHT="178"></String>
          </TextLine>

          
          
          <TextLine ID="tl_10"
                    TAGREFS="LT129"
                    BASELINE="118 2107 445 2092 1039 2091 1147 2091 1533 2122 1971 2096 2463 2091 2657 2087 2959 2092 3347 2097" 
                    HPOS="118"
                    VPOS="1965"
                    WIDTH="3229"
                    HEIGHT="174">
            <Shape><Polygon POINTS="118 1965 3347 1965 3347 2139 118 2139"/></Shape>
	    <String CONTENT="Tous dévoüez à moy, m’ont promis de tout faire."
                    HPOS="118"
                    VPOS="1965"
                    WIDTH="3229"
                    HEIGHT="174"></String>
          </TextLine>

          
          
          <TextLine ID="tl_11"
                    TAGREFS="LT129"
                    BASELINE="113 2317 263 2267 541 2260 625 2306 1107 2255 1271 2255 1763 2296 1917 2266 2263 2261 2443 2255 2881 2256" 
                    HPOS="113"
                    VPOS="2136"
                    WIDTH="2768"
                    HEIGHT="181">
            <Shape><Polygon POINTS="113 2136 2881 2136 2881 2317 113 2317"/></Shape>
	    <String CONTENT="Je feray relever la Garde, &amp; dans ce temps"
                    HPOS="113"
                    VPOS="2136"
                    WIDTH="2768"
                    HEIGHT="181"></String>
          </TextLine>

          
          
          <TextLine ID="tl_12"
                    TAGREFS="LT129"
                    BASELINE="123 2439 555 2430 809 2424 1609 2430 1717 2428 2015 2430 2209 2429 2965 2440" 
                    HPOS="123"
                    VPOS="2306"
                    WIDTH="2842"
                    HEIGHT="169">
            <Shape><Polygon POINTS="123 2306 2965 2306 2965 2475 123 2475"/></Shape>
	    <String CONTENT="Arbate qui commande à tous les Habitans,"
                    HPOS="123"
                    VPOS="2306"
                    WIDTH="2842"
                    HEIGHT="169"></String>
          </TextLine>

          
          
          <TextLine ID="tl_13"
                    TAGREFS="LT129"
                    BASELINE="121 2609 421 2588 525 2594 1171 2593 1513 2592 1961 2598 2243 2597 2701 2608" 
                    HPOS="121"
                    VPOS="2470"
                    WIDTH="2580"
                    HEIGHT="143">
            <Shape><Polygon POINTS="121 2470 2701 2470 2701 2613 121 2613"/></Shape>
	    <String CONTENT="Doit à Leonatus faire ouvrir une Porte,"
                    HPOS="121"
                    VPOS="2470"
                    WIDTH="2580"
                    HEIGHT="143"></String>
          </TextLine>

          
          
          <TextLine ID="tl_14"
                    TAGREFS="LT129"
                    BASELINE="121 2777 440 2758 1046 2757 1246 2763 1708 2792 1862 2768 2200 2763 2418 2763 2602 2759 3352 2801" 
                    HPOS="121"
                    VPOS="2633"
                    WIDTH="3231"
                    HEIGHT="174">
            <Shape><Polygon POINTS="121 2633 3352 2633 3352 2807 121 2807"/></Shape>
	    <String CONTENT="Vous conduire en ſecret, &amp; vous ſervit d’Eſcorte,"
                    HPOS="121"
                    VPOS="2633"
                    WIDTH="3231"
                    HEIGHT="174"></String>
          </TextLine>

          
          
          <TextLine ID="tl_15"
                    TAGREFS="LT129"
                    BASELINE="128 2941 540 2926 978 2931 1200 2933 1306 2933 1678 2964 2040 2928 2174 2931 2472 2931 3004 2932" 
                    HPOS="128"
                    VPOS="2802"
                    WIDTH="2876"
                    HEIGHT="177">
            <Shape><Polygon POINTS="128 2802 3004 2802 3004 2979 128 2979"/></Shape>
	    <String CONTENT="Voſtre Garde eſt à moy, mais il faut amuſer"
                    HPOS="128"
                    VPOS="2802"
                    WIDTH="2876"
                    HEIGHT="177"></String>
          </TextLine>

          
          
          <TextLine ID="tl_16"
                    TAGREFS="LT129"
                    BASELINE="112 3109 614 3094 778 3100 1474 3120 1628 3104 2100 3103 2662 3095 3012 3110" 
                    HPOS="112"
                    VPOS="2974"
                    WIDTH="2900"
                    HEIGHT="149">
            <Shape><Polygon POINTS="112 2974 3012 2974 3012 3123 112 3123"/></Shape>
	    <String CONTENT="Roxane &amp; Perdiccas, &amp; contre eux tout oſer."
                    HPOS="112"
                    VPOS="2974"
                    WIDTH="2900"
                    HEIGHT="149"></String>
          </TextLine>

          
          
          <TextLine ID="line_1548931981949_1455"
                    TAGREFS="LT129"
                    BASELINE="106 3271 3366 3269" 
                    HPOS="104"
                    VPOS="3135"
                    WIDTH="3262"
                    HEIGHT="173">
            <Shape><Polygon POINTS="106 3137 3366 3135 3364 3306 104 3308"/></Shape>
	    <String CONTENT="Pour mieux les éboüir, je connois l&#39;art de feindre,"
                    HPOS="104"
                    VPOS="3135"
                    WIDTH="3262"
                    HEIGHT="173"></String>
          </TextLine>

          
          
          <TextLine ID="tl_18"
                    TAGREFS="LT129"
                    BASELINE="103 3483 253 3437 465 3432 773 3438 1087 3437 1489 3472 1653 3442 1807 3438 2091 3484 2325 3443 3203 3464" 
                    HPOS="103"
                    VPOS="3312"
                    WIDTH="3100"
                    HEIGHT="175">
            <Shape><Polygon POINTS="103 3312 3203 3312 3203 3487 103 3487"/></Shape>
	    <String CONTENT="Je les flate tous deux, &amp; je ſçay me contraindre,"
                    HPOS="103"
                    VPOS="3312"
                    WIDTH="3100"
                    HEIGHT="175"></String>
          </TextLine>

          
          
          <TextLine ID="tl_19"
                    TAGREFS="LT129"
                    BASELINE="113 3611 435 3602 625 3602 1201 3601 1951 3606 2363 3601 2523 3601 2745 3602 2945 3602 3331 3641" 
                    HPOS="113"
                    VPOS="3479"
                    WIDTH="3218"
                    HEIGHT="170">
            <Shape><Polygon POINTS="113 3479 3331 3479 3331 3649 113 3649"/></Shape>
	    <String CONTENT="Mais ils pouront connoiſtre avant la fin du jour,"
                    HPOS="113"
                    VPOS="3479"
                    WIDTH="3218"
                    HEIGHT="170"></String>
          </TextLine>

          
          
          <TextLine ID="tl_20"
                    TAGREFS="LT129"
                    BASELINE="111 3781 743 3796 1007 3775 1167 3771 1433 3771 1687 3770 2089 3772 2243 3775 2677 3771 3197 3766" 
                    HPOS="111"
                    VPOS="3648"
                    WIDTH="3086"
                    HEIGHT="179">
            <Shape><Polygon POINTS="111 3648 3197 3648 3197 3827 111 3827"/></Shape>
	    <String CONTENT="Madame, que je ſers ma haine &amp; voſtre amour."
                    HPOS="111"
                    VPOS="3648"
                    WIDTH="3086"
                    HEIGHT="179"></String>
          </TextLine>

          
          
          <TextLine ID="tl_21"
                    TAGREFS="LT129"
                    BASELINE="1353 3945 2358 3949" 
                    HPOS="1353"
                    VPOS="3829"
                    WIDTH="1005"
                    HEIGHT="122">
            <Shape><Polygon POINTS="1353 3829 2358 3829 2358 3951 1353 3951"/></Shape>
	    <String CONTENT="STATIRA."
                    HPOS="1353"
                    VPOS="3829"
                    WIDTH="1005"
                    HEIGHT="122"></String>
          </TextLine>

          
          
          <TextLine ID="tl_22"
                    TAGREFS="LT129"
                    BASELINE="118 4119 306 4108 636 4100 1508 4128 2210 4139 2404 4103 2652 4099 3272 4093" 
                    HPOS="118"
                    VPOS="3973"
                    WIDTH="3154"
                    HEIGHT="182">
            <Shape><Polygon POINTS="118 3973 3272 3973 3272 4155 118 4155"/></Shape>
	    <String CONTENT="Ne vous étonnez pas, Seigneur, de ma ſurpriſe,"
                    HPOS="118"
                    VPOS="3973"
                    WIDTH="3154"
                    HEIGHT="182"></String>
          </TextLine>

          
          
          <TextLine ID="tl_23"
                    TAGREFS="LT129"
                    BASELINE="122 4283 768 4262 1618 4272 2016 4278 2344 4277 3094 4306" 
                    HPOS="122"
                    VPOS="4138"
                    WIDTH="2972"
                    HEIGHT="183">
            <Shape><Polygon POINTS="122 4138 3094 4138 3094 4321 122 4321"/></Shape>
	    <String CONTENT="Caſſander eſt l’autheur d’une telle entrepriſe,"
                    HPOS="122"
                    VPOS="4138"
                    WIDTH="2972"
                    HEIGHT="183"></String>
          </TextLine>

          
          
          <TextLine ID="tl_24"
                    TAGREFS="LT129"
                    BASELINE="118 4455 322 4442 828 4438 1026 4437 1642 4442" 
                    HPOS="118"
                    VPOS="4318"
                    WIDTH="1524"
                    HEIGHT="137">
            <Shape><Polygon POINTS="118 4318 1642 4318 1642 4455 118 4455"/></Shape>
	    <String CONTENT="Un Amant de Roxane!"
                    HPOS="118"
                    VPOS="4318"
                    WIDTH="1524"
                    HEIGHT="137"></String>
          </TextLine>

          
          
          <TextLine ID="tl_25"
                    TAGREFS="LT129"
                    BASELINE="1164 4611 1549 4618 1693 4614 2195 4615 2547 4625" 
                    HPOS="1164"
                    VPOS="4497"
                    WIDTH="1383"
                    HEIGHT="130">
            <Shape><Polygon POINTS="1164 4497 2547 4497 2547 4627 1164 4627"/></Shape>
	    <String CONTENT="CASSANDER."
                    HPOS="1164"
                    VPOS="4497"
                    WIDTH="1383"
                    HEIGHT="130"></String>
          </TextLine>

          
          
          <TextLine ID="tl_26"
                    TAGREFS="LT129"
                    BASELINE="1641 4778 1833 4774 2349 4779 2955 4808" 
                    HPOS="1641"
                    VPOS="4648"
                    WIDTH="1314"
                    HEIGHT="172">
            <Shape><Polygon POINTS="1641 4648 2955 4648 2955 4820 1641 4820"/></Shape>
	    <String CONTENT="Un Amant outragé,"
                    HPOS="1641"
                    VPOS="4648"
                    WIDTH="1314"
                    HEIGHT="172"></String>
          </TextLine>

          
          
          <TextLine ID="tl_27"
                    TAGREFS="LT129"
                    BASELINE="117 4963 431 4978 1111 4963 1311 4939 1817 4948 2065 4942 2379 4947 2729 4938 3207 4978" 
                    HPOS="117"
                    VPOS="4812"
                    WIDTH="3090"
                    HEIGHT="189">
            <Shape><Polygon POINTS="117 4812 3207 4812 3207 5001 117 5001"/></Shape>
	    <String CONTENT="Oüy, Madame, un Amant qui veut eſtre vangé;"
                    HPOS="117"
                    VPOS="4812"
                    WIDTH="3090"
                    HEIGHT="189"></String>
          </TextLine>

          
          
          <TextLine ID="tl_28"
                    TAGREFS="LT129"
                    BASELINE="113 5131 327 5110 827 5108 1369 5107 1703 5116 2595 5111 3013 5106 3228 5122" 
                    HPOS="113"
                    VPOS="4986"
                    WIDTH="3115"
                    HEIGHT="175">
            <Shape><Polygon POINTS="113 4986 3228 4986 3228 5161 113 5161"/></Shape>
	    <String CONTENT="Ses mépris (devant vous j’avoûray ma foibleſſe)"
                    HPOS="113"
                    VPOS="4986"
                    WIDTH="3115"
                    HEIGHT="175"></String>
          </TextLine>

          
          
          <TextLine ID="tl_29"
                    TAGREFS="LT129"
                    BASELINE="108 5295 406 5276 1102 5275 1410 5275 1768 5316 2608 5285 2850 5276 3527 5283" 
                    HPOS="108"
                    VPOS="5141"
                    WIDTH="3421"
                    HEIGHT="192">
            <Shape><Polygon POINTS="108 5141 3529 5141 3529 5333 108 5333"/></Shape>
	    <String CONTENT="Loin d’éteindre mes feux, augmentent ma tendreſſe;"
                    HPOS="108"
                    VPOS="5141"
                    WIDTH="3421"
                    HEIGHT="192"></String>
          </TextLine>

          
          
          <TextLine ID="tl_30"
                    TAGREFS="LT129"
                    BASELINE="108 5499 366 5444 888 5440 1082 5443 1470 5460 1624 5450 1932 5450 2592 5455" 
                    HPOS="108"
                    VPOS="5317"
                    WIDTH="2484"
                    HEIGHT="182">
            <Shape><Polygon POINTS="108 5317 2592 5317 2592 5499 108 5499"/></Shape>
	    <String CONTENT="J&#39;en soûpire de rage, &amp; vois Leonatus"
                    HPOS="108"
                    VPOS="5317"
                    WIDTH="2484"
                    HEIGHT="182"></String>
          </TextLine>

          
          
          <TextLine ID="tl_31"
                    TAGREFS="LT129"
                    BASELINE="116 5629 322 5614 868 5608 1066 5609 1460 5613 1936 5618 2110 5617 2314 5623 2716 5638" 
                    HPOS="116"
                    VPOS="5490"
                    WIDTH="2600"
                    HEIGHT="175">
            <Shape><Polygon POINTS="116 5490 2716 5490 2716 5665 116 5665"/></Shape>
	    <String CONTENT="Me dérober un cœur l’objet de ſes refus,"
                    HPOS="116"
                    VPOS="5490"
                    WIDTH="2600"
                    HEIGHT="175"></String>
          </TextLine>

          
          
          <TextLine ID="tl_32"
                    TAGREFS="LT129"
                    BASELINE="112 5797 253 5783 591 5778 1371 5773 1613 5782 1997 5782 2179 5787 2771 5782 3367 5805" 
                    HPOS="112"
                    VPOS="5653"
                    WIDTH="3255"
                    HEIGHT="182">
            <Shape><Polygon POINTS="112 5653 3367 5653 3367 5835 112 5835"/></Shape>
	    <String CONTENT="Et nous n’ignorons pas qu’en ce deſordre extréme"
                    HPOS="112"
                    VPOS="5653"
                    WIDTH="3255"
                    HEIGHT="182"></String>
          </TextLine>

          
          
          <TextLine ID="tl_33"
                    TAGREFS="LT129"
                    BASELINE="113 5957 207 5951 537 5956 957 5971 1091 5937 1241 5941 1583 5970 1847 5946 2095 5952 2443 5961 2621 5955 3103 5986" 
                    HPOS="113"
                    VPOS="5822"
                    WIDTH="2990"
                    HEIGHT="177">
            <Shape><Polygon POINTS="113 5822 3103 5822 3103 5999 113 5999"/></Shape>
	    <String CONTENT="Il vous aime, il la hait, elle me hait, je l&#39;aime;"
                    HPOS="113"
                    VPOS="5822"
                    WIDTH="2990"
                    HEIGHT="177"></String>
          </TextLine>

          
          
          <TextLine ID="tl_34"
                    TAGREFS="LT129"
                    BASELINE="117 6129 207 6129 341 6114 435 6114 799 6110 1027 6109 1523 6110 1673 6120 2011 6116 2447 6119 3119 6150" 
                    HPOS="117"
                    VPOS="5990"
                    WIDTH="3002"
                    HEIGHT="193">
            <Shape><Polygon POINTS="117 5990 3119 5990 3119 6183 117 6183"/></Shape>
	    <String CONTENT="Ainſi pour me vanger &amp; pour mieux l’obtenir,"
                    HPOS="117"
                    VPOS="5990"
                    WIDTH="3002"
                    HEIGHT="193"></String>
          </TextLine>

          
          
          <TextLine ID="tl_35"
                    TAGREFS="LT129"
                    BASELINE="111 6299 427 6288 1077 6279 1251 6279 1764 6334 2115 6287 2329 6293 2483 6329" 
                    HPOS="111"
                    VPOS="6171"
                    WIDTH="2373"
                    HEIGHT="166">
            <Shape><Polygon POINTS="111 6171 2484 6171 2484 6337 111 6337"/></Shape>
	    <String CONTENT="Avec Leonatus je ſçauray vous unir;"
                    HPOS="111"
                    VPOS="6171"
                    WIDTH="2373"
                    HEIGHT="166"></String>
          </TextLine>

          
        </TextBlock>
        

        
      </PrintSpace>
    </Page>
  </Layout>
</alto>
