4085 6931
1555 340 1181 162 PREFACE.

478 526 3337 266 d'Aléxandre, pour Amant de Starira; mais

445 766 3361 254 j'ay eu des raiſons aſſez fortes pour le faire.

487 1006 3322 242 Leonatus estoit un Prince du ſang d'Alé¬

490 1238 3333 262 xandre, fort illuſtre par ſes exploits. Il

481 1470 3313 254 avoit commandé en chef pluſieurs fois les

483 1698 3318 254 Armées d'Alexandre; il luy avoit ſauvé la

474 1934 3349 258 vie dans la Ville des Oxydraques, & ce fuſt

465 2166 3333 254 luy qui fuſt envoyé apres la Bataille d’Iſſus

468 2402 3325 254 dans les Tentes des Princeſſes, pour les aſ¬

434 2630 3382 258 ſurer de la vie de Darius, qu'elles croyoient

461 2878 3345 262 mort. C'eſt dans cette entreveuë où j'ay fait

460 3102 3353 262 naître leur tendreſſe, & cet endroit a paru

462 3330 3342 266 aſſez beau, il partagea l’Empire du Monde

457 3574 3337 238 avec tous les Succeſſeurs d'Alexandre; &

464 3810 3337 258 quoy qu’il ne faſſe pas une grande figure

459 4038 3333 246 dans le Roman, il en fait une aſſez

449 4274 3353 254 grande dans l'Hiſtoire, & il me doit ſuffire

456 4514 3333 238 qu’il ſoit celebre dans Quinte-Curſe &

459 4714 3361 286 dans Juſtin. J’avouë que ſi j’avois meſlé

457 4974 3334 258 un peu plus de politique dans les ſentimens

468 5182 3345 278 de ſi grands Hommes, le Sujet n'en eut eſté

467 5442 3325 254 que mieux, mais quelquefois la tendreſſe

473 5678 3334 254 nous emporte plus loin qu’il ne faut. I'ay

476 5902 3313 262 changé quelques circonſtances en la mort de
