4059 7006
1162 385 1436 245 TRAGEDIE.

3393 385 122 338 3

168 634 3329 193 Ce n’eſt donc point ce nom ou mon cœur doit pré¬

483 827 461 145 tendre,

163 966 3106 192 Seigneur, nous adorons les Veuves d’Aléxandre,

152 1134 2963 186 Pourquoy le taire encor? pourquoy diſſmuler?

172 1304 2682 177 Caſſander, il eſt temps d'agir & de parler;

159 1476 2387 164 J’adore Statira, vous adorez Roxane,

167 1626 2658 157 Et vous aimez en vain cette fiere Perſane,

158 1764 2891 201 J’aime en vain Statira, mais il faut découvrir

172 1956 2744 175 Nos Rivaux trop heureux, & les faire périr;

171 2112 2969 190 Il faur que noſtre adreſſe à nos forces réponde,

173 2280 3014 170 Maiſtres de Babylone, il faut l’eſtre du Monde;

172 2446 2619 173 En vain Leonatus prétend nous aſſieger,

177 2608 3271 179 Nous ſçaurons le combatre, & meſme nous vanger;

177 2768 3344 185 Pour gouverner l'Empire où nous devons prétendre,

172 2936 2793 161 Il faut nous aſſurer des Veuves d’Aléxandre,

178 3098 2808 181 Et fondez ſur des droits juſtes & ſouverains,

173 3268 2773 175 Partager ſon Empire & celuy des Humains.

1193 3443 1326 127 CASSANDER.

182 3590 2933 182 Ce procedé, Seigneur, me paroît trop ſincere,

172 3754 3286 181 Pour cacher plus longtemps ce que j’ay voulu taire?

183 3922 2953 168 Oüy, j’adore Roxane, & ſon cœur orgueilleux

176 4080 2751 171 Dédaigne mes ſoûpirs, & rejete mes vœux;

182 4248 2744 171 Fiere d’avoir un Fils auſſi-bien que Barſine,

181 4408 2803 169 Roxane à l’Univers pour Maiſtre le deſtine,

177 4570 2942 182 Sans ſonger que ce Fils né d’un ſang ennemy,

176 4734 2615 177 Le Fils d’une Perſane eſt Eſclave à demy,

188 4892 2980 178 Et que la Macédoine a des Peuples trop braves

177 5060 3029 174 Pour ſe faire des Roys du ſang de leurs Eſclaves;

177 5226 3194 173 Mais puis que nous voyons ces Trônes, ces Etats,

182 5386 2943 180 Payez de noſtre ſang, & conquis par nos bras,

178 5554 3194 169 Nous pouvons entre nous les partager ſans crime,

177 5714 2885 175 Puis qu’il n’a point laiſſé d’Heritier légitime,

169 5872 2850 161 Les armes à la main, nous ferons voir à tous

168 6034 3212 181 Qu'Aléxandre n’a point de Succeſſeurs que nous.

2690 6220 354 208 A ij
