4085 7250
416 332 212 205 22

1589 277 1220 284 STATIRA,

422 540 3091 215 Peut-eſtre que Roxane en perdant l'eſpérance,

432 722 2772 192 Couronnera mes feux & ma perſéverance,

432 888 2746 198 Et pour vous engager par de ſi forts liens,

413 1048 2989 196 J'unis vos intereſts, Madame, avec les miens.

1653 1252 971 128 STATIRA.

411 1384 3251 207 Je reſpire, Seigneur, & commence à comprendre

438 1554 3443 213 Qu’un Hõme tel que vous poura tout entreprendre;

442 1716 2926 206 Vous aimez, il ſuffit, & vous avez promis....

438 1886 3424 215 Mais, Seigneur, cõtre vous quel nombre d'Ennemis?

429 2058 2717 198 Leonatus peut-il ſeconder voſtre attente?

433 2224 2925 206 Perdiccas eſt jaloux, & Roxane eſt Amante.

427 2388 1942 200 Que de périls, grands Dieux!

1450 2592 1379 138 CASSANDER.

1940 2761 1097 172 Quoy, Madame?

1628 2928 1051 141 STATIRA.

2886 3107 660 175 Seigneur,

417 3222 3225 227 Ce grand projet me trouble & me glace le cœur.

413 3412 2935 210 Quand je trace à mes yeux une fidelle image

407 3580 3040 205 De mille affreux périls où ce pas vous engage,

399 3752 2894 203 Je ſoûpire, je tremble, & n'y puis conſentir,

404 3916 3463 215 Je ne ſçay quels malheurs mon cœur ſçait preſſentir.

408 4092 2650 159 Dieux! ſi Leonatus dans ſa funeſte envie

412 4264 2576 196 Payoit ma liberté de ſon ſang, de ſa vie,

403 4422 3459 213 Qu'il vint tõber ſanglant à mes pieds.... J’en frémis,

399 4600 3129 200 Et ne veux point, Seigneur, eſtre libre à ce prix.

1472 4783 1357 139 CASSANDER.

398 4928 3509 209 Madame, au nom des Dieux, ſoyez moins allarmée,

398 5096 3185 208 Vous verrez aujourd'huy le Camp de Ptolomée,

388 5270 3166 202 Laiſſez-moy tout conduire, allez en ce moment,

402 5438 2936 192 En attendant Arbate, en voſtre Apartement;

387 5606 3131 195 Là, Madame, dans peu vous le verrez paroiſtre,

373 5770 3174 206 Un plus long entretien ſeroit ſuſpect peut-eſtre,

388 5942 3055 181 Si Roxane en ces lieux me trouvoit avec vous,

392 6110 887 179 Sa jalouſie....
