4085 7126
1635 267 1225 237 STATIRA,

469 302 250 268 24

492 501 2993 230 Et quoy qu’enfin le ſien pour Statira ſoûpire,

495 665 3149 211 De l'amour de Roxane il ne faut pas l'inſtruire,

516 844 2927 222 Il l'ignore, & je veux qu’il l’ignore toûjours,

521 1000 3445 232 Ou qu’il n’en ſoit inſtruit qu’aux deſpẽs de ſes jours;

521 1178 3250 213 Mais Roxane qui craint le pouvoir de mon Pere,

521 1345 2933 219 Qui ſçait qu’Antipater peut ſervir ma colere,

526 1510 2896 226 Que ſon Armée avance, a connu que tantôt

512 1679 2706 215 Son eſprit irrité m’avoit parlé trop haut.

513 1843 3302 213 Dieux! ſi ſon cœur pouvoit.... La voicy, la cruelle,

525 2002 3452 230 Cours prendre garde à tout, & me laiſſe avecque elle.

1342 2623 1816 228 SCENE IV.

764 3014 2915 232 ROXANE, CASSANDER.

1768 3388 969 141 ROXANE.

755 3515 3228 214 E vous cherchois, Seigneur, vous en eſtes ſurpris,

511 3323 210 459 J

565 3703 3097 221 Mais nous devons quiter l’aigreur & le mépris,

563 3878 3020 216 Nos eſprits inquiets en avoient l’un & l'autre,

558 4034 3285 218 Mon cœur en eſtoit plein auſſi-bien que le voſtre,

550 4209 3023 223 Dans un péril preſſant nous devons les banir,

565 4377 2825 233 Et de grands intéreſts nous doivent réünir,

566 4550 2648 235 Je rends à vos vertus un tribut légitime,

561 4716 2870 236 Voyons, ſi vous voulez mériter mon eſtime.

1623 4986 1345 143 CASSANDER.

577 5228 2774 220 Je feray tout, Madame, & pour la mériter,

604 5435 929 193 Que faut-il....

1858 5586 947 138 ROXANE.

1515 5732 1957 207 Un deſſein qu’il faut exécuter.

625 5911 2791 197 Le fier Leonatus nous brave, nous menace,

624 6078 2461 219 Et déja Ptolomée aſſiege cette Place,
