4085 7205
1123 318 1466 252 TRAGEDIE.

3394 354 210 384 17

126 550 3274 247 Mais d’où vient que Roxane à vos jours ſi fatale...

1364 835 985 144 STATIRA.

125 1070 3100 227 Pourquoy t’en étonner? Roxane eſt ma Rivale;

132 1241 2814 219 Sa rage, ſes chagrins, ſes fureurs, ſes refus,

121 1414 2667 210 Tout me dit que Roxane aime Leonatus.

131 1577 3098 220 Mais écoute, Cleone, il eſt temps de t’aprendre

118 1748 2952 214 Le ſecret & l’amour des Veuves d'Alexandre;

127 1911 3364 226 Mes feux, mes triſtes feux, ne ſont point criminels,

130 2079 3315 228 Quand j’adore apres luy le plus grand des Mortels,

136 2245 2642 211 Car ſi de l'Univers il n’eut eſté le Maître,

127 2415 2540 213 Le ſeul Leonatus eſtoit digne de l'eſtre.

122 2587 3308 228 Aprens donc mon amour, ma crainte, mes ennuis,

131 2751 2895 219 Et l’état pitoyable où mes jours ſont réduits.

131 2921 2846 216 Helas! te ſouvient-il de ce jour mémorable

130 3085 2478 212 Qui fit de Darius le deſtin déplorable?

121 3257 3072 218 Quand le monde ébranlé par ce premier revers

130 3425 3321 222 Commença de trembler nous voyant dans les fers;

121 3585 3341 242 Que dans le Champ d’Iſſus Aléxandre eut la gloire

121 3755 2820 210 D'honorer de nos fers ſa premiere victoire,

130 3929 3199 218 Nous attendions en pleurs le deſtin des Vaincus,

125 4101 2911 213 Lors qu'on nous annonça la mort de Darius:

131 4263 3124 213 De cent cris douloureux nos Tentes retentirent,

126 4435 3446 234 Les Vaincus, les Vainqueurs, cõme nous en gémirent,

135 4601 2489 211 Ma Mere évanoüye, avec Syſigambis,

134 4763 3053 231 Nous faiſoit redoubler nos ſanglots & nos cris,

136 4931 3366 235 Nous eſtions à leurs pieds dans ces triſtes allarmes,

133 5103 3296 234 Et pour les ſecourir nous n’avions que nos larmes.

122 5271 2679 218 Alexandre touché que par un faux raport

126 5437 2990 217 Nous eſtions allarmez pour cette feinte mort,

120 5609 3349 238 Voulut ſecher les pleurs qu'il nous faiſoit répandre,

122 5779 2542 207 Leonatus entra de la part d’Aléxandre,

131 5939 2849 225 Et ce Prince attendry de nos vives douleurs

126 6107 2975 245 D'un ſeul mot arreſta la ſource de nos pleurs.

2710 6345 369 209 B iij
