4000 7057
1117 282 1500 235 TRAGEDIE.

3411 317 194 294 25

144 531 3032 192 Il aproche, on l'a veu du haut de nos Rempars

149 707 2949 176 Faire contre nos Murs marcher ſes Etendars;

154 871 3343 197 Nous pourrons d’un ſeul coup prévenir la tempeſte,

143 1033 2999 202 Il ne faudroit, Seigneur, abatre qu’une Teſte,

134 1199 2223 161 Punir Leonatus de ſa temérité....

1187 1392 1351 131 CASSANDER.

140 1537 2539 183 Contre luy voſtre cœur ſeroit-il irrité,

135 1699 3319 194 Madame, & pouriez-vous m'aſſurer d’une haine....

1362 1895 966 119 ROXANE.

124 2035 3451 193 De ma haine, Seigneur! Dieux! elle eſt trop certaine,

149 2203 2579 177 Roxane contre luy n’en a point à demy,

124 2367 2395 180 Je hay Leonatus en mortel Ennemy,

131 2531 3221 198 Luy qui prétend nous faire une ſanglante guerre,

114 2693 2945 188 Qui contre nous ſoûleve & le Ciel & la Terre,

135 2865 2689 186 Leonatus, enfin, que je veux deſormais....

136 3029 3085 191 Pourquoy me demander, Seigneur, ſi je le hais?

1167 3212 1347 137 CASSANDER.

126 3351 3113 191 Hé bien? à vous ſervir ma main eſt toute preſte;

110 3523 3265 182 Mais, Madame, oſez vous me demander ſa Teſte?

1379 3711 947 125 ROXANE.

110 3855 513 171 De qui?

1137 4036 1367 135 CASSANDER.

764 4193 2291 186 D’un Ennemy qui vous eſt odieux,

85 4349 831 169 Qui vient....

1348 4539 941 128 ROXANE.

759 4689 2685 188 Ce n’eſt pas là, Seigneur, ce que je veux,

91 4853 3191 189 Mais je veux l’attaquer par un autre Luy-meſme,

86 5019 3091 186 Et ne veux le punir que dans l’Objet qu’il aime;

81 5183 2661 182 Il nous faut ébloüir & tromper Perdiccas,

80 5347 2483 180 Immolons en ſecret les funeſtes appas

67 5521 1389 181 Pour qui Leonatus....

1128 5698 1377 135 CASSANDER.

1473 5864 1679 169 Je vous entens, Madame,

56 6016 3291 205 Vous voulez que je preſte un crime à voſtre flame;

2818 6205 140 163 C
