4085 7057
1177 382 1436 259 TRAGEDIE.

3437 464 153 271 9

170 649 3322 224 Qui réveillant tous deux ma haine & ma tendreſſe,

176 821 3321 221 Malgré tout mon orgueil ont fait voir ma foibleſſe;

161 989 2765 219 Je verray mes attraits peut-eſtre humiliez,

175 1147 3288 226 Moy, qui vis le Vainqueur de la Terre à mes pieds,

175 1315 3146 218 Moy, qui devrois au nom de Veuve d’Aléxandre

171 1485 2648 237 Aller m'enſevelir dans ſa ſuperbe cendre,

169 1651 2932 217 J’oſe encor luy ſurvivre, & mon perfide cœur

180 1807 3220 226 Soûpire, & malgré moy luy donne un Succeſſeur,

170 1983 3013 204 Dans ce trouble mortel je me connois à peine,

162 2145 2978 212 J’aperçois mon amour à travers de ma haine,

172 2309 2730 210 Et je dis en tremblant à mes ſens éperdus,

166 2481 2288 198 Si je hais Starira, j’aime Leonatus.

1382 2761 1066 148 HESIONE.

165 2983 3106 213 Mais, Madame, apres tout oſeray-je ſans crime

161 3157 2872 202 Sçavoir quelle raiſon contr’elle vous anime?

160 3317 2610 211 Seul reſte des Enfans du ſang de Darius,

152 3491 2612 187 Elle a mille beautez, elle a mille vertus;

146 3653 2844 198 Quand Perdiccas & vous la retenez captive,

152 3815 2950 223 A peine malgré luy vous ſouffrez qu’elle vive.

148 3981 1458 183 Que vous a-t-elle fait?

1388 4173 945 139 ROXANE.

1577 4342 1650 188 Dieux, ce qu’elle m'a fait!

155 4469 2790 219 Heſione, elle eſt belle, & c’eſt là ſon forfait;

147 4639 3076 219 Elle ſçeut m’enlever tous les vœux d’Aléxandre,

146 4807 3402 241 Elle a droit ſur un Trône où mon Fils doit prétendre;

142 4971 2794 225 Mille jeunes appas qu’elle traîne apres ſoy,

142 5135 2980 232 Et toutes ſes vertus, ſont des crimes pour moy;

138 5301 3012 222 Elle eſt ma Concurrente à la Perſe, à l’Empire,

137 5467 3183 238 Mais elle eſt ma Rivale, & mon cœur en ſoûpire;

121 5640 2616 193 Je la trouve par tout, ſes charmes odieux

141 5809 2954 217 Ont toûjours balancé le pouvoir de mes yeux.

130 5963 3429 252 Il me ſouvient du jour qu’on trompa ma vangeance,

119 6134 2262 209 Je vis Leonatus courir à ſa défenſe,
