<?xml version="1.0" encoding="UTF-8"?>
<alto xmlns:xsi="http://www.w3.org/2001/XMLSchema-instance"
      xmlns="http://www.loc.gov/standards/alto/ns-v4#"
      xsi:schemaLocation="http://www.loc.gov/standards/alto/ns-v4# https://gitlab.inria.fr/scripta/escriptorium/-/raw/develop/app/escriptorium/static/alto-4-1-baselines.xsd">
  <Description>
    <MeasurementUnit>pixel</MeasurementUnit>
    <sourceImageInformation>
      <fileName>Pradon1680_Statira_cb311463583_corrected_0025.png</fileName>
    </sourceImageInformation>
  </Description>
  
  <Tags>
    <OtherTag ID="BT1" LABEL="Title" DESCRIPTION="block type Title"/><OtherTag ID="BT2" LABEL="Main" DESCRIPTION="block type Main"/><OtherTag ID="BT343" LABEL="Damage" DESCRIPTION="block type Damage"/><OtherTag ID="BT344" LABEL="Decoration" DESCRIPTION="block type Decoration"/><OtherTag ID="BT345" LABEL="DropCapital" DESCRIPTION="block type DropCapital"/><OtherTag ID="BT346" LABEL="Figure" DESCRIPTION="block type Figure"/><OtherTag ID="BT348" LABEL="Margin" DESCRIPTION="block type Margin"/><OtherTag ID="BT349" LABEL="MusicNotation" DESCRIPTION="block type MusicNotation"/><OtherTag ID="BT350" LABEL="Numbering" DESCRIPTION="block type Numbering"/><OtherTag ID="BT351" LABEL="RunningTitle" DESCRIPTION="block type RunningTitle"/><OtherTag ID="BT352" LABEL="Seal" DESCRIPTION="block type Seal"/><OtherTag ID="BT353" LABEL="Signatures" DESCRIPTION="block type Signatures"/><OtherTag ID="BT354" LABEL="Stamp" DESCRIPTION="block type Stamp"/><OtherTag ID="BT355" LABEL="Table" DESCRIPTION="block type Table"/>
    <OtherTag ID="LT129" LABEL="Default" DESCRIPTION="line type Default"/><OtherTag ID="LT130" LABEL="DropCapitalLine" DESCRIPTION="line type DropCapitalLine"/><OtherTag ID="LT131" LABEL="Interlinear" DESCRIPTION="line type Interlinear"/><OtherTag ID="LT132" LABEL="MusicLine" DESCRIPTION="line type MusicLine"/><OtherTag ID="LT133" LABEL="Rubric" DESCRIPTION="line type Rubric"/>
  </Tags>
  
  <Layout>
    <Page WIDTH="4085"
          HEIGHT="7006"
          PHYSICAL_IMG_NR="11"
          ID="eSc_dummypage_">
      <PrintSpace HPOS="0"
                  VPOS="0"
                  WIDTH="4085"
                  HEIGHT="7006">
        
        <TextBlock HPOS="1136"
                   VPOS="402"
                   WIDTH="1492"
                   HEIGHT="275"
                   ID="eSc_textblock_8db21504"
                   TAGREFS="BT351">
          <Shape><Polygon POINTS="1136 402 1136 677 2628 677 2628 402"/></Shape>
          
          
          <TextLine ID="tl_1"
                    TAGREFS="LT129"
                    BASELINE="1208 613 1903 630 2071 638 2263 638 2382 637 2547 653 2662 660" 
                    HPOS="1203"
                    VPOS="356"
                    WIDTH="1450"
                    HEIGHT="315">
            <Shape><Polygon POINTS="1203 607 1221 373 1244 361 1309 397 1385 373 1461 402 1618 402 1706 356 1747 385 1840 385 1864 414 1998 385 2062 420 2133 420 2238 373 2571 397 2653 379 2641 671 2413 648 2279 665 2249 642 1747 648 1630 624 1484 642 1443 618 1244 636 1209 613"/></Shape>
	    <String CONTENT="TRAGEDIE."
                    HPOS="1203"
                    VPOS="356"
                    WIDTH="1450"
                    HEIGHT="315"></String>
          </TextLine>

          
        </TextBlock>
        
        <TextBlock HPOS="3386"
                   VPOS="428"
                   WIDTH="311"
                   HEIGHT="381"
                   ID="eSc_textblock_5af0409e"
                   TAGREFS="BT351">
          <Shape><Polygon POINTS="3453 437 3386 774 3697 809 3672 428"/></Shape>
          
        </TextBlock>
        
        <TextBlock HPOS="3452"
                   VPOS="488"
                   WIDTH="191"
                   HEIGHT="251"
                   ID="eSc_textblock_a24c199f"
                   TAGREFS="BT343">
          <Shape><Polygon POINTS="3493 516 3452 739 3643 714 3643 488"/></Shape>
          
        </TextBlock>
        
        <TextBlock HPOS="23"
                   VPOS="643"
                   WIDTH="3569"
                   HEIGHT="5737"
                   ID="eSc_textblock_41ef201b"
                   TAGREFS="BT2">
          <Shape><Polygon POINTS="161 643 23 6380 3592 6345 3592 700"/></Shape>
          
          
          <TextLine ID="eSc_line_749e4d21"
                    TAGREFS="LT129"
                    BASELINE="3454 710 3694 725" 
                    HPOS="3453"
                    VPOS="361"
                    WIDTH="246"
                    HEIGHT="433">
            <Shape><Polygon POINTS="3453 706 3488 379 3512 397 3553 361 3594 367 3646 426 3699 426 3693 723 3670 794 3459 758"/></Shape>
	    <String CONTENT="7"
                    HPOS="3453"
                    VPOS="361"
                    WIDTH="246"
                    HEIGHT="433"></String>
          </TextLine>

          
          
          <TextLine ID="tl_2"
                    TAGREFS="LT129"
                    BASELINE="229 815 321 815 1182 779 1758 803 2501 823 2672 825 2817 829 3244 843" 
                    HPOS="229"
                    VPOS="641"
                    WIDTH="3016"
                    HEIGHT="248">
            <Shape><Polygon POINTS="229 641 3245 641 3245 889 229 889"/></Shape>
	    <String CONTENT="J&#39;ay remarqué toûjours qu’envieux de ſa gloire."
                    HPOS="229"
                    VPOS="641"
                    WIDTH="3016"
                    HEIGHT="248"></String>
          </TextLine>

          
          
          <TextLine ID="tl_3"
                    TAGREFS="LT129"
                    BASELINE="242 947 554 934 892 941 1212 948 1648 965 2382 984 2528 984 3201 1046" 
                    HPOS="241"
                    VPOS="805"
                    WIDTH="2962"
                    HEIGHT="241">
            <Shape><Polygon POINTS="241 805 3203 805 3203 1046 241 1046"/></Shape>
	    <String CONTENT="Sans ceſſe vous tâchez d’obſcurcir ſa mémoire;"
                    HPOS="241"
                    VPOS="805"
                    WIDTH="2962"
                    HEIGHT="241"></String>
          </TextLine>

          
          
          <TextLine ID="tl_4"
                    TAGREFS="LT129"
                    BASELINE="232 1124 370 1100 1086 1109 1462 1124 1598 1134 2098 1144 2344 1148 2880 1188" 
                    HPOS="232"
                    VPOS="975"
                    WIDTH="2649"
                    HEIGHT="227">
            <Shape><Polygon POINTS="232 975 2881 975 2881 1202 232 1202"/></Shape>
	    <String CONTENT="Je n’examine point le caprice des Dieux,"
                    HPOS="232"
                    VPOS="975"
                    WIDTH="2649"
                    HEIGHT="227"></String>
          </TextLine>

          
          
          <TextLine ID="tl_5"
                    TAGREFS="LT129"
                    BASELINE="236 1271 650 1269 820 1273 1158 1279 1646 1293 1990 1303 2420 1313 2529 1322 2788 1326 3191 1353" 
                    HPOS="235"
                    VPOS="1137"
                    WIDTH="2964"
                    HEIGHT="245">
            <Shape><Polygon POINTS="235 1137 3199 1137 3199 1382 235 1382"/></Shape>
	    <String CONTENT="Ils ont eu leurs raiſons pour l’oſter à nos yeux."
                    HPOS="235"
                    VPOS="1137"
                    WIDTH="2964"
                    HEIGHT="245"></String>
          </TextLine>

          
          
          <TextLine ID="tl_6"
                    TAGREFS="LT129"
                    BASELINE="234 1440 864 1438 1496 1457 1894 1473 2078 1471 2358 1482 2846 1516" 
                    HPOS="233"
                    VPOS="1299"
                    WIDTH="2616"
                    HEIGHT="237">
            <Shape><Polygon POINTS="233 1299 2849 1299 2849 1536 233 1536"/></Shape>
	    <String CONTENT="Dûſſay-je m’attirer l&#39;éclat de leur colere."
                    HPOS="233"
                    VPOS="1299"
                    WIDTH="2616"
                    HEIGHT="237"></String>
          </TextLine>

          
          
          <TextLine ID="tl_7"
                    TAGREFS="LT129"
                    BASELINE="232 1598 343 1593 565 1597 831 1603 1018 1608 1486 1623 1788 1632 2368 1642 2548 1651 2948 1662 3053 1665 3448 1708" 
                    HPOS="231"
                    VPOS="1465"
                    WIDTH="3218"
                    HEIGHT="251">
            <Shape><Polygon POINTS="231 1465 3449 1465 3449 1716 231 1716"/></Shape>
	    <String CONTENT="Il fiſt ſeul ce qu’eux tous auroient eu peine à faire,"
                    HPOS="231"
                    VPOS="1465"
                    WIDTH="3218"
                    HEIGHT="251"></String>
          </TextLine>

          
          
          <TextLine ID="tl_8"
                    TAGREFS="LT129"
                    BASELINE="226 1769 374 1758 1104 1778 1342 1792 1784 1796 1980 1801 2542 1815 2991 1829" 
                    HPOS="226"
                    VPOS="1633"
                    WIDTH="2767"
                    HEIGHT="234">
            <Shape><Polygon POINTS="226 1633 2993 1633 2993 1867 226 1867"/></Shape>
	    <String CONTENT="Et ſans-doute ces Dieux de ſa gloire jaloux"
                    HPOS="226"
                    VPOS="1633"
                    WIDTH="2767"
                    HEIGHT="234"></String>
          </TextLine>

          
          
          <TextLine ID="tl_9"
                    TAGREFS="LT129"
                    BASELINE="230 1934 359 1934 816 1935 1298 1947 1625 1956 1891 1967 2281 1974 2725 1999 2938 1990 3132 2009" 
                    HPOS="229"
                    VPOS="1789"
                    WIDTH="2906"
                    HEIGHT="252">
            <Shape><Polygon POINTS="229 1789 3135 1789 3135 2041 229 2041"/></Shape>
	    <String CONTENT="N’ont pû ſouffirir qu’il fuſt adoré parmy nous."
                    HPOS="229"
                    VPOS="1789"
                    WIDTH="2906"
                    HEIGHT="252"></String>
          </TextLine>

          
          
          <TextLine ID="tl_10"
                    TAGREFS="LT129"
                    BASELINE="218 2106 478 2087 688 2092 1055 2119 1444 2120 1812 2125 2164 2132 2676 2150 2811 2149 3242 2163" 
                    HPOS="217"
                    VPOS="1965"
                    WIDTH="3026"
                    HEIGHT="244">
            <Shape><Polygon POINTS="217 1965 3243 1965 3243 2209 217 2209"/></Shape>
	    <String CONTENT="J’en dis trop. Mais enfin pour reparer la gloire"
                    HPOS="217"
                    VPOS="1965"
                    WIDTH="3026"
                    HEIGHT="244"></String>
          </TextLine>

          
          
          <TextLine ID="tl_11"
                    TAGREFS="LT129"
                    BASELINE="218 2268 550 2255 1423 2314 1580 2285 1874 2291 2294 2305 2442 2304 3109 2294" 
                    HPOS="218"
                    VPOS="2133"
                    WIDTH="2893"
                    HEIGHT="229">
            <Shape><Polygon POINTS="218 2133 3111 2133 3111 2362 218 2362"/></Shape>
	    <String CONTENT="D&#39;un Demy-Dieu, je dois élever ſa mémoire;"
                    HPOS="218"
                    VPOS="2133"
                    WIDTH="2893"
                    HEIGHT="229"></String>
          </TextLine>

          
          
          <TextLine ID="tl_12"
                    TAGREFS="LT129"
                    BASELINE="219 2425 365 2420 705 2420 1106 2436 1560 2449 2150 2469 2360 2468 2587 2474 3042 2489" 
                    HPOS="218"
                    VPOS="2293"
                    WIDTH="2825"
                    HEIGHT="236">
            <Shape><Polygon POINTS="218 2293 3043 2293 3043 2529 218 2529"/></Shape>
	    <String CONTENT="Et vous devez ſonger qu’apres un tel Epoux"
                    HPOS="218"
                    VPOS="2293"
                    WIDTH="2825"
                    HEIGHT="236"></String>
          </TextLine>

          
          
          <TextLine ID="tl_13"
                    TAGREFS="LT129"
                    BASELINE="206 2624 356 2580 549 2589 834 2590 1560 2615 1860 2624 2330 2628 2770 2686 3150 2671" 
                    HPOS="206"
                    VPOS="2459"
                    WIDTH="2947"
                    HEIGHT="236">
            <Shape><Polygon POINTS="206 2459 3153 2459 3153 2695 206 2695"/></Shape>
	    <String CONTENT="Je ne puis m’abaiſſer d’en choiſir parmy vous,"
                    HPOS="206"
                    VPOS="2459"
                    WIDTH="2947"
                    HEIGHT="236"></String>
          </TextLine>

          
          
          <TextLine ID="tl_14"
                    TAGREFS="LT129"
                    BASELINE="206 2782 821 2759 1193 2774 1305 2777 1671 2822 1996 2788 2368 2799 2562 2807 2868 2813 3606 2866" 
                    HPOS="206"
                    VPOS="2623"
                    WIDTH="3401"
                    HEIGHT="251">
            <Shape><Polygon POINTS="206 2623 3607 2623 3607 2874 206 2874"/></Shape>
	    <String CONTENT="Qu’ayant mõté ſi haut, mon cœur ne peut deſcendre,"
                    HPOS="206"
                    VPOS="2623"
                    WIDTH="3401"
                    HEIGHT="251"></String>
          </TextLine>

          
          
          <TextLine ID="tl_15"
                    TAGREFS="LT129"
                    BASELINE="209 2919 359 2912 671 2918 960 2933 1063 2933 1594 2948 1798 2953 2259 2962 3005 2992" 
                    HPOS="208"
                    VPOS="2788"
                    WIDTH="2807"
                    HEIGHT="239">
            <Shape><Polygon POINTS="208 2789 3015 2788 3015 3026 208 3027"/></Shape>
	    <String CONTENT="Et qu&#39;il faut à Roxane un ſecond Aléxandre."
                    HPOS="208"
                    VPOS="2788"
                    WIDTH="2807"
                    HEIGHT="239"></String>
          </TextLine>

          
          
          <TextLine ID="tl_16"
                    TAGREFS="LT129"
                    BASELINE="203 3087 380 3083 729 3089 932 3102 1390 3107 1483 3111" 
                    HPOS="202"
                    VPOS="2957"
                    WIDTH="1283"
                    HEIGHT="164">
            <Shape><Polygon POINTS="202 2957 1485 2957 1485 3121 202 3121"/></Shape>
	    <String CONTENT="En eſt-il un encor?.."
                    HPOS="202"
                    VPOS="2957"
                    WIDTH="1283"
                    HEIGHT="164"></String>
          </TextLine>

          
          
          <TextLine ID="tl_17"
                    TAGREFS="LT129"
                    BASELINE="1232 3282 1333 3282 1739 3296 2229 3297 2619 3315" 
                    HPOS="1232"
                    VPOS="3145"
                    WIDTH="1387"
                    HEIGHT="172">
            <Shape><Polygon POINTS="1232 3145 2619 3145 2619 3317 1232 3317"/></Shape>
	    <String CONTENT="CASSANDER."
                    HPOS="1232"
                    VPOS="3145"
                    WIDTH="1387"
                    HEIGHT="172"></String>
          </TextLine>

          
          
          <TextLine ID="tl_18"
                    TAGREFS="LT129"
                    BASELINE="1844 3456 2896 3476" 
                    HPOS="1844"
                    VPOS="3332"
                    WIDTH="1053"
                    HEIGHT="148">
            <Shape><Polygon POINTS="1844 3332 2897 3332 2897 3480 1844 3480"/></Shape>
	    <String CONTENT="Le ſeul Leonatus"
                    HPOS="1844"
                    VPOS="3332"
                    WIDTH="1053"
                    HEIGHT="148"></String>
          </TextLine>

          
          
          <TextLine ID="tl_19"
                    TAGREFS="LT129"
                    BASELINE="193 3587 481 3581 680 3586 996 3640 1855 3644 1983 3616 2170 3620 2296 3621 2494 3626 2967 3619" 
                    HPOS="192"
                    VPOS="3450"
                    WIDTH="2777"
                    HEIGHT="237">
            <Shape><Polygon POINTS="192 3450 2969 3450 2969 3687 192 3687"/></Shape>
	    <String CONTENT="Sort du ſang d’Aléxandre, il en a les vertus;"
                    HPOS="192"
                    VPOS="3450"
                    WIDTH="2777"
                    HEIGHT="237"></String>
          </TextLine>

          
          
          <TextLine ID="tl_20"
                    TAGREFS="LT129"
                    BASELINE="189 3750 404 3746 655 3756 1061 3779 1719 3803 1829 3774 2084 3780 2464 3789 2904 3838" 
                    HPOS="188"
                    VPOS="3614"
                    WIDTH="2719"
                    HEIGHT="224">
            <Shape><Polygon POINTS="188 3614 2907 3614 2907 3838 188 3838"/></Shape>
	    <String CONTENT="Mais Statira, Madame, à vos deſirs fatale,"
                    HPOS="188"
                    VPOS="3614"
                    WIDTH="2719"
                    HEIGHT="224"></String>
          </TextLine>

          
          
          <TextLine ID="tl_21"
                    TAGREFS="LT129"
                    BASELINE="185 3906 838 3920 1174 3920 1420 3926 1796 3935 2130 3945 2576 3958 2850 3969 3358 3988" 
                    HPOS="184"
                    VPOS="3784"
                    WIDTH="3187"
                    HEIGHT="246">
            <Shape><Polygon POINTS="184 3784 3371 3786 3371 4030 184 4028"/></Shape>
	    <String CONTENT="Peut-eſtre dans ſon cœur vous donne une Rivale;"
                    HPOS="184"
                    VPOS="3784"
                    WIDTH="3187"
                    HEIGHT="246"></String>
          </TextLine>

          
          
          <TextLine ID="tl_22"
                    TAGREFS="LT129"
                    BASELINE="175 4074 341 4070 665 4128 854 4084 1336 4090 1585 4098 1918 4108 2364 4113 2614 4129 2990 4176" 
                    HPOS="174"
                    VPOS="3944"
                    WIDTH="2819"
                    HEIGHT="240">
            <Shape><Polygon POINTS="174 3944 2993 3944 2993 4184 174 4184"/></Shape>
	    <String CONTENT="Le ſang de Darius qui vous donna des Loix,"
                    HPOS="174"
                    VPOS="3944"
                    WIDTH="2819"
                    HEIGHT="240"></String>
          </TextLine>

          
          
          <TextLine ID="tl_23"
                    TAGREFS="LT129"
                    BASELINE="175 4250 343 4240 849 4282 1096 4254 1597 4286 2290 4281 2464 4297 2901 4312" 
                    HPOS="174"
                    VPOS="4112"
                    WIDTH="2729"
                    HEIGHT="220">
            <Shape><Polygon POINTS="174 4112 2903 4112 2903 4332 174 4332"/></Shape>
	    <String CONTENT="Sa beauté, ſon mérite, autoriſent ce choix."
                    HPOS="174"
                    VPOS="4112"
                    WIDTH="2729"
                    HEIGHT="220"></String>
          </TextLine>

          
          
          <TextLine ID="tl_24"
                    TAGREFS="LT129"
                    BASELINE="1414 4436 1849 4449 1987 4442 2363 4457" 
                    HPOS="1414"
                    VPOS="4308"
                    WIDTH="951"
                    HEIGHT="153">
            <Shape><Polygon POINTS="1414 4308 2365 4308 2365 4461 1414 4461"/></Shape>
	    <String CONTENT="ROXANE."
                    HPOS="1414"
                    VPOS="4308"
                    WIDTH="951"
                    HEIGHT="153"></String>
          </TextLine>

          
          
          <TextLine ID="tl_25"
                    TAGREFS="LT129"
                    BASELINE="173 4575 495 4568 1025 4579 1413 4610 2083 4640 2280 4611 2426 4621 3026 4631 3153 4638 3550 4674" 
                    HPOS="172"
                    VPOS="4436"
                    WIDTH="3379"
                    HEIGHT="258">
            <Shape><Polygon POINTS="172 4436 3551 4436 3551 4694 172 4694"/></Shape>
	    <String CONTENT="Vous pourrez donc, Seigneur, en la trouvant ſi belle,"
                    HPOS="172"
                    VPOS="4436"
                    WIDTH="3379"
                    HEIGHT="258"></String>
          </TextLine>

          
          
          <TextLine ID="tl_26"
                    TAGREFS="LT129"
                    BASELINE="165 4738 327 4736 403 4778 1027 4743 1274 4747 1729 4794 1891 4776 2450 4787 2782 4787 3080 4834" 
                    HPOS="164"
                    VPOS="4606"
                    WIDTH="2919"
                    HEIGHT="240">
            <Shape><Polygon POINTS="164 4606 3083 4606 3083 4846 164 4846"/></Shape>
	    <String CONTENT="Luy préſenter vos vœux, &amp; ſoûpirer pour elle,"
                    HPOS="164"
                    VPOS="4606"
                    WIDTH="2919"
                    HEIGHT="240"></String>
          </TextLine>

          
          
          <TextLine ID="tl_27"
                    TAGREFS="LT129"
                    BASELINE="165 4907 355 4903 507 4898 937 4907 1274 4915 1680 4931 1878 4937 2150 4946 2538 4949 3015 4964" 
                    HPOS="164"
                    VPOS="4778"
                    WIDTH="2859"
                    HEIGHT="233">
            <Shape><Polygon POINTS="164 4778 3023 4779 3023 5011 164 5010"/></Shape>
	    <String CONTENT="De ſa gloire mon cœur ne ſera point jaloux,"
                    HPOS="164"
                    VPOS="4778"
                    WIDTH="2859"
                    HEIGHT="233"></String>
          </TextLine>

          
          
          <TextLine ID="tl_28"
                    TAGREFS="LT129"
                    BASELINE="161 5072 303 5065 791 5075 941 5077 1478 5090 1816 5120 2242 5110 2580 5118 2963 5144" 
                    HPOS="160"
                    VPOS="4936"
                    WIDTH="2805"
                    HEIGHT="234">
            <Shape><Polygon POINTS="160 4936 2965 4936 2965 5170 160 5170"/></Shape>
	    <String CONTENT="Et meſme je conſens à luy parler pour vous."
                    HPOS="160"
                    VPOS="4936"
                    WIDTH="2805"
                    HEIGHT="234"></String>
          </TextLine>

          
          
          <TextLine ID="tl_29"
                    TAGREFS="LT129"
                    BASELINE="1195 5255 1561 5270 1857 5271 2189 5281 2527 5297" 
                    HPOS="1194"
                    VPOS="5141"
                    WIDTH="1335"
                    HEIGHT="156">
            <Shape><Polygon POINTS="1194 5141 2529 5141 2529 5297 1194 5297"/></Shape>
	    <String CONTENT="CASSANDER."
                    HPOS="1194"
                    VPOS="5141"
                    WIDTH="1335"
                    HEIGHT="156"></String>
          </TextLine>

          
          
          <TextLine ID="tl_30"
                    TAGREFS="LT129"
                    BASELINE="151 5402 251 5402 481 5436 897 5406 1224 5414 1534 5463 2464 5424 3539 5506" 
                    HPOS="150"
                    VPOS="5268"
                    WIDTH="3389"
                    HEIGHT="254">
            <Shape><Polygon POINTS="150 5268 3539 5268 3539 5522 150 5522"/></Shape>
	    <String CONTENT="A luy parler pour moy! Juſtes Dieux! Mais, Madame,"
                    HPOS="150"
                    VPOS="5268"
                    WIDTH="3389"
                    HEIGHT="254"></String>
          </TextLine>

          
          
          <TextLine ID="tl_31"
                    TAGREFS="LT129"
                    BASELINE="149 5564 471 5560 673 5565 1125 5575 1384 5584 1700 5637 2224 5608 2406 5612 2742 5618 3103 5665" 
                    HPOS="148"
                    VPOS="5438"
                    WIDTH="2957"
                    HEIGHT="235">
            <Shape><Polygon POINTS="148 5438 3105 5438 3105 5673 148 5673"/></Shape>
	    <String CONTENT="Vous ne ſçavez que trop le ſecret de mon ame,"
                    HPOS="148"
                    VPOS="5438"
                    WIDTH="2957"
                    HEIGHT="235"></String>
          </TextLine>

          
          
          <TextLine ID="tl_32"
                    TAGREFS="LT129"
                    BASELINE="126 5773 637 5728 1313 5782 2004 5769 2266 5773 2498 5779 2890 5788" 
                    HPOS="126"
                    VPOS="5605"
                    WIDTH="2765"
                    HEIGHT="235">
            <Shape><Polygon POINTS="126 5605 2891 5605 2891 5840 126 5840"/></Shape>
	    <String CONTENT="J’attens Leonatus; peut-eſtre que ſon cœur"
                    HPOS="126"
                    VPOS="5605"
                    WIDTH="2765"
                    HEIGHT="235"></String>
          </TextLine>

          
          
          <TextLine ID="tl_33"
                    TAGREFS="LT129"
                    BASELINE="131 5898 909 5902 1111 5903 1701 5955 1990 5932 2294 5938 2634 5948 3117 5932" 
                    HPOS="130"
                    VPOS="5754"
                    WIDTH="2989"
                    HEIGHT="236">
            <Shape><Polygon POINTS="130 5754 3119 5754 3119 5990 130 5990"/></Shape>
	    <String CONTENT="Découvrant ſes deſſeins, fera voir mon erreur;"
                    HPOS="130"
                    VPOS="5754"
                    WIDTH="2989"
                    HEIGHT="236"></String>
          </TextLine>

          
          
          <TextLine ID="tl_34"
                    TAGREFS="LT129"
                    BASELINE="135 6061 447 6053 558 6058 887 6068 1013 6083 1372 6084 1840 6097 2232 6106 2837 6151" 
                    HPOS="134"
                    VPOS="5932"
                    WIDTH="2705"
                    HEIGHT="237">
            <Shape><Polygon POINTS="134 5932 2839 5932 2839 6169 134 6169"/></Shape>
	    <String CONTENT="Mais ſi pour Starira j’avois l’ame inquiete,"
                    HPOS="134"
                    VPOS="5932"
                    WIDTH="2705"
                    HEIGHT="237"></String>
          </TextLine>

          
          
          <TextLine ID="tl_35"
                    TAGREFS="LT129"
                    BASELINE="116 6271 457 6221 1246 6251 1938 6277 2280 6281 3035 6314" 
                    HPOS="116"
                    VPOS="6101"
                    WIDTH="2921"
                    HEIGHT="240">
            <Shape><Polygon POINTS="116 6101 3037 6101 3037 6341 116 6341"/></Shape>
	    <String CONTENT="Je ne vous prîrois pas d’eſtre mon Interprete,"
                    HPOS="116"
                    VPOS="6101"
                    WIDTH="2921"
                    HEIGHT="240"></String>
          </TextLine>

          
        </TextBlock>
        

        
      </PrintSpace>
    </Page>
  </Layout>
</alto>
