4085 6923
582 317 81 248 2

1627 334 1229 254 STATIRA,

573 588 2581 175 Le fier Leonatus, Cratere, & Ptolomée,

588 759 2924 178 Ont mis dans leur party la moitié de l'Armée,

588 925 2909 174 On veut nous aſſieger, mais on voit Seleucus,

597 1092 2494 173 Eumenes, Alcetas, Python, Antigonus,

581 1246 3085 177 Qui ſoûtenant le droit où voſtre eſpoir ſe fonde,

578 1412 2732 171 Veulent vous élever à l'Empire du Monde;

582 1572 2623 181 L’imbécille Philipe eſt-il né pour régner?

579 1736 2551 179 Les Macédoniens ont ſçeu le dédaigner.

584 1899 2908 174 Bien que Fils de Philipe & Frere d'Aléxandre,

586 2055 2955 186 Eſt-il digne du ſang dont on l’a veu deſcendre?

593 2227 3010 166 Peut-il ſeul commander à cent Peuples vaincus,

605 2390 2611 143 Et Frere d'Aléxandre en a t-il les vertus?

602 2546 3244 179 Ce n’eſt point luy qu’au Trône Aléxandre déſigne,

602 2714 3149 173 Ce Monarque en mourant le remet au plus digne,

597 2866 3144 157 Par là ſans vous nommer il vous nomme en effet,

598 3039 2780 176 Et ſcelle de ſa main le don qu'il vous en fait.

1662 3301 1261 122 PERDICCAS,

591 3531 2987 184 Je ſçais trop d’Aléxandre honorer la mémoire,

616 3700 3072 181 Seigneur, pour me flater de tant de vaine gloire;

610 3862 3145 185 Il eſt vray que ſon choix ſemble tomber ſur moy,

617 4031 2785 170 Mais apres ce Héros peut-on élire un Roy?

608 4183 3348 178 Quand la Terre a perdu ſon Vainqueur & ſon Maître,

616 4347 2849 178 Eſt-il un Succeſſeur qu'elle puiſſe connoître?

625 4508 3044 187 Le préſent qu'il m’a fait n'a point dû m'ébloüir,

617 4681 2383 174 Il peut eſtre fatal à qui veut en joüir;

616 4833 2952 180 Quand de la Macédoine Alexandre eut l’élite,

630 4995 2881 180 Il avoit moins de Chefs que de Roys à ſa ſuite,

625 5158 3041 187 Et ce Héros vainqueur des Medes, des Perſans,

630 5324 3230 177 Ne nommoit plus de Roys que par ſes Lieutenans.

722 5483 3249 200 Je n’ay donc point voulu me parer d’un vain Titre,

641 5651 2974 178 De tous ſes Succeſſeurs je veux eſtre l’Arbitre,

639 5814 2701 185 J’en ay fait nommer un pour le faire haïr,

654 5975 2814 192 Et n’ay choiſy qu’un Roy qui me ſçeut obeïr
