4085 7152
1628 351 1252 316 STATIRA,

512 357 161 256 6

489 572 2975 280 Le Pont, la Macédoine, ou tant d'autres Païs

437 791 3346 224 Où nous pourions dans peu couronner voſtre fils;

471 941 2975 239 Mais il faut à ce Fils un Tuteur qui ſoûtienne

468 1131 2788 212 Toute voſtre grandeur unie avec la ſienne.

468 1301 2946 223 Voyez, examinez, s'il n’eſt point parmy nous

459 1463 3069 240 De Prince, ou de Héros qui ſoit digne de vous.

459 1623 1632 197 Ne pouvez-vous choiſir?

1747 1846 955 141 ROXANE.

1896 2012 1674 188 Hé qui pouroit prétendre

433 2133 3197 236 A remplir dans mon cœur la place d'Aléxandre?

441 2311 2864 225 Pourois-je m’abaiſſer à ſouffrir qu’en ce lieu

429 2455 3035 244 Un Mortel uſurpaſt le rang d'un Demy-Dieu?

1485 2680 1389 142 CASSANDER.

414 2814 3202 227 Hé! Madame, les Dieux que ce diſcours offence,

423 2987 3373 231 Par ces raiſons peut-eſtre ont haſté leur vangeance,

405 3154 2904 218 Irritez qu’un Mortel juſques ſur leurs Autels

400 3326 2949 217 S'oſaſt placer vivant au rang des Immortels;

398 3486 3090 229 Leur juſtice a fait voir que ce grand Alexandre,

400 3664 3176 210 Ce Fils de Jupiter, n’eſtoit qu’un peu de cendre,

395 3830 2938 219 Pardonnez un diſcours qui ſemble injurieux;

395 3996 2984 211 Mais icy Caſſander prend la cauſe des Dieux.

400 4162 3141 214 Ne l’avons-nous pas veu par ce nouveau caprice

386 4336 2836 205 Ayant de ſon orgueil la Fortune complice,

389 4470 3271 253 Rougir de paroiſtre Homme, & pour le démentir,

371 4670 2712 205 Deſavoüer le ſang dont on l'a veu ſortir?

377 4834 3268 215 Et ſans-doute qu’un jour ce Vainqueur teméraire

386 5004 2572 205 Auroit deſavoüé Jupiter pour ſon Pere,

382 5178 2246 193 Si ſon ambition avoit pû le flater

385 5334 3217 231 De trouver quelque Dieu plus grand que Jupiter.

1637 5536 944 140 ROXANE.

374 5658 3453 242 Vous ne le craignez plus, mais s’il vivoit, peut-eſtre

380 5832 3072 227 Vous ne parleriez pas ſi haut de voſtre Maiſtre,

382 6004 3184 212 Caſſander, & ſon nom vous auroit fait trembler,

367 6168 3179 244 lors qu’un de ſes regards vous pouvoir accabler.
