4033 7074
430 330 248 230 18

1580 324 1232 265 STATIRA,

442 554 2736 200 Ciel! avec quelle grace il aborda ma Mere

450 747 3253 186 Lors qu’il nous détrompa de la mort de mon Pere!

451 910 3018 203 Que ſon air eſtoit libre & remply de grandeur!

439 1082 2931 177 Et qu’il me parût propre à conſoler un cœur!

450 1243 2759 180 Je ne ſçay ſi déja pour mon Pere attendrie,

431 1410 2541 181 Lors que Leonatus m'aſſuroit de ſa vie,

448 1573 2869 178 Mon coeur ſans y penſer, par un juſte retour,

441 1734 2574 191 Fiſt ſervir l’amitié de paſſage à l’amour:

425 1896 2917 189 Enfin dans cet inſtant je ne pûs me défendre

430 2060 3405 187 De ſentir pour ce Prince un mouvement trop tendre;

435 2235 2741 178 Et ſoit que le Deſtin ou l’Amour le voulut,

446 2400 2613 181 Il me vit, je luy plûs, je le vis, il me plût.

1695 2580 904 123 CLEONE.

449 2719 3195 178 Mais, Madame, depuis, malgré ce cœur ſi tendre,

434 2894 2599 171 Leonatus vous vit l'Epouſe d’Aléxandre,

421 3052 2922 180 Et cet illuſtre nom qui vous couvre d’éclat...

1660 3234 995 123 STATIRA.

435 3388 2219 159 Il fallut obeïr en Victime d'Etat;

426 3544 2672 179 Leonatus remply d’une douleur extréme,

436 3686 3321 205 Deſeſperé, tremblant, vint m’annoncer luy-meſme

445 3877 2769 178 Qu'Aléxandre dans peu me devoit épouſer,

426 4042 2647 181 Et qu’il l’avoit chargé de me le propoſer.

435 4205 2825 188 Juge de ſa douleur, Cleone, & de la mienne,

446 4364 2988 187 Ma flame eſtoit déja preſque égale à la ſienne,

458 4535 2757 176 Et dans ce dur moment, je ne puis le celer,

435 4696 2907 189 Je voulus luy répondre, & ne ſçeus luy parler;

436 4855 3247 164 Mais tous deux de concert dans ces vives allarmes,

441 5022 3077 181 Nous laiſſâmes parler nos ſoûpirs & nos larmes.

426 5196 2697 187 Je voyois à regret ce Prince mon Amant,

440 5343 3267 196 Luy-meſme à ma grandeur s’immoler tendrement;

455 5506 3325 197 Aléxandre vainqueur, quoyqu’il fiſt pour me plaire,

456 5674 3373 187 Ne m’en parût pas moins le vainqueur de mon Pere;

445 5845 2863 172 Raviſſeur de nos biens, maiſtre de nos Etats,

446 6017 2765 220 J'admiré ce Héros, mais je ne l'amay pas,
