4085 7232
561 355 205 241 10

1635 367 1279 283 STATIRA,

551 635 2782 223 Des ſoins de Perdiccas il prenoit la moitié

551 809 2700 214 Par d'autres intéreſts que ceux de la pitié;

545 981 2902 210 Sans leur cruel amour, ſans leur pitié fatale,

545 1147 2980 207 Roxane en cet inſtant n’avoit plus de Rivale,

545 1319 2919 201 Et terminant ſon ſort pour raſſurer le mien,

530 1479 3014 220 J’allois eſtre en état de ne craindre plus rien.

1741 1774 1052 137 HESIONE,

530 1995 3330 220 Mais Barſine, Madame, eſt plus à craindre qu’elle,

530 2165 3064 212 Et bien que Statira ſoit plus jeune & plus belle,

526 2329 2994 219 Barſine a d’Alexandre un Fils de qui les droits

516 2501 2514 211 La rendront plus coupable à vos yeux.

1772 2871 979 136 ROXANE.

3009 3052 700 165 Je le vois,

505 3175 2726 208 La ſeule Statira cependant m’épouvante,

507 3349 3082 208 Et Barſine moins belle eſt bien plus innocente.

491 3517 3244 204 J’ay dans mes intéreſts, & dans ceux de mon Fils,

501 3693 2674 189 Eumenes, Seleucus, & cent autres Amis;

497 3859 2450 196 Mais ſi Leonatus ſe déclare pour elle,

487 4027 3261 208 S’il me porte aujourd’huy cette atteinte mortelle,

490 4195 2980 211 Statira doit trembler... Ce Prince que j’atens

481 4363 3177 203 Retient encor mon ame & mes vœux en ſuſpens;

476 4528 2908 207 D'une foible eſpérance en fecret je me flate,

490 4699 2896 206 Il faut que fon deſſein ou ſon amour éclate.

476 4865 3402 214 Dieux! j’en tremble, Heſione, & mon cœur agité...

480 5033 3090 222 Mais quelqu’un vient à nous d’un pas précipité.
