4033 7232
566 289 187 295 14

1603 259 1296 295 STATIRA,

1393 626 1789 179 ROXANE à Caſſander.

536 856 2983 195 Je ne ſçay; mais, Seigneur, quoy qu’il arrive,

535 1024 2863 190 Roxane & Perdiccas la retiendront captive.

1692 1306 1235 130 LEONATUS.

537 1544 3405 209 AH Madame! ou les Dieux n’auront point d’équité,

550 1726 2455 176 Ou nous l'arracherons à la captivité.

541 1894 2589 187 Au lieu de prévenir une funeſte guerre,

541 2062 3176 182 Vous allez l’allumer aux deux bouts de la Terre,

552 2232 639 138 Madame.

1811 2418 955 133 ROXANE.

1105 2741 2767 189 Et nous, Seigneur, nous ſçaurons ſoûtenir

560 2905 2979 196 Ces éclats dangereux que l'on peut prévenir.

540 3076 2735 181 Vous pouvez cependant aſſurer Ptolomée

551 3241 3455 200 Que nous ne craignons point ny luy, ny ſon Armée.

726 3423 769 132 à Perdiccas.

551 3595 1307 172 Sortons, Seigneur.

1369 4197 1849 209 SCENE VI.

751 4599 3101 206 CASSANDER, LEONATUS.

1658 4963 1365 134 CASSANDER.

1585 5249 2297 235 E voy qu'on nous brave tous deux,

1404 5076 154 426 J

566 5455 2727 183 Roxane nous inſulte & mépriſe mes feux,

572 5631 3056 184 Perdiccas m’abandonne & s’unit avecque elle,

561 5797 3107 192 Je les quite, Seigneur, & prens voſtre querelle,

576 5969 2625 180 Dans une heure je puis délivrer Starira,

571 6135 2869 201 Ou dans ce grand deſſein Caſſander périra.
