4085 7232
494 319 260 205 12

1671 295 1255 301 STATIRA,

541 552 3338 225 Et nous devons, vainqueurs de cent Peuples divers,

547 734 2618 194 Partager, & non pas déchirer l’Univers.

551 900 2944 210 Sur tant de Nations qui ſont fieres & braves,

545 1070 2976 198 De Maiſtres nous allons devenir les Eſclaves,

537 1240 3198 211 Et travaillant nous-meſme à nos propres débris,

549 1410 3076 210 Nous allons par nos bras vanger nos Ennemis.

541 1574 2700 205 Oüy, déja l'Indien, le Perſan & le Scyte,

537 1748 2714 209 S’apreſtent à briſer le joug qui les irrite,

537 1922 2604 194 Et ces Peuples vaincus à demy révoltez

539 2086 3006 211 Nous deſtinent déja les fers qu’ils ont portez.

545 2248 3074 222 Quand nous ſerons en proye à la guerre civile,

529 2428 2598 196 Un Ennemy défait en fera naître mille,

535 2592 3254 206 Qui joüiſſans du fruit de nos communs malheurs,

535 2768 3456 214 Vangerons les Vaincus aux deſpens des Vainqueurs,

531 2924 2834 217 Qui devenant alors victimes de leur gloire,

535 3104 2906 200 Se verront accablez par leur propre victoire;

535 3264 2686 207 Ainſi ſans nous flater de nos prétentions,

531 3440 2758 202 Donnons ordre au plutoſt à nos diviſions.

535 3610 2890 211 Philipe a-t-il d’un Roy la veritable marque?

525 3788 3472 212 Non, vous n'avez en luy que l’ombre d’un Monarque,

510 3950 3169 208 Un Maiſtre qui vous ſert formé de voſtre main,

532 4122 2863 187 Et vous faites mouvoir un Fantôme ſi vain.

524 4290 3005 203 L’Univers peut-il eſtre un Trône hereditaire?

519 4460 3310 222 La Victoire a des droits plus forts que ceux d'un

880 4660 401 137 Frere,

526 4806 3203 209 Et puis que par nos mains un Héros l’a conquis,

536 4970 3104 186 Aléxandre eſt le Pere, & nous ſommes les Fils.

542 5138 3024 197 Madame, on aura ſoin des intéreſts du voſtre,

542 5310 2934 196 l’intéreſt de Barſine eſt déja joint au noſtre,

542 5482 2494 197 Ainſi ſur cet article on poura décider;

546 5652 3304 195 Mais, Madame, il m’en reſte un autre à demander.

560 5825 2820 196 On tient dans ce Palais Starira priſonniere,

556 5995 3304 216 Qu’on luy rende aujourd'huy liberté toute entiere,

562 6163 3162 220 Tout le Camp la demande, & Ptolomée, & moy.
