4267 6647
1185 420 2487 537 TRAGEDIE.

3111 476 3278 575 79
830 998 2127 1240 ACTE
2382 1019 2807 1253 III

436 1499 1381 1686 SCENE
1628 1514 3220 1703 PREMIERE-

498 1875 1116 1980 ALCAN
1134 1881 1554 2006 DRE,
1600 1882 2010 1988 ROSI
2030 1886 2260 1988 DO
2286 1888 2446 2011 R,
2506 1891 3184 2026 CALISTE,

1213 2039 1485 2144 VN
1585 2042 2457 2144 PREVOST.

404 2298 652 2385 ALC.

1152 2298 1776 2395 'Admirable
1814 2337 2238 2398 rencontre
2272 2342 2316 2398 a
2350 2344 2546 2399 mon
2580 2345 2758 2404 ame
2796 2329 3030 2421 ravie,

1151 2428 1278 2511 De
1307 2432 1482 2516 voir
1519 2462 1672 2550 que
1709 2433 1913 2520 deux
1951 2459 2255 2519 amants
2289 2432 2901 2529 s’entredoivent
2937 2447 3009 2533 la
3029 2449 3177 2546 vie,

1315 2554 1491 2641 voit
1537 2583 1689 2672 que
1733 2583 1877 2642 ton
1921 2553 2113 2672 péril
2159 2553 2231 2641 la
2273 2558 2417 2646 tire
2463 2557 2559 2645 de
2597 2561 2919 2684 danger,

1152 2674 1338 2779 Que
1372 2673 1442 2758 le
1476 2674 1628 2759 lien
1666 2705 1742 2763 te
1766 2679 2074 2766 fournit
2116 2679 2438 2798 dequoy
2474 2687 2632 2767 t’en
2674 2684 3048 2809 dégager,

583 2786 846 2900 Qu’en
884 2791 1088 2880 deux
1122 2794 1448 2883 delfeins
1484 2796 1738 2885 divers
1775 2800 2092 2918 pareille
2137 2800 2456 2909 jaloufie

581 2912 1083 3001 Mefme'lieu
1121 2947 1399 3006 contre
1433 2952 1685 3013 vous,
1739 2931 1823 3006 ôe
1869 2924 2165 3009 mefme
2203 2921 2443 3012 heure
2485 2961 2529 3013 a
2571 2929 2897 3027 choifie,

584 3042 687 3122 Et
730 3068 885 3153 que
926 3033 1321 3126 l’heureux
1354 3042 1715 3131 malheur
1752 3046 1893 3163 qui
1938 3077 2139 3134 vous
2168 3077 2209 3131 a
2242 3078 2615 3135 menacez

586 3164 802 3246 Avec
844 3189 1010 3246 tant
1052 3162 1144 3246 de
1186 3163 1494 3277 justefle
1536 3198 1580 3252 a
1624 3173 1732 3251 les
1778 3195 2030 3286 temps
2074 3176 2550 3286 comparez.

407 3279 645 3363 ROS.
697 3281 897 3375 Sire,
939 3284 1280 3396 ajouftez
1319 3289 1426 3373 du
1459 3289 1638 3373 Ciel
1679 3285 2048 3377 l’occulte
2073 3294 2585 3407 providence;

585 3406 729 3484 Sur
771 3401 975 3490 deux
1017 3437 1321 3493 amants
1367 3408 1421 3494 il
1467 3411 1677 3498 verfe
1719 3440 1875 3498 une
1917 3415 2213 3498 mefme
2259 3414 2689 3510 influence,

580 3528 686 3610 Et
730 3556 1048 3612 comme
1090 3528 1252 3611 l’un
1298 3558 1430 3645 par
1476 3532 1746 3615 l’autre
1792 3532 1845 3616 il
1890 3566 1932 3620 a
1974 3536 2152 3649 fçeu
2194 3565 2398 3620 nous
2442 3536 2750 3628 fauver,

584 3640 648 3728 Il
692 3644 984 3732 femble
1032 3648 1188 3735 l’un
1233 3680 1438 3767 pour
1482 3648 1750 3736 l’autre
1792 3648 2062 3770 exprès
2108 3683 2308 3741 nous
2354 3657 2790 3746 conserver.

403 3765 655 3849 ALC.
701 3772 781 3853 le
819 3765 1187 3867 t’entens,
1225 3773 1607 3867 Rofidor,
1653 3805 1787 3889 par
1835 3774 1905 3862 là
1955 3796 2035 3859 tu
2081 3809 2213 3861 me
2259 3808 2463 3862 veux
2501 3775 2667 3862 dire

584 3886 803 3996 Qtfil
848 3891 1015 3978 faut
1060 3891 1387 4012 qu’avec
1428 3896 1503 3980 le
1536 3895 1715 3983 Ciel
1758 3929 1889 3984 ma
1930 3895 2265 3984 volonté
2302 3929 2699 4013 conspire,

584 4020 686 4096 Et
732 4046 824 4097 ne
866 4011 1214 4134 s’oppose
1260 4049 1390 4135 pas
1438 4016 1482 4104 à
1520 4020 1628 4104 les
1666 4033 1902 4129 justes
1934 4020 2236 4109 decrets

585 4132 750 4246 Qjf
757 4135 808 4217 il
853 4137 1068 4224 vient
1107 4138 1206 4225 de
1245 4137 1690 4264 témoigner
1731 4172 1864 4259 par
1901 4171 2070 4230 tant
2099 4141 2340 4230 d’avis
2371 4146 2671 4230 secrets.

589 4262 687 4342 Et
731 4254 955 4352 bien,
995 4258 1063 4368 je
1103 4292 1301 4350 veux
1341 4267 1871 4380 moy-mefme
1905 4298 2001 4354 en
2039 4267 2287 4381 parler
2325 4262 2369 4350 à
2403 4262 2477 4351 la
2503 4267 2793 4364 Reine5

590 4376 758 4468 Elle
792 4379 866 4463 se
900 4380 1260 4481 fléchira,
1304 4417 1400 4472 ne
1428 4384 1580 4472 t’en
1624 4415 1824 4472 mets
1862 4418 1992 4502 pas
2034 4419 2130 4471 en
2176 4388 2424 4501 peine.

594 4496 912 4589 Achevé
948 4505 1382 4591 seulement
1424 4510 1520 4588 de
1558 4539 1690 4593 me
1718 4510 1996 4593 rendre
2030 4509 2288 4593 raison

593 4622 715 4706 De
757 4657 845 4709 ce
883 4626 1019 4745 qui
1053 4622 1355 4713 t’arriva
1399 4626 1667 4740 depuis
1701 4631 1775 4713 fa
1809 4630 2277 4744 pafmoifom

420 4743 647 4827 ROS.
692 4747 893 4839 Sire,
934 4777 1041 4830 un
1074 4773 1253 4835 mot
1290 4747 1711 4836 déformais
1740 4748 1949 4836 fuffit
1986 4783 2187 4867 pour
2224 4782 2313 4840 ce
2346 4751 2485 4870 qui
2524 4773 2745 4835 reste.

714 4869 1110 4986 Lyfarque
1148 4876 1234 4953 ôc
1272 4903 1416 4958 vos
1458 4869 1798 4957 Archers
1830 4872 2100 4982 depuis
2134 4899 2226 4957 ce
2262 4872 2416 4956 lieu
2454 4873 2758 4957 funeste

601 4994 694 5074 Se
727 4984 1110 5078 laissèrent
1143 4993 1526 5078 conduire
1559 5024 1710 5077 aux
1745 5019 1992 5074 traces
2025 4991 2122 5073 de
2151 5024 2352 5078 mon
2379 4990 2568 5107 fang

597 5110 771 5216 Qui
815 5111 1097 5198 durant
1139 5110 1209 5199 le
1255 5111 1567 5199 chemin
1607 5141 1733 5195 me
1775 5106 2235 5230 dégouttoit
2273 5110 2381 5194 du
2423 5114 2663 5204 flanc,

600 5232 702 5316 Et
740 5263 866 5315 me
904 5261 1282 5320 trouvant
1316 5236 1524 5320 enfin
1566 5233 1870 5319 dessous
1908 5266 2014 5316 un
2060 5235 2208 5315 toit
2242 5236 2594 5349 rustique

602 5349 936 5437 Ranimé
977 5384 1110 5466 par
1148 5354 1254 5441 les
1286 5357 1494 5441 foihs
1528 5354 1624 5440 de
1658 5357 1798 5441 fon
1836 5381 2118 5438 amour
2155 5354 2538 5467 pudique,

601 5478 849 5558 Leurs
887 5471 1061 5558 bras
1099 5474 1469 5563 officieux
1511 5475 1763 5563 m’ont
1805 5478 1927 5566 icy
1961 5470 2369 5587 rapporté,

606 5596 823 5679 Pour
858 5625 955 5680 en
990 5596 1183 5679 faire
1224 5631 1353 5683 ma
1388 5600 1677 5714 plainte
1710 5595 1755 5683 à
1786 5596 2039 5684 voftre
2087 5590 2439 5710 Majesté.
