4267 6647
1338 434 2466 552 TRAGEDIE,

3213 472 3360 587 85
641 600 1111 699 Brifons-là,
1161 636 1249 690 cc
1295 607 1651 694 discours
1687 645 1889 703 vous
1927 618 2347 707 fafcheroit
2389 625 2643 720 enfin,

640 731 742 808 Et
780 758 824 810 c
848 728 1048 812 croît
1083 757 1292 845 pour
1328 757 1690 850 tromper
1731 737 1806 824 la
1847 736 2244 860 longueur
2289 744 2394 829 du
2441 744 2780 845 chemin,

636 846 1023 967 Quaprès
1060 848 1431 967 plufieurs
1470 853 1867 954 discours,
1908 891 2009 946 ne
2038 862 2409 977 fçaehant
2450 901 2607 988 que
2634 901 2841 958 vous
2874 870 3082 976 dire,

635 965 734 1054 l’a
737 1000 790 1084 y
827 969 1122 1057 touché
1155 974 1282 1057 fur
1323 1004 1430 1058 un
1467 978 1698 1091 point
1739 979 1942 1067 dont
1985 987 2248 1072 voftre
2297 1017 2520 1075 cœur
2561 992 2901 1111 foûpire,

632 1095 733 1175 Et
776 1090 1097 1209 dequoy
1134 1091 1297 1180 fort
1338 1095 1677 1187 souvent
1714 1133 1828 1188 on
1870 1103 2074 1192 aime
2112 1110 2378 1192 mieux
2420 1113 2706 1218 parler,

635 1213 819 1313 Que
857 1213 953 1296 de
987 1215 1261 1330 perdre
1299 1217 1443 1300 fon
1477 1251 1733 1339 temps
1767 1219 1806 1308 à
1843 1224 1979 1309 des
2008 1254 2303 1344 propos
2337 1259 2437 1317 en
2475 1234 2663 1322 l'air.

448 1332 728 1418 DOR.
780 1340 1036 1430 Amv,
1078 1367 1178 1422 ne
1213 1363 1442 1455 porte
1471 1337 1650 1455 plus
1688 1341 1762 1425 la
1796 1346 2040 1434 fonde
2078 1380 2174 1433 en
2208 1380 2404 1435 mon
2432 1385 2818 1473 courage,

623 1458 807 1538 Ton
845 1459 1235 1546 entretien
1273 1489 1659 1547 commun
1697 1497 1827 1550 me
1864 1467 2183 1555 charme
2228 1472 2711 1598 davantage,

623 1575 690 1659 Il
731 1606 860 1660 me
897 1605 1088 1694 peut
1117 1610 1244 1668 me
1285 1579 1548 1679 laifer,
1589 1584 2048 1677 indiffèrent
2089 1588 2278 1711 qu’il
2319 1597 2464 1698 eft;

614 1704 719 1781 Et
762 1730 851 1785 ce
890 1698 1071 1786 n’eft
1112 1735 1247 1820 pas
1286 1704 1465 1793 auflî
1502 1709 1673 1793 fans
1708 1709 1903 1824 sujet
1934 1710 2127 1832 qu’il
2164 1744 2295 1802 me
2338 1717 2580 1837 plaift.

619 1826 738 1906 Ta
779 1827 1330 1914 conversation
1373 1830 1478 1915 eft
1515 1830 1927 1920 tellement
1969 1835 2225 1932 civile,

610 1942 798 2049 Que
844 1975 1044 2057 pour
1086 1979 1196 2032 un
1238 1947 1343 2035 tel
1394 1956 1624 2067 esprit
1670 1979 1750 2039 ta
1788 1957 2174 2047 naissance
2204 1960 2309 2048 eft
2344 1991 2524 2079 trop
2562 1966 2754 2061 vile,

611 2068 737 2148 Tu
775 2094 931 2153 nas
965 2068 1063 2153 de
1099 2068 1511 2191 villageois
1544 2104 1703 2192 que
1741 2073 2017 2162 l’habit
2061 2086 2147 2165 &
2195 2082 2269 2166 le
2313 2113 2545 2205 rang,

606 2190 758 2274 Tes
796 2219 994 2274 rares
1029 2190 1374 2307 qualités
1411 2220 1486 2281 te
1520 2193 1702 2281 font
1743 2197 1928 2283 d’un
1965 2230 2186 2289 autre
2225 2204 2456 2326 fang;

606 2312 915 2397 Mefme
948 2312 1123 2430 plus
1160 2316 1231 2430 je
1268 2345 1347 2399 te
1380 2350 1580 2435 voy,
1618 2319 1793 2435 plus
1838 2350 1935 2407 en
1972 2349 2117 2443 toy
2146 2325 2223 2437 je
2254 2354 2669 2447 remarque

601 2432 764 2516 Des
801 2435 1010 2520 traits
1043 2437 1322 2551 pareils
1355 2436 1400 2524 à
1437 2470 1630 2526 ceux
1665 2440 1850 2529 d’un
1881 2445 2248 2534 Cavalier
2285 2448 2382 2537 de
2415 2483 2750 2572 marque
2765 2505 2789 2551 >

602 2553 669 2637 Il
706 2550 1059 2673 s’appelle
1096 2563 1524 2676 Pymante,
1568 2570 1658 2650 8c
1692 2593 1840 2650 ton
1874 2567 2022 2662 air,
2078 2574 2166 2655 8c
2204 2596 2346 2659 ton
2382 2600 2606 2688 porc,

593 2674 771 2758 Ont
809 2708 993 2767 avec
1029 2708 1209 2767 tous
1241 2682 1351 2767 les
1385 2684 1577 2771 liens
1611 2718 1723 2771 un
1757 2692 2265 2780 merveilleux
2311 2725 2663 2811 rapport.

416 2795 700 2883 PTM.
744 2794 898 2885 l’en
926 2801 1078 2888 fuis
1108 2831 1286 2889 tout
1323 2804 1732 2926 glorieux,
1768 2817 1854 2894 &
1892 2813 1988 2898 de
2026 2842 2158 2901 ma
2203 2845 2372 2932 part
2415 2818 2490 2932 je
2535 2826 2728 2935 prise

589 2920 875 3005 Voftre
904 2951 1329 3013 rencontre
1362 2960 1641 3014 autant
1674 2963 1837 3053 que
1868 2931 2065 3022 celle
2098 2939 2199 3022 de
2228 2938 2551 3035 Dorife,

589 3046 898 3131 Autant
935 3077 1088 3164 que
1133 3045 1184 3132 fi
1229 3046 1300 3135 le
1341 3051 1518 3135 Ciel
1559 3055 1954 3171 appaifant
1995 3060 2070 3144 fa
2103 3059 2463 3182 rigueur,

588 3168 729 3252 Me
762 3164 1019 3256 faifoit
1056 3172 1551 3257 maintenant
1588 3206 1697 3260 un
1744 3177 2049 3294 prefent
2090 3181 2193 3266 de
2220 3182 2365 3269 fon
2394 3210 2646 3273 cœur.

407 3280 687 3373 DOR.
731 3289 898 3394 Qui
931 3322 1433 3382 nommes-tu
1467 3297 1794 3385 Dorife?
1857 3302 2149 3387 PTM.
2185 3305 2369 3393 Vne
2407 3306 2641 3422 jeune
2683 3306 2975 3399 cruelle

580 3410 747 3515 Qui
792 3440 924 3497 me
956 3410 1110 3499 fuit
1151 3445 1354 3532 pour
1392 3450 1500 3503 un
1536 3426 1780 3507 autre.
1848 3426 2132 3507 DOR.
2178 3431 2276 3512 Et
2312 3457 2398 3512 ce
2442 3432 2636 3516 rival
2670 3433 3030 3550 s'appelle
3056 3444 3078 3516 ?

403 3522 675 3615 PTM.
725 3536 837 3615 Le
865 3541 1149 3655 Berger
1177 3535 1543 3625 Roftdor.
1611 3544 1899 3627 DOR.
1945 3541 2205 3663 Amy,
2243 3578 2333 3633 ce
2369 3574 2569 3637 nom
2607 3548 2663 3634 fi
2701 3552 2905 3640 beau

576 3649 802 3736 Chez
839 3686 1042 3742 vous
1077 3657 1292 3745 donc
1325 3661 1404 3744 fe
1441 3662 1772 3775 profane
1813 3658 1858 3744 à
1891 3664 2174 3783 garder
2211 3696 2320 3753 un
2353 3699 2738 3787 troupeau
2761 3683 2784 3753 ?

394 3768 676 3859 PTM.
724 3777 1140 3875 Madame,
1178 3778 1235 3862 il
1276 3811 1375 3866 ne
1406 3782 1577 3866 faut
1614 3783 1789 3896 plus
1822 3816 1975 3905 que
2008 3817 2205 3872 mon
2236 3790 2369 3875 feu
2410 3822 2611 3880 vous
2648 3791 2967 3913 déguise

571 3898 760 4001 Que
801 3898 980 3987 fous
1021 3929 1144 3987 ces
1185 3900 1370 3988 faux
1415 3899 1678 3992 habits
1715 3903 1772 3992 il
1809 3911 2234 3996 reconnoit
2271 3916 2581 4005 Dorife.

568 4024 651 4101 le
688 4049 784 4104 ne
818 4020 970 4105 fuis
1008 4025 1235 4139 point
1272 4025 1550 4142 surpris
1592 4024 1690 4113 de
1732 4059 1858 4114 me
1882 4034 2066 4117 voir
2100 4029 2290 4118 dans
2328 4067 2450 4126 ces
2488 4036 2676 4126 bois

567 4146 689 4221 Ne
737 4147 979 4256 palier
1017 4142 1062 4231 à
1095 4176 1243 4234 vos
1280 4178 1485 4269 yeux
1514 4180 1671 4268 que
1714 4181 1919 4269 pour
1957 4183 2065 4238 un
2113 4154 2559 4281 villageois,

566 4258 850 4351 Voftre
882 4263 1110 4352 haine
1151 4297 1356 4386 pour
1390 4301 1586 4390 moy
1618 4272 1746 4355 fut
1784 4281 2144 4377 toujours
2178 4280 2374 4365 allez
2416 4280 2628 4369 forte

558 4384 777 4469 Pour
814 4385 1117 4475 déférer
1154 4392 1323 4476 fans
1362 4397 1589 4506 peine
1630 4388 1677 4477 à
1712 4391 1983 4482 l’habit
2022 4427 2179 4514 que
2216 4402 2291 4514 je
2324 4430 2597 4519 porte;

563 4510 794 4593 Cette
831 4509 1072 4599 fausse
1107 4539 1534 4629 apparence
1565 4512 1785 4612 aide,
1825 4522 1910 4603 8c
1951 4517 2100 4605 fuit
2137 4552 2282 4610 vos
2319 4518 2642 4641 mépris:

554 4629 765 4714 Mais
796 4659 1003 4719 cette
1034 4661 1297 4719 erreur
1332 4664 1505 4720 vers
1544 4664 1747 4719 vous
1778 4666 1877 4723 ne
1908 4640 2057 4726 m’a
2100 4643 2369 4745 jamais
2402 4644 2685 4761 surpris
2706 4709 2728 4739 »

557 4752 633 4835 le
671 4751 837 4871 fçay
875 4777 1061 4871 trop
1095 4782 1247 4874 que
1281 4751 1355 4840 le
1389 4751 1568 4841 Ciel
1611 4753 1729 4840 n’a
1761 4759 2027 4848 donne
2063 4764 2507 4886 l’avantage

554 4868 680 4957 De
718 4903 884 4961 tant
930 4872 1028 4960 de
1068 4903 1364 4962 tarerez
1401 4873 1581 4997 qu'à
1618 4877 1876 4965 voftre
1912 4881 2071 4966 feul
2112 4885 2408 5005 visage,

555 4994 823 5078 Si-toft
860 5027 1015 5111 que
1052 4999 1123 5109 je
1159 4994 1305 5117 l’ay
1333 5028 1533 5095 veu,
1572 4998 1719 5117 j’ay
1753 5028 1935 5087 creu
1969 5007 2143 5090 voir
2181 5038 2279 5090 en
2311 5033 2435 5092 ces
2467 5002 2673 5091 lieux

554 5116 834 5200 Dorife
865 5115 1266 5242 déguisée,
1311 5153 1420 5208 ou
1457 5119 1892 5241 quelqu'un
1929 5123 2026 5208 de
2061 5157 2208 5212 nos
2245 5128 2550 5229 Dieux;

550 5240 651 5320 Et
688 5235 739 5320 fi
778 5236 919 5355 j’ay
952 5241 1297 5358 quelque
1336 5275 1591 5361 temps
1626 5244 1823 5333 feint
1864 5244 1963 5331 de
2004 5275 2209 5333 vous
2246 5249 2866 5350 méconnoiftre,

545 5358 664 5441 En
701 5387 902 5446 vous
939 5388 1270 5476 prenant
1307 5396 1512 5480 pour
1545 5366 1652 5450 tel
1683 5395 1842 5485 que
1881 5399 2084 5459 vous
2119 5371 2434 5460 vouliez
2471 5374 2883 5485 paroiftre,

550 5479 929 5567 Admirez
974 5513 1170 5568 mon
1216 5516 1498 5575 amour
1536 5487 1742 5576 dont
1778 5488 1858 5572 la
1900 5491 2326 5580 discrétion

545 5600 901 5689 Rendoit
953 5600 998 5688 à
1035 5634 1183 5692 vos
1221 5607 1451 5692 defirs
1493 5634 1703 5697 cette
1739 5608 2235 5710 fubmilfion,

2542 5725 2610 5822 L
2668 5738 2744 5851 iij
