4267 6593
747 387 937 454 xxx
1825 348 2745 452 EXAMEN

748 524 1014 650 l'effet,
1052 555 1145 607 ne
1164 519 1321 638 [oit
1348 520 1561 636 point
1602 516 1930 617 achevé}
1974 515 2071 611 if
2098 512 2287 636 qu’il
2318 512 2455 633 luy
2472 515 2741 633 fallait
2778 511 3111 635 quelque
3142 514 3435 625 coufine
3460 519 3549 604 de
3580 528 3790 612 Me-

752 647 930 744 litc,
966 675 1058 727 ou
1090 640 1426 762 quelque
1444 640 1664 757 fœur
1692 642 2102 735 d’Eraste,
2130 661 2320 754 pour
2352 632 2424 719 le
2456 640 2720 720 remir
2746 664 2948 719 avec
2994 635 3102 720 les
3142 662 3420 719 autres.
3544 648 3792 727 Mais

747 764 1019 882 dejlors
1043 775 1127 869 je
1165 795 1259 844 ne
1289 756 1850 879 m’affujettiffoù
1875 786 2015 879 pas
2039 786 2208 841 tout
2235 790 2290 838 a
2309 756 2474 873 fait
2511 789 2562 839 a
2597 782 2788 838 cette
2821 755 3042 852 mode
3061 824 3089 852 3
3133 752 3230 848 if
3249 790 3374 839 me
3401 790 3794 885 contentay

751 889 847 972 de
881 890 1081 998 faire
1097 915 1283 968 voir
1301 858 1637 1001 tapette
1661 883 1753 968 de
1771 880 1917 1002 fin
1941 881 2205 997 esprit}
2203 876 2407 994 fans
2425 876 2745 989 prendre
2753 876 2935 989 foin
2957 877 3051 959 de
3073 876 3143 958 le
3163 902 3543 994 pourvoir
3563 884 3619 968 d
3641 914 3791 969 une

754 1030 982 1088 autre
998 1008 1316 1121 femme.

890 1126 1180 1230 Quant
1218 1125 1268 1208 à
1312 1126 1394 1208 la
1426 1121 1656 1209 durée
1688 1120 1780 1204 de
1816 1116 2122 1215 l’action
2140 1185 2166 1216 3
2206 1116 2272 1200 il
2306 1116 2410 1233 efi
2438 1113 2648 1233 affes
2688 1116 2958 1228 vijîble
3000 1120 3264 1237 quelle
3292 1121 3486 1243 pajfe
3528 1120 3804 1213 l'unité

751 1249 849 1334 de
885 1262 1083 1350 jour,
1117 1254 1315 1328 mais
1357 1280 1433 1328 ce
1465 1279 1517 1329 n
1545 1275 1633 1327 en
1661 1245 1768 1358 efi
1781 1266 1921 1354 pas
1953 1237 2019 1323 le
2057 1236 2220 1353 féul
2245 1240 2525 1355 defaut
2563 1271 2585 1340 *
2627 1236 2694 1320 il
2731 1266 2779 1356 y
2817 1270 2869 1321 a
2901 1237 2995 1323 de
3023 1236 3205 1354 plus
3241 1274 3393 1327 une
3435 1246 3806 1366 inégalité

749 1365 1239 1452 d'intervalle
1267 1392 1479 1449 entre
1511 1361 1621 1449 les
1653 1366 1885 1448 ABes
1918 1357 2119 1483 qu’il
2131 1361 2329 1474 faut
2367 1356 2639 1444 éviter.
2701 1356 2781 1444 Il
2807 1360 2967 1443 doit
2997 1362 3221 1474 s’efire
3243 1365 3471 1479 pafsé
3499 1365 3673 1450 huit
3701 1401 3801 1453 ou

752 1490 1060 1604 quinzjs
1086 1499 1300 1593 jours
1336 1512 1540 1569 entre
1576 1481 1642 1563 le
1674 1484 2006 1600 premier
2040 1489 2134 1573 &
2162 1478 2234 1564 le
2254 1478 2580 1594 fécond,
2626 1482 2722 1572 if
2744 1507 3028 1563 autant
3056 1508 3264 1564 entre
3292 1481 3364 1569 le
3378 1485 3668 1603 fécond
3692 1486 3798 1583 if

752 1609 824 1692 le
854 1605 1216 1719 trotfiéme
1253 1640 1278 1706 ;
1320 1640 1516 1689 mais
1546 1605 1652 1689 du
1688 1602 2056 1714 troifiéme
2096 1632 2204 1684 au
2245 1625 2686 1718 quatrième
2722 1598 2784 1684 il
2820 1632 2876 1685 n
2902 1601 3008 1719 efi
3023 1627 3166 1722 pas
3202 1602 3448 1723 befoin
3486 1609 3582 1692 de
3615 1606 3796 1728 plus

747 1729 973 1814 d’une
1005 1727 1265 1822 heure,
1309 1722 1405 1818 if
1429 1721 1495 1805 il
1521 1757 1613 1809 en
1627 1721 1821 1840 faut
1859 1751 2079 1805 encor
2109 1751 2355 1802 moins
2395 1747 2607 1805 entre
2647 1718 2759 1804 les
2803 1720 3013 1805 deux
3065 1726 3441 1825 derniers,
3477 1729 3571 1818 de
3601 1756 3803 1848 peur

748 1847 841 1934 de
868 1846 1163 1929 donner
1193 1841 1263 1926 le
1301 1866 1537 1959 temps
1571 1841 1667 1925 de
1682 1841 1771 1956 fi
1805 1838 2143 1921 rallentir
2175 1872 2225 1920 a
2267 1865 2449 1921 cette
2487 1837 2849 1941 chaleur,
2894 1847 3033 1963 qui
3060 1860 3247 1954 jette
3281 1851 3559 1934 Eraste
3593 1854 3801 1937 dans

748 1965 1218 2088 l’égarement
1246 1962 1586 2082 d’esprit.
1674 1965 1766 2044 Je
1808 1992 1904 2044 ne
1924 1957 2122 2079 fçay
2160 1992 2280 2044 me
2258 1958 2436 2074 fine
2452 1963 2542 2071 fi
2564 1957 2676 2046 les
2700 1966 3210 2088 Pèrfinnages
3232 2000 3368 2087 qui
3396 1970 3804 2088 paroiffent

747 2087 958 2170 deux
973 2086 1134 2201 fois
1173 2083 1378 2170 dans
1409 2116 1518 2165 un
1551 2081 1828 2200 mefrne
1867 2087 2062 2165 Acte
2099 2091 2156 2190 (
2167 2082 2358 2200 posé
2381 2117 2534 2203 que
2569 2082 2734 2166 cela
2747 2086 2910 2203 fiit
2923 2113 3240 2203 permis,
3263 2124 3344 2175 ce
3369 2125 3522 2213 que
3537 2100 3594 2204 f
3601 2126 3796 2179 exa¬

747 2208 997 2290 miner
993 2236 1083 2325 aj
1113 2203 1419 2290 ailleurs
1429 2212 1483 2311 J
1509 2217 1587 2311 je
1615 2237 1707 2286 ne
1727 2202 1981 2323 fçay,
2023 2203 2297 2310 dis-je,
2331 2236 2367 2285 s
2377 2203 2491 2287 ’ils
2525 2232 2659 2290 ont
2687 2202 2759 2290 le
2801 2197 3001 2321 loijîr
3031 2207 3293 2295 d’aller
3323 2215 3513 2298 d’un
3547 2246 3799 2332 quar¬

744 2332 903 2410 tier
932 2326 1027 2410 de
1060 2323 1145 2405 la
1186 2322 1383 2414 Ville
1416 2322 1467 2409 à
1502 2323 1822 2422 l’autre,
1850 2352 2185 2443 puisque
2212 2358 2325 2406 ces
2358 2351 2747 2443 quartiers
2776 2326 3103 2414 doivent
3134 2332 3305 2444 efire
3328 2335 3415 2449 fi
3446 2331 3733 2456 éloigne
3734 2339 3819 2457 f

748 2447 912 2530 l’un
950 2446 1042 2531 de
1090 2443 1410 2542 l’autre,
1448 2477 1596 2565 que
1636 2443 1748 2530 les
1794 2451 2110 2530 Acteurs
2168 2473 2410 2564 ayent
2456 2443 2612 2530 heu
2660 2448 2758 2530 de
2800 2482 2892 2535 ne
2920 2477 3058 2569 pas
3086 2486 3128 2534 s
3156 2460 3792 2568 entreconnoifire.

747 2574 928 2656 dAu
959 2588 1290 2685 premier
1319 2572 1561 2663 Acte,
1603 2567 1856 2650 Tïrcis
1889 2575 2110 2679 après
2139 2598 2378 2650 avoir
2409 2593 2664 2685 quitte
2697 2567 3008 2655 Mehte
3039 2572 3238 2692 chef
3275 2575 3408 2659 elle
3421 2611 3530 2675 ,n
3555 2610 3608 2658 a
3645 2610 3798 2698 que

747 2687 817 2770 le
859 2713 1109 2805 temps
1151 2687 1549 2772 dienviron
1597 2691 1955 2801 (dixante
1997 2717 2179 2771 vers
2209 2710 2407 2800 pour
2447 2687 2641 2772 aller
2691 2688 2877 2813 chef
2911 2687 3101 2809 luy,
3155 2726 3251 2778 on
3311 2697 3377 2779 il
3421 2726 3797 2783 rencontre

744 2804 1174 2892 Philandre
1216 2837 1418 2892 avec
1434 2806 1540 2921 fa
1580 2807 1818 2921 fœur,
1860 2802 1961 2899 if
1980 2837 2149 2892 nen
2182 2838 2235 2886 a
2248 2838 2480 2924 guère
2520 2807 2972 2933 davantage
3014 2846 3124 2898 au
3138 2816 3427 2934 fécond
3468 2817 3523 2904 à
3558 2824 3798 2938 refai¬

752 2962 828 3014 re
884 2924 954 3010 le
1012 2927 1286 3045 mefrne
1344 2928 1662 3011 chemin.
1786 2932 1870 3014 le
1906 2932 2088 3045 fçay
2126 2923 2300 3010 bien
2340 2962 2484 3049 que
2524 2927 2608 3012 la
2646 2940 3226 3054 reprefintation
3284 2946 3662 3028 racourcit
3714 2940 3798 3027 la

743 3048 971 3136 durée
1009 3049 1105 3135 de
1155 3047 1501 3145 l’action,
1545 3043 1648 3143 if
1687 3048 1947 3170 quelle
1967 3057 2143 3165 fait
2175 3082 2359 3130 voir
2395 3087 2487 3135 en
2519 3051 2725 3135 deux
2765 3052 3081 3156 heures,
3113 3062 3299 3174 fans
3317 3061 3555 3177 fiortir
3585 3066 3681 3148 de
3709 3062 3793 3147 la

743 3168 1031 3290 Réglé,
1073 3207 1151 3255 ce
1193 3202 1333 3290 qui
1371 3172 1721 3287 finvent
1765 3202 1813 3256 a
1859 3164 2097 3285 befoin
2139 3170 2325 3256 d’un
2371 3185 2555 3281 jour
2601 3176 2847 3260 entier
2893 3203 3093 3299 pour
3121 3176 3509 3303 s’effectuer
3539 3224 3561 3268 :
3589 3195 3797 3269 mais

734 3305 818 3402 je
858 3293 1210 3375 voudrais
1250 3358 1278 3388 ,
1340 3322 1490 3410 que
1520 3315 1722 3405 pour
1756 3315 2032 3376 mettre
2076 3287 2184 3372 les
2224 3288 2466 3411 chofis
2502 3293 2704 3380 dans
2748 3292 2918 3383 leur
2936 3302 3286 3414 justefie,
3322 3335 3402 3389 ce
3448 3335 3798 3392 raccour¬

744 3414 814 3496 ci
795 3408 1114 3530 fjement
1125 3413 1216 3525 fi
1272 3411 1698 3525 ménageafi
1734 3412 1938 3496 dans
1978 3409 2084 3491 les
2122 3411 2578 3499 intervalles
2606 3418 2740 3500 des
2778 3421 3058 3522 Actes,
3108 3422 3204 3516 if
3241 3455 3384 3543 que
3426 3421 3498 3509 le
3542 3452 3798 3547 temps

743 3528 937 3652 qu’il
975 3532 1175 3647 faut
1219 3528 1483 3650 perdre
1529 3533 1647 3651 s'y
1687 3528 2011 3646 perdifi,
2047 3563 2143 3612 en
2177 3528 2389 3650 forte
2433 3567 2577 3655 que
2623 3534 2909 3659 chaque
2945 3550 3139 3626 Acte
3181 3576 3359 3629 nen
3409 3549 3561 3658 eufi
3603 3576 3801 3668 pour

745 3653 827 3736 la
846 3674 1101 3770 partie
1131 3653 1225 3736 de
1263 3650 1569 3736 l’action
1604 3650 1801 3771 qu’il
1835 3653 2289 3771 reprefente,
2330 3687 2479 3775 que
2515 3691 2595 3741 ce
2640 3656 2839 3774 qu’il
2881 3697 2973 3745 en
2984 3665 3187 3780 faut
3206 3688 3403 3782 pour
3402 3667 3509 3783 fa
3547 3696 3791 3788 repre¬

712 3773 1138 3892 fintation.

893 3890 986 4006 fe
1029 3915 1208 4011 coup
1249 3894 1506 4015 d’ejjay
1537 3929 1590 3977 a
1613 3897 1812 4011 fans
1849 3898 2076 3985 doute
2111 3932 2328 3984 encor
2357 3898 2700 3986 d’autres
2733 3902 3336 4027 irrégularités,
3371 3920 3574 3994 mais
3589 3924 3674 4024 je
3691 3946 3794 4003 ne

747 4013 1161 4100 m’attache
1193 4039 1329 4130 pas
1361 4014 1411 4100 à
1443 4014 1553 4101 les
1585 4048 1991 4101 examiner
2021 4019 2075 4123 fi
2105 4023 2763 4140 ponctuellement,
2791 4060 2939 4147 que
2971 4043 3053 4139 je
3091 4026 3481 4117 m’obstine
3515 4032 3569 4118 à
3615 4040 3791 4123 n’en

746 4134 1049 4217 vouloir
1076 4125 1367 4220 oublier
1396 4168 1695 4221 aucune
1720 4172 1745 4218 :
1768 4152 1849 4246 je
1876 4139 2105 4259 penfè
2134 4142 2371 4227 avoir
2392 4146 2725 4264 marqué
2742 4146 2849 4232 les
2866 4147 3041 4263 plus
3060 4150 3446 4251 notables,
3486 4156 3589 4248 if
3596 4182 3795 4272 pour

734 4281 882 4372 peu
920 4284 1068 4372 que
1100 4255 1170 4341 le
1208 4259 1522 4343 Lecteur
1546 4289 1690 4375 aye
1718 4262 2244 4385 dindulgence
2268 4288 2470 4380 pour
2494 4297 2702 4390 moy,
2734 4268 3042 4389 j’espere
3074 4272 3278 4392 qu’il
3302 4274 3780 4396 nes’offence-

743 4408 832 4458 ra
863 4400 1008 4496 pas
1047 4375 1236 4462 d’un
1273 4404 1428 4496 peu
1467 4379 1556 4463 de
1597 4378 2008 4500 négligence
2039 4413 2238 4505 pour
2271 4384 2340 4468 le
2379 4413 2585 4470 reste.

1588 4739 2924 4853 CLITANDRE.

750 4987 985 5212 V
1001 4975 1105 5067 A/
1137 5010 1427 5102 voyage
1469 5015 1613 5101 que
1645 4997 1723 5092 je
1737 4984 1849 5100 fs
1885 4984 1937 5071 d
1969 4989 2203 5071 Paris
2221 5014 2421 5110 pour
2447 4995 2625 5076 voir
2649 4992 2719 5080 le
2747 4992 2981 5111 fuccés
3013 4997 3105 5084 de
3127 5001 3483 5101 Melite,
3531 5040 3613 5092 m
3637 5032 3771 5123 ap¬

988 5129 1158 5221 prit
1210 5100 1468 5222 quelle
1524 5109 1942 5222 n’étoitpas
1992 5109 2190 5196 dans
2242 5112 2348 5196 les
2400 5117 2632 5234 vingt
2674 5118 2775 5208 if
2812 5147 3086 5239 quatre
3132 5122 3418 5209 heures.
3494 5130 3778 5213 C’étoit

740 5215 774 5298 l
794 5224 1078 5342 unique
1118 5220 1346 5342 Réglé
1379 5254 1526 5342 que
1568 5225 1716 5308 l’on
1760 5225 2058 5341 connûfi
2090 5267 2184 5316 en
2216 5268 2286 5316 ce
2318 5232 2712 5349 temps-là.
2788 5242 3214 5328 J’entendis
3255 5280 3404 5367 que
3434 5283 3620 5332 ceux
3662 5250 3772 5333 du

741 5348 1009 5423 métier
1035 5341 1117 5427 la
1155 5341 1563 5428 blamoient
1605 5347 1697 5428 de
1721 5374 1877 5462 peu
1915 5349 2247 5469 d’effets,
2295 5352 2393 5449 if
2425 5357 2521 5441 de
2549 5387 2619 5442 ce
2649 5392 2801 5478 que
2825 5359 2897 5445 le
2927 5361 3097 5479 fille
3133 5400 3227 5448 en
3261 5366 3443 5453 était
3465 5396 3621 5488 trop
3627 5370 3765 5488 fa¬

735 5456 1011 5547 milier.
1075 5469 1285 5548 Pour
1309 5460 1393 5548 la
1429 5469 1753 5582 mstifier
1791 5495 2029 5551 contre
2069 5500 2251 5556 cette
2293 5477 2583 5595 cenfure
2610 5504 2771 5596 par
2799 5512 2951 5569 une
2989 5512 3233 5604 espece
3267 5491 3359 5577 de
3391 5487 3765 5591 bravade,
