4267 6735
1027 386 1168 484 i6
1903 380 2068 486 M
2149 385 2252 484 E
2355 389 2458 489 L
2559 390 2642 489 I
2741 386 2862 498 T
2939 395 3101 519 Ej

1207 547 1516 639 Laiffez
1557 584 1660 643 en
1701 548 1992 647 liberté
2027 595 2202 652 mes
2237 566 2795 669 inclinations,

1209 675 1379 783 Qui
1416 709 1624 769 vous
1676 711 1718 766 a
1758 680 1904 770 fait
1944 688 2264 778 censeur
2308 693 2404 782 de
2444 724 2614 780 mes
2650 694 3084 784 affections
3099 743 3128 801 *

1202 802 1475 891 Eft-ce
1504 803 1553 892 à
1586 807 1849 897 voftre
1890 808 2225 936 chagrin
2268 846 2427 935 que
2462 815 2615 931 j’en
2656 819 2835 905 dois
2872 820 3159 909 rendre
3200 833 3487 915 conte?

1017 925 1291 1015 ERA.
1337 933 1581 1028 Non,
1619 934 1817 1019 mais
1850 932 2001 1055 j’ay
2031 935 2338 1058 malgré
2373 970 2571 1060 moy
2610 972 2821 1059 pour
2863 977 3071 1032 vous
3109 977 3225 1032 un
3250 981 3413 1069 peu
3443 951 3541 1041 de
3574 952 3851 1062 honte,

1197 1051 1332 1137 De
1367 1084 1458 1142 ce
1495 1052 1746 1176 qu’on
1781 1057 1900 1142 dit
1939 1092 2080 1177 par
2119 1087 2310 1147 tout
2347 1061 2458 1148 du
2499 1091 2686 1182 trop
2731 1066 2830 1151 de
2873 1073 3238 1186 privante

1201 1179 1396 1287 Que
1434 1179 1606 1296 déjà
1644 1209 1848 1269 vous
1886 1180 2238 1269 souffrez
2276 1181 2327 1269 à
2372 1188 2448 1274 fa
2486 1187 2880 1278 témérité.

1014 1299 1326 1387 MEL.
1376 1302 1503 1389 Ne
1544 1302 1779 1423 foyez
1814 1333 1915 1391 en
1952 1307 2203 1428 foucy
2242 1341 2401 1427 que
2438 1307 2541 1396 de
2574 1345 2669 1401 ce
2706 1317 2853 1437 qui
2894 1346 3101 1405 vous
3140 1320 3466 1411 touche.

1009 1421 1291 1509 ERA.
1329 1429 1445 1510 Le
1473 1459 1777 1549 moyen
1807 1429 1979 1516 fans
2017 1459 2281 1553 regret
2325 1433 2423 1524 de
2457 1468 2665 1525 vous
2697 1443 2879 1528 voir
2913 1438 2967 1527 fi
3009 1438 3399 1532 farouche

1197 1551 1378 1634 Aux
1417 1548 1818 1674 légitimés
1855 1582 2108 1643 vœux
2143 1557 2244 1642 de
2285 1586 2458 1646 tant
2495 1561 2598 1651 de
2631 1596 2830 1686 gens
2869 1561 3351 1668 d’honneur,

1194 1675 1296 1757 Et
1338 1671 1730 1764 d'ailleurs
1764 1674 1823 1761 fi
1850 1675 2086 1768 facile
2124 1675 2173 1769 à
2210 1714 2410 1770 ceux
2451 1683 2642 1774 d’un
2684 1685 3176 1779 suborneur?

1010 1791 1338 1883 MEL.
1386 1802 1511 1883 Ce
1544 1794 1731 1884 n’eft
1768 1832 1905 1915 pas
1944 1833 2231 1891 contre
2264 1806 2405 1924 luy
2438 1808 2633 1927 qu’il
2672 1811 2849 1900 faut
2894 1846 2993 1901 en
3034 1847 3169 1901 ma
3206 1820 3577 1937 prefence

1185 1916 1531 2005 Lafcher
1571 1916 1681 2003 les
1715 1925 1935 2007 traits
1966 1922 2243 2041 jaloux
2289 1929 2387 2016 de
2424 1933 3203 2025 voftremédifance:

1193 2038 1495 2137 Adieu,
1531 2044 1674 2129 fou
1679 2073 2186 2138 venez-vous
2219 2083 2380 2173 que
2417 2086 2546 2142 ces
2583 2088 2804 2147 mots
2843 2061 3194 2152 infenfez

1186 2158 1774 2257 L’avanceront
1816 2172 2014 2261 chez
2052 2206 2252 2296 moy
2289 2175 2470 2295 plus
2503 2213 2664 2304 que
2705 2214 2914 2276 vous
2951 2219 3054 2274 ne
3087 2188 3400 2305 penfez.

1558 2416 2776 2605 SCENE

1923 2773 2051 2871 E.

1179 3019 1398 3250 C
1404 3021 1674 3112 ’Eft-là
1701 3026 1924 3120 donc
1959 3065 2054 3124 ce
2083 3033 2440 3159 quenfin
2473 3073 2612 3130 me
2644 3043 2970 3168 gardoit
3007 3072 3160 3137 ton
3197 3052 3546 3178 caprice?

1416 3152 1631 3239 C'eft
1661 3185 1756 3242 ce
1789 3188 1952 3277 que
1995 3158 2142 3283 j’ay
2179 3158 2449 3286 gagné
2485 3197 2624 3286 par
2667 3170 2878 3257 deux
2915 3205 3058 3260 ans
3095 3179 3194 3268 de
3227 3184 3342 3273 fer
3349 3188 3566 3282 vice?

1174 3270 1383 3361 C’eft
1420 3272 1607 3365 ainfi
1640 3311 1801 3396 que
1836 3314 2041 3370 mon
2080 3284 2217 3374 feu
2258 3289 2541 3378 s’étant
2578 3318 2765 3415 trop
2802 3294 3132 3399 abaiffé,

1171 3394 1391 3484 D’un
1424 3430 1879 3524 outrageux
1920 3408 2215 3531 mépris
2254 3412 2329 3497 fe
2368 3417 2549 3506 voit
2588 3420 3109 3541 récompensé

1171 3525 1304 3607 Tu
1341 3526 1624 3611 m’ofes
1659 3526 2006 3642 préférer
2047 3566 2160 3623 un
2201 3539 2506 3628 traiftre
2548 3544 2690 3659 qui
2729 3574 2807 3633 te
2843 3548 3067 3646 flate,

1168 3645 1382 3730 Mais
1415 3644 1610 3737 dans
1649 3679 1730 3738 ta
1771 3652 2121 3747 lafeheté
2153 3688 2256 3748 ne
2297 3691 2496 3781 croy
2539 3697 2676 3783 pas
2711 3700 2874 3785 que
2903 3669 3230 3783 j’éclate,

1166 3775 1269 3856 Et
1312 3801 1471 3888 que
1508 3803 1647 3892 par
1688 3772 1765 3861 la
1800 3779 2203 3896 grandeur
2250 3784 2351 3870 de
2394 3818 2567 3871 mes
2606 3792 3150 3883 reffentimens

1164 3897 1251 3976 le
1285 3891 1384 3980 lai
1394 3894 1497 3979 fie
1534 3894 1725 3984 aller
1766 3929 1869 3984 au
1908 3898 2093 4015 jour
2130 3903 2335 3992 celle
2372 3906 2471 3993 de
2508 3942 2677 3998 mes
2714 3942 2905 4001 tour
2912 3948 3169 4007 mens*

1165 4017 1310 4101 Vn
1351 4047 1554 4105 aveu
1593 4016 1652 4103 fi
1689 4021 1968 4138 public
2004 4025 2244 4146 qu’en
2281 4025 2524 4120 feroit
2565 4064 2699 4124 ma
2733 4036 2998 4128 colere

1161 4141 1554 4229 Enfleroit
1595 4171 1782 4265 trop
1823 4144 2186 4272 l’orgueil
2223 4152 2322 4241 de
2359 4184 2506 4242 ton
2547 4192 2730 4248 ame
2769 4161 3076 4286 legere,

1162 4267 1265 4348 Et
1308 4297 1441 4353 me
1482 4275 2051 4361 convaincroit
2092 4303 2282 4397 trop
2320 4279 2418 4365 de
2460 4312 2551 4370 ce
2588 4284 2782 4375 defir
2820 4289 3036 4405 abjet

1170 4389 1349 4497 Qui
1394 4385 1547 4476 m’a
1596 4389 1739 4480 fait
1780 4395 2133 4515 soupirer
2166 4432 2383 4522 pour
2430 4437 2545 4492 un
2592 4410 2927 4535 indigne
2964 4411 3212 4531 objet,

1161 4517 1248 4598 le
1285 4513 1610 4637 fçauray
1649 4551 1782 4606 me
1819 4552 2163 4646 vanger,
2197 4530 2401 4616 mais
2435 4560 2631 4624 avec
2671 4530 3167 4656 l’apparence

1157 4635 1290 4721 De
1329 4636 1632 4729 n’avoir
1675 4674 1882 4760 pour
1921 4675 2110 4734 tous
2149 4647 2360 4739 deux
2399 4687 2558 4773 que
2587 4657 2686 4747 de
2727 4660 3335 4764 l’indifférence,

1158 4758 1221 4844 Il
1264 4759 1391 4847 fut
1424 4772 1790 4869 toujours
1829 4774 2128 4888 permis
2172 4776 2272 4865 de
2312 4780 2500 4868 tirer
2540 4780 2620 4873 fa
2656 4789 2918 4875 raison

1154 4882 1423 4974 D’une
1464 4889 1851 4982 infidélité
1886 4929 2027 5015 par
2064 4929 2225 4988 une
2262 4902 2642 4997 trahison-

1157 5009 1409 5106 Tien,
1447 5012 1774 5138 déloyal
1811 5052 2049 5146 amy,
2093 5025 2259 5115 tien
2303 5057 2453 5119 ton
2495 5064 2677 5119 ame
2711 5031 3055 5124 affeurée

1157 5135 1344 5238 Que
1381 5158 1528 5220 ton
1565 5136 1764 5225 heur
1801 5145 2272 5263 surprenant
2315 5183 2502 5242 aura
2543 5183 2694 5273 peu
2741 5157 2844 5242 de
2877 5156 3163 5260 durée,

1152 5261 1257 5340 Et
1289 5287 1444 5374 que
1479 5288 1621 5374 par
1658 5293 1816 5351 une
1856 5270 2150 5361 adreffe
2188 5274 2414 5421 épale
2452 5271 2501 5366 à
2540 5306 2654 5366 tes
2698 5280 3054 5382 forfaits,

1148 5381 1235 5462 le
1268 5407 1607 5501 mettray
1640 5385 1721 5474 le
1758 5389 2133 5483 defordre
2166 5432 2283 5488 ou
2324 5430 2415 5488 tu
2452 5407 2659 5492 crois
2698 5408 2879 5495 voir
2920 5407 2997 5496 la
3034 5407 3238 5527 paix.

1149 5494 1484 5618 L’esprit
1523 5504 1813 5601 fourbe
1859 5520 1950 5601 &
1991 5522 2226 5610 vénal
2263 5521 2449 5611 d’un
2487 5525 2743 5615 voifin
2781 5529 2879 5616 de
2917 5531 3203 5624 Melite

1149 5623 1540 5715 Donnera
1571 5657 1950 5752 prompte
1991 5643 2186 5730 iffue
2223 5644 2274 5733 à
2307 5679 2402 5736 ce
2439 5682 2598 5768 que
2631 5661 2704 5764 je
2737 5648 3075 5755 médite,

3544 5788 3615 5869 A
3640 5784 3870 5878 servir
