4267 6633
3226 410 3356 506 *9

1294 368 2482 470 COMEDIE.

661 541 999 624 Chacun
1041 570 1141 624 en
1179 540 1323 625 fon
1365 535 1637 624 affaire
1675 540 1786 624 eft
1819 540 1957 628 fon
1999 545 2363 634 meilleur
2405 580 2609 640 amy,

657 669 757 749 Et
795 688 973 746 tout
1019 682 1241 745 autre
1279 661 1591 745 intereft
1629 692 1729 744 ne
1763 661 2061 749 touche
2099 665 2281 783 qu'à
2319 665 2583 788 demy.

477 786 715 873 E/R.
765 787 947 891 Que
985 782 1095 866 du
1131 782 1417 867 foudre
1451 777 1501 865 à
1529 809 1643 866 tes
1677 816 1877 900 yeux
1913 782 2313 905 j’éprouve
2349 790 2425 874 la
2463 790 2701 883 furie,

656 907 733 991 Si
778 933 942 991 rien
988 934 1144 1020 que
1184 935 1274 991 ce
1310 903 1509 991 rival
1546 908 1768 990 caufe
1810 938 1940 990 ma
1982 907 2332 995 refverie.

472 1029 690 1113 CLO
756 1023 960 1112 C’eft
994 1032 1206 1112 donc
1244 1019 1764 1112 affeurément
1802 1028 1944 1114 fon
1982 1029 2160 1115 bien
2198 1033 2334 1149 qui
2368 1028 2528 1116 t’eft
2558 1036 2904 1151 fuspeét,

654 1157 818 1237 Son
856 1150 1038 1234 bien
1076 1176 1154 1232 te
1188 1144 1332 1237 fait
1362 1145 1660 1246 refver,
1702 1154 1790 1232 Ôc
1828 1184 1996 1237 non
2034 1183 2166 1267 pas
2202 1157 2346 1238 fon
2384 1162 2728 1272 respeét,

647 1279 749 1357 Et
795 1300 1019 1358 toute
1061 1265 1328 1356 amitié
1373 1271 1551 1361 bas,
1599 1300 1681 1354 tu
1723 1274 1975 1358 crains
2013 1301 2173 1393 que
2211 1279 2289 1361 fa
2335 1278 2661 1366 richeffe

653 1391 771 1479 En
813 1392 1025 1508 dépit
1067 1392 1167 1478 de
1205 1420 1319 1479 tes
1357 1391 1539 1475 feux
1581 1392 2039 1479 n’obtienne
2077 1421 2157 1483 ta
2203 1400 2627 1482 Maitreffe.

467 1516 697 1603 EIR.
747 1521 873 1600 Tu
917 1516 1275 1607 devines,
1317 1515 1735 1608 mafoeur,
1779 1516 1945 1602 cela
1987 1517 2285 1603 méfait
2325 1524 2659 1604 mourir.

470 1640 714 1721 CLO.
760 1641 878 1722 Ce
908 1638 1088 1720 font
1130 1641 1396 1724 vaines
1430 1637 1776 1754 frayeurs
1814 1638 2018 1725 dont
2056 1637 2130 1755 je
2158 1671 2362 1729 veux
2392 1672 2470 1728 te
2496 1643 2782 1764 guérir.

648 1762 948 1875 Depuis
972 1758 1246 1876 quand
1282 1789 1422 1845 ton
1464 1767 1734 1846 Eraste
1772 1788 1868 1846 en
1904 1763 2204 1849 tient-il
2246 1796 2450 1881 pour
2492 1766 2822 1855 Mclite?

472 1882 698 1967 TIR.
744 1883 804 1967 Il
846 1884 1038 1968 rend
1072 1882 1344 1997 depuis
1386 1883 1588 1969 deux
1638 1914 1772 1968 ans
1806 1884 2242 2009 hommage
2284 1887 2326 1976 à
2362 1892 2502 1976 fon
2548 1893 2848 1975 mérité,

467 2005 707 2089 CLO.
751 2008 955 2088 Mais
993 2004 1210 2088 dit-il
1249 2001 1357 2087 les
1391 2004 1685 2121 grands
1723 2034 1935 2088 mots
1965 2017 1990 2087 ?
2025 2007 2398 2121 parle-fil
2427 2008 2874 2122 d'epoufer?

467 2126 601 2213 El
595 2129 697 2209 R.
739 2129 1081 2242 Presque
1115 2120 1155 2208 à
1193 2121 1499 2243 chaque
1529 2130 1923 2210 moment.
1987 2129 2235 2211 CLO.
2267 2126 2641 2216 Lailfe-le
2673 2130 2891 2213 donc
2925 2125 3137 2239 jafer,

649 2253 767 2333 Ce
809 2246 1315 2334 malheureux
1353 2276 1621 2334 amant
1671 2280 1773 2334 ne
1815 2277 2005 2334 vaut
2043 2281 2179 2363 pas
2221 2248 2467 2367 qu’on
2509 2250 2579 2334 le
2613 2255 2963 2373 craigne,

652 2371 1024 2488 Quelque
1072 2368 1284 2455 riche
1320 2367 1513 2489 qu’il
1550 2371 1746 2464 foit,
1784 2370 2066 2455 Melite
2106 2371 2178 2459 le
2224 2367 2648 2494 dédaigne:

648 2488 1076 2610 Puisqu’on
1118 2493 1292 2581 voit
1330 2493 1500 2575 fans
1542 2492 1728 2580 effet
1772 2492 1976 2580 deux
2008 2527 2144 2579 ans
2182 2492 2684 2596 d'affeétion,

648 2621 774 2699 Tu
816 2647 912 2700 ne
954 2614 1126 2700 dois
1170 2613 1342 2731 plus
1382 2613 1668 2702 douter
1710 2614 1806 2700 de
1840 2616 1990 2701 fon
2032 2617 2386 2709 averfion
2406 2666 2432 2728 j

651 2743 761 2821 Le
799 2763 1047 2852 temps
1087 2768 1181 2822 ne
1213 2734 1291 2823 la
1327 2737 1607 2822 rendra
1637 2768 1797 2856 q"e
1835 2738 2005 2852 plus
2043 2743 2341 2861 grande
2379 2748 2463 2826 Le
2509 2742 2683 2860 plus
2717 2743 2963 2839 forte,

643 2859 787 2943 On
825 2860 1069 2974 prend
1111 2859 1435 2943 foudain
1477 2889 1569 2943 au
1603 2890 1781 2946 mot
1823 2860 1931 2946 les
1965 2861 2333 2957 hommes
2359 2868 2459 2952 de
2493 2868 2571 2952 fa
2595 2866 2843 2963 forte,

643 2985 745 3063 Et
787 2981 951 3064 fans
999 2984 1163 3068 rien
1205 2980 1577 3067 hazarder
1625 2982 1669 3068 à
1707 2980 1781 3068 la
1819 2985 2187 3071 moindre
2233 2987 2631 3110 longueur

644 3101 784 3185 On
824 3101 990 3188 leur
1028 3104 1296 3189 donne
1330 3105 1406 3189 la
1434 3109 1652 3190 main
1688 3102 1820 3188 dés
1848 3105 2078 3224 qu’ils
2108 3109 2406 3194 offrent
2450 3110 2522 3198 le
2558 3140 2808 3198 cœur,

466 3226 694 3311 EIR.
734 3229 826 3309 Sa
864 3256 1076 3310 mere
1114 3256 1302 3344 peut
1340 3227 1504 3345 agir
1546 3227 1642 3314 de
1672 3226 2066 3344 puiffance
2108 3231 2458 3319 abfoluc.

468 3347 710 3427 CLO.
756 3351 978 3464 Croy
1006 3382 1160 3468 que
1188 3347 1358 3465 déjà
1392 3347 1712 3435 l’affaire
1754 3382 1850 3434 en
1892 3352 2128 3439 feroit
2164 3352 2510 3452 refoluë,

647 3475 746 3551 Et
783 3468 974 3585 qu’il
1011 3473 1271 3556 auroit
1317 3469 1487 3581 déjà
1521 3473 1841 3590 dequov
1879 3476 1957 3559 fe
1995 3503 2415 3560 contenter

649 3593 727 3677 Si
761 3593 835 3673 fa
869 3624 1081 3676 mere
1119 3590 1319 3676 écoit
1361 3593 1659 3677 femme
1701 3590 1747 3676 à
1779 3594 1859 3676 la
1897 3593 2307 3679 violenter.

467 3710 695 3799 EIR.
747 3715 887 3794 Ma
925 3714 1219 3798 crainte
1249 3711 1651 3806 diminue,
1693 3718 1779 3794 Ôc
1819 3744 1953 3795 ma
1987 3715 2325 3798 douleur
2363 3710 2757 3828 s’appaife,

648 3835 857 3919 Mais
890 3832 943 3914 fi
980 3832 1050 3944 je
1088 3830 1668 3928 t’abandonne,
1706 3834 1981 3919 exeufe
2018 3867 2212 3919 mon
2250 3861 2432 3952 trop
2470 3832 2730 3937 d’aife,

652 3961 866 4040 Avec
908 3982 1112 4040 cette
1150 3950 1482 4039 lumière
1520 3961 1608 4040 &
1654 3986 1786 4040 ma
1822 3951 2204 4043 dextérité

648 4073 804 4161 Ten
846 4108 1046 4166 veux
1088 4072 1276 4161 aller
1310 4077 1616 4191 fçavoir
1664 4104 1890 4164 toute
1930 4078 2006 4165 la
2048 4077 2320 4166 vérité.

657 4197 939 4286 Adieu.
1001 4198 1241 4283 CLO.
1291 4203 1551 4319 Moy,
1585 4198 1660 4312 je
1689 4198 1894 4286 m'en
1935 4232 2083 4319 vay
2119 4201 2662 4315 paifiblement
2699 4199 3060 4290 attendre

653 4323 765 4403 Le
809 4349 1077 4406 retour
1119 4318 1357 4407 defiré
1395 4323 1501 4407 du
1547 4324 1939 4438 paresseux
1969 4323 2415 4411 Philandre.

653 4439 789 4519 Vn
833 4466 1197 4528 moment
1239 4439 1333 4527 de
1369 4443 1725 4528 froideur
1763 4444 1833 4528 le
1875 4448 2035 4531 fera
2073 4449 2213 4531 fou
2225 4450 2441 4532 venir

656 4565 879 4669 Qssil
916 4566 1087 4652 faut
1128 4594 1285 4649 une
1316 4591 1535 4649 autre
1568 4565 1721 4652 fois
1754 4568 2011 4661 tarder
2044 4573 2309 4657 moins
2346 4566 2393 4658 à
2424 4570 2670 4662 venir.

2741 5645 2814 5719 C
2875 5637 2926 5753 ij
