4267 6626
1305 443 2481 549 COMEDIE.

3272 483 3365 579 7

1023 705 2228 880 SCENE
2531 717 2748 885 II

515 1040 1395 1173 ERASTE,
1511 1047 2431 1176 MEDITE,
2547 1053 3311 1171 TIRCIS.

463 1351 733 1442 ERA.
1015 1350 1075 1440 T'XE
1123 1347 1325 1438 deux
1363 1351 1603 1443 amis,
1639 1349 2077 1446 Madame,
2119 1351 2473 1469 appaifcz
2507 1356 2585 1440 la
2619 1359 2995 1472 querelle,

1034 1475 1175 1558 Vn
1208 1468 1513 1558 esclave
1550 1467 1943 1559 d’Amour
1980 1472 2055 1558 le
2084 1472 2383 1563 défend
2424 1472 2613 1564 d’un
2648 1480 2986 1581 rebelle,

644 1602 726 1684 Si
768 1593 1158 1685 toutefois
1196 1626 1308 1680 un
1350 1622 1576 1680 cœur
1614 1597 1754 1715 qui
1790 1594 1916 1684 n’a
1954 1596 2232 1714 jamais
2270 1595 2504 1694 aimé,

640 1720 812 1810 Fier
848 1721 936 1801 &c
976 1717 1158 1805 vain
1196 1714 1390 1836 qu’il
1428 1746 1530 1805 en
1568 1717 1722 1813 eft,
1766 1748 1960 1836 peut
1998 1720 2194 1809 dire
2230 1721 2418 1809 ainfi
2460 1726 2820 1818 nommé.

643 1852 999 1931 Comme
1035 1835 1171 1926 dés
1213 1840 1287 1926 le
1325 1869 1701 1927 moment
1739 1871 1899 1961 que
1933 1842 2007 1956 je
2049 1876 2253 1934 vous
2291 1877 2391 1967 ay
2429 1847 2677 1936 fervic

643 1972 803 2084 Fay
837 1993 1023 2051 creu
1057 1960 1249 2077 qu’il
1291 1964 1525 2047 eftoit
1565 1963 1727 2047 feul
1769 1967 1843 2048 la
1881 1966 2267 2051 véritable
2305 1973 2473 2060 vie,

638 2088 709 2176 Il
747 2118 801 2172 n
825 2085 931 2173 eft
970 2115 1103 2201 pas
1139 2080 1655 2172 merveilleux
1692 2113 1853 2201 que
1891 2114 1979 2168 ce
2018 2114 2173 2202 peu
2213 2085 2313 2171 de
2351 2114 2677 2206 rapport

642 2218 890 2296 Entre
924 2239 1076 2293 nos
1114 2205 1318 2294 deux
1354 2205 1628 2322 esprits
1662 2209 1774 2293 ait
1812 2205 2020 2296 femé
2054 2206 2128 2292 le
2166 2209 2516 2297 discord,

648 2338 730 2418 le
768 2364 898 2421 me
932 2331 1084 2417 fuis
1124 2329 1338 2414 donc
1376 2325 1614 2447 piqué
1658 2358 1938 2418 contre
1980 2330 2060 2418 fa
2092 2327 2568 2430 médifance,

651 2460 874 2542 Avec
911 2481 1086 2539 tant
1121 2451 1222 2538 de
1255 2450 1661 2547 malheur,
1699 2485 1810 2539 ou
1851 2482 2024 2540 tant
2063 2450 2659 2556 d’infuffifance,

647 2584 843 2684 Que
881 2577 1015 2663 des
1053 2571 1305 2664 droits
1337 2572 1391 2664 fi
1429 2576 1689 2663 facrez
1735 2581 1823 2660 &
1865 2576 1921 2664 fi
1959 2576 2207 2694 pleins
2239 2576 2589 2697 d’équité

647 2696 903 2786 N’ont
945 2731 1045 2815 pu
1087 2697 1163 2786 fe
1199 2702 1547 2818 garantir
1583 2701 1685 2785 de
1723 2701 1801 2787 fa
1839 2701 2229 2799 fubtilité,

650 2830 752 2910 Et
788 2822 860 2936 je
892 2817 1232 2910 l'amené
1264 2822 1394 2940 icy
1424 2819 1505 2909 n
1506 2847 1744 2943 ayant
1782 2822 1956 2940 plus
1990 2856 2146 2944 que
2188 2823 2620 2943 répondre,

656 2952 726 3030 A
734 2948 976 3031 Heure
1014 2973 1170 3061 que
1212 2972 1360 3032 vos
1402 2973 1602 3038 yeux
1640 2943 1714 3031 le
1752 2947 2128 3064 fçauront
2166 2953 2434 3039 mieux
2474 2951 2956 3043 confondre*

479 3068 798 3160 MEL.
837 3067 1072 3151 Vous
1101 3063 1374 3156 deviez
1411 3064 1792 3155 l’alfeurer
1825 3068 2120 3186 plûtoft
2153 3073 2348 3191 qu’il
2385 3076 2840 3168 trouveroic

657 3198 773 3276 En
821 3218 907 3275 ce
945 3185 1231 3305 mépris
1273 3188 1635 3276 d’amour
1675 3193 1817 3311 qui
1855 3192 1929 3280 le
1967 3197 2499 3285 feconderoit.

475 3313 705 3402 TIR.
751 3312 827 3396 Si
863 3311 933 3397 le
977 3339 1201 3397 cœur
1243 3344 1339 3396 ne
1377 3308 1595 3401 dédit
1635 3343 1727 3401 ce
1765 3347 1925 3436 que
1963 3314 2037 3406 la
2075 3318 2401 3409 bouche
2437 3322 2827 3436 exprime,

650 3444 753 3522 Et
790 3464 891 3521 ne
928 3435 1073 3521 fait
1110 3433 1211 3522 de
1242 3434 1581 3522 l’amour
1622 3469 1785 3527 une
1822 3438 1999 3556 plus
2032 3438 2275 3531 haute
2308 3443 2624 3534 estime,

656 3564 740 3642 le
782 3556 1028 3672 plains
1066 3555 1180 3641 les
1226 3556 1744 3643 malheureux
1782 3555 1830 3642 à
1868 3564 2008 3678 qui
2046 3591 2250 3647 vous
2296 3595 2392 3647 en
2438 3563 2762 3646 donnez

660 3684 1016 3763 Comme
1058 3671 1102 3759 à
1140 3672 1576 3797 d’étranges
1610 3709 1852 3763 maux
1892 3710 2034 3794 par
2072 3680 2242 3764 leur
2278 3683 2444 3767 fort
2486 3684 2862 3769 destinez.

475 3801 787 3886 MEL.
841 3803 959 3885 Ce
997 3796 1383 3915 reproche
1411 3800 1581 3885 fans
1617 3797 1843 3886 caufe
1881 3832 2073 3888 avec
2113 3801 2369 3889 raifon
2407 3802 2857 3897 m’étonne,

657 3926 739 4006 le
777 3947 877 4008 ne
907 3947 1153 4035 reçoy
1191 3918 1603 4013 d’amour,
1635 3927 1727 4005 &
1769 3918 1943 4010 n’en
1985 3922 2257 4010 donne
2299 3923 2345 4009 à
2381 3926 2805 4043 personne,

660 4048 809 4126 Les
850 4073 1185 4157 moyens
1226 4038 1325 4126 de
1358 4042 1671 4127 donner
1708 4073 1801 4131 ce
1842 4078 2003 4164 que
2036 4042 2111 4164 je
2144 4043 2361 4135 n’eus
2394 4051 2669 4163 jamais
2688 4056 2711 4130 ?

484 4163 756 4250 ERA.
802 4163 904 4247 Ils
940 4193 1144 4251 vous
1182 4164 1360 4250 font
1398 4192 1584 4283 trop
1622 4167 1866 4264 aifez,
1908 4172 1998 4250 &c
2040 4199 2180 4286 par
2216 4203 2422 4259 vous
2456 4172 2880 4261 déformais

664 4288 784 4368 La
808 4288 1112 4371 Nature
1148 4316 1352 4402 pour
1390 4318 1584 4407 moy
1622 4316 1948 4376 montre
1984 4294 2132 4377 fon
2180 4293 2578 4411 injustice,

669 4410 740 4488 A
781 4409 1154 4522 pervertir
1195 4410 1338 4492 fon
1377 4439 1614 4496 cours
1657 4443 1862 4527 pour
1903 4414 2232 4502 croiftre
2265 4449 2470 4502 mon
2501 4418 2869 4532 fupplice.

487 4526 801 4618 MEL.
849 4527 1205 4643 Supplice
1247 4530 1749 4648 imaginaire,
1789 4539 1873 4618 &
1907 4538 2051 4656 qui
2079 4538 2249 4621 fent
2283 4539 2431 4621 fon
2463 4565 2891 4656 moqueur.

489 4654 759 4736 ERA.
807 4651 1167 4765 Supplice
1195 4652 1335 4768 qui
1369 4646 1727 4747 déchire,
1761 4659 1845 4740 &
1877 4690 2081 4748 mon
2111 4689 2331 4755 ame,
2381 4665 2469 4748 &
2513 4694 2715 4748 mon
2753 4685 3005 4743 cœur,

492 4772 796 4860 MEL.
842 4771 908 4855 Il
940 4771 1050 4855 eft
1088 4797 1256 4856 rare
1290 4772 1534 4890 qu’on
1576 4803 1804 4889 porte
1838 4808 2030 4868 avec
2062 4780 2120 4864 fi
2160 4781 2332 4867 bon
2360 4783 2620 4902 vifage

678 4898 942 4981 Lame
980 4901 1068 4981 &
1110 4891 1184 4976 le
1218 4922 1438 4980 cœur
1480 4894 1882 4985 ensemble
1924 4932 2020 4984 en
2062 4902 2120 4984 fi
2162 4905 2382 4989 triste
2426 4901 2836 5024 équipage.

499 5013 766 5102 ERA.
807 5017 1098 5105 Voftre
1129 5014 1542 5106 charmant
1579 5025 1848 5135 aspeét
1877 5022 2354 5136 suspendant
2395 5052 2560 5110 mes
2593 5026 3018 5127 douleurs,'

683 5142 895 5223 Mon
933 5139 1195 5257 vifage
1225 5140 1335 5226 du
1373 5143 1633 5230 voftre
1675 5168 2093 5260 emprunte
2135 5143 2243 5231 les
2275 5143 2663 5234 couleurs.

501 5259 809 5346 MEL.
855 5263 1101 5347 Faites
1139 5264 1447 5360 mieux,
1485 5293 1689 5377 pour
1727 5263 1905 5352 finir
1941 5298 2089 5356 vos
2119 5298 2357 5351 maux
2399 5273 2487 5352 &
2525 5268 2785 5360 voftre
2813 5269 3043 5355 6ame

682 5388 1167 5495 Empruntez
1204 5414 1387 5472 tout
1428 5385 1615 5472 d’un
1652 5415 1905 5504 temps
1946 5388 2057 5476 les
2098 5388 2487 5477 froideurs
2512 5390 2612 5476 de
2640 5422 2841 5477 mon
2868 5423 3068 5477 ame.

506 5506 772 5592 ERA.
812 5504 1042 5589 Vous
1074 5535 1420 5622 voyant,
1468 5508 1580 5597 les
1606 5507 1998 5594 froideurs
2024 5509 2352 5626 perdent
2390 5539 2572 5598 tout
2610 5514 2780 5597 leur
2814 5505 3186 5627 pouvoir,

688 5630 788 5712 Et
820 5652 1024 5723 vous
1058 5625 1236 5718 n’en
1268 5632 1692 5723 conservez
1729 5659 1886 5751 que
1920 5630 2136 5719 faute
2170 5631 2268 5723 de
2300 5665 2504 5731 vous
2538 5634 2734 5726 voir.
