4267 6694
937 406 1061 474 20

1807 354 2964 490 MELITE,
1575 629 2728 811 SCENE
2999 642 3180 806 V

1130 983 1230 1079 E
1326 984 1434 1088 R
1534 980 1634 1081 A
1730 977 1814 1090 S
1910 978 2030 1086 T
2126 986 2230 1087 E
2290 1063 2330 1107 ,
2486 984 2570 1080 C
2674 984 2778 1077 L
2890 985 2970 1081 I
3082 986 3190 1078 T
3306 987 3386 1083 0
3490 987 3650 1092 U.

589 1284 839 1384 a Il luy
584 1387 903 1462 donne une
585 1480 757 1552 lettre.
919 1264 3711 1537 ERAa VA-t'en chercher Philandre, & dy-luy que Melite
1542 1399 3188 1527 A dedans ce billet ſa paſſion décrite,
1111 1526 1425 1645 Dy-luy
1465 1561 1623 1649 que
1661 1530 1739 1618 fa
1783 1531 2093 1648 pudeur
2131 1560 2233 1618 ne
2275 1530 2621 1648 fçauroit
2659 1530 2835 1648 plus
2881 1531 3161 1619 cacher

1111 1652 1253 1732 Vn
1287 1648 1423 1737 feu
1461 1655 1601 1771 qui
1635 1652 1711 1740 la
1753 1657 2181 1750 confume,
2223 1660 2311 1740 ôt
2349 1653 2633 1770 quelle
2669 1656 2873 1740 tient
2907 1652 2961 1740 6
2999 1653 3183 1741 cher
3213 1691 3227 1737 :

1104 1774 1318 1855 Mais
1352 1805 1584 1889 prens
1618 1778 1866 1892 garde
1892 1779 2021 1859 fur
2066 1803 2255 1862 tout
2292 1774 2339 1862 à
2380 1778 2564 1859 bien
2606 1775 2830 1887 jouer
2868 1808 3014 1863 ton
3046 1779 3252 1875 rôle,

1104 1896 1558 2011 Remarque
1586 1896 1666 1980 fa
1704 1897 2080 1989 couleur,
2128 1897 2272 1982 fon
2306 1899 2738 1994 maintien,
2782 1900 2856 1984 fa
2894 1901 3210 2018 parole,

1097 2018 1292 2132 Voy
1325 2013 1384 2099 h
1415 2017 1610 2103 dans
1643 2014 1720 2102 la
1755 2018 2062 2106 lecture
2095 2049 2212 2104 un
2243 2054 2400 2138 peu
2431 2013 2878 2108 d'émotion

1103 2144 1231 2224 Ne
1277 2166 1353 2225 te
1387 2168 1797 2228 montrera
1827 2145 1993 2229 rien
2031 2141 2129 2229 de
2167 2144 2315 2228 fon
2353 2145 2783 2232 intention.

921 2261 1133 2348 CLI.
1177 2263 1375 2351 Cela
1409 2291 1605 2355 vaut
1643 2266 1833 2362 fait,
1875 2266 2313 2355 Moniteur.
2367 2266 2647 2351 ERA.
2685 2272 2895 2354 Mais
2917 2301 3109 2361 avec
3129 2301 3279 2360 ton
3305 2272 3649 2395 meifage

1110 2381 1412 2473 Tafche
1452 2385 1506 2473 fi
1546 2387 2046 2481 dextrement
2088 2389 2184 2478 de
2232 2420 2564 2477 tourner
2606 2393 2752 2478 fon
2794 2422 3188 2517 courage,

1108 2510 1300 2616 Que
1348 2537 1436 2595 tu
1474 2515 1798 2599 viennes
1840 2510 1884 2599 à
1922 2511 2138 2600 bout
2176 2516 2276 2598 de
2314 2516 2394 2598 fa
2432 2511 2756 2604 fidelité.

923 2631 1139 2718 CLI.
1191 2637 1649 2734 Moniteur,
1687 2637 2259 2754 repofez-vous
2301 2640 2429 2725 fur
2475 2673 2607 2725 ma
2655 2638 3047 2739 fubtilité,

1107 2754 1175 2844 Il
1213 2754 1493 2843 faudra
1535 2758 2067 2878 malgré-luy,
2109 2760 2303 2878 qu'il
2341 2760 2613 2847 donne
2655 2759 2849 2848 dans
2889 2764 2961 2848 le
2999 2763 3265 2887 piège,

1108 2886 1257 2966 Ma
1290 2881 1479 2965 telle
1504 2881 1635 2970 fur
1674 2912 1767 2968 ce
1804 2883 2043 3001 point
2084 2912 2291 2980 vous
2332 2882 2447 2968 fer
2454 2885 2621 2973 vira
2654 2885 2753 2970 de
2794 2882 3046 3009 piège.

1112 3004 1326 3088 Mats
1368 3003 1592 3100 auffi,
1630 3034 1836 3096 vous
1870 3007 2238 3121 fçavez...
2302 3008 2578 3093 ERA.
2628 3007 2860 3126 Ouy,
2904 3042 3048 3105 va,
3082 3011 3230 3095 fois
3270 3012 3628 3134 diligent.

1225 3128 1384 3213 Ces
1415 3159 1628 3214 âmes
1665 3130 1776 3214 du
1813 3160 2206 3218 commun
2249 3128 2478 3218 n’ont
2519 3161 2726 3249 pour
2767 3130 2918 3218 but
2955 3165 3114 3253 que
3151 3129 3520 3258 l’argent,

1103 3252 1209 3336 Et
1247 3248 1317 3362 je
1351 3247 1527 3371 n’ay
1565 3282 1723 3372 que
1761 3278 1949 3371 trop
1979 3283 2129 3345 veu
2171 3282 2307 3372 par
2349 3286 2551 3341 mon
2593 3260 3135 3374 expérience...

1105 3372 1317 3458 Mais
1357 3399 1445 3457 tu
1487 3378 1793 3462 reviens
1831 3378 2251 3467 bien-toit?
2311 3378 2539 3463 CLI.
2577 3383 3179 3471 Donnez-vous
3216 3382 3611 3498 patience,

1104 3495 1566 3591 Moniteur,
1600 3496 1658 3580 il
1694 3530 1798 3584 ne
1840 3530 2042 3589 vous
2084 3501 2260 3588 faut
2300 3501 2546 3618 qu’un
2592 3534 2966 3592 moment
3008 3505 3104 3593 de
3148 3504 3392 3602 loiftr,

1098 3622 1204 3702 Et
1242 3648 1448 3705 vous
1488 3648 1828 3737 pourrez
1862 3653 2072 3711 vous
2118 3626 2420 3710 mefme
2458 3657 2556 3711 en
2598 3630 2822 3713 avoir
2864 3626 2934 3710 le
2972 3627 3250 3747 plaiftr.

915 3739 1197 3824 ERA.
1241 3744 1732 3825 Comment?
1791 3745 2003 3827 CLI.
2047 3747 2181 3828 De
2215 3778 2303 3828 ce
2341 3749 2659 3833 carfour
2693 3748 2843 3868 jay
2869 3782 3021 3836 veu
3051 3753 3279 3837 venir
3313 3748 3763 3849 Philandre,

1103 3860 1679 3951 Cachez-vous
1709 3892 1811 3946 en
1845 3896 1937 3951 ce
1971 3867 2203 3960 coin,
2237 3870 2329 3950 Le
2367 3866 2469 3951 de
2511 3867 2587 3951 là
2625 3867 2947 3986 fçaehez
2991 3871 3327 3989 prendre

1108 3980 1571 4071 L’occafion
1612 3989 2055 4073 commode
2096 3983 2143 4076 à
2184 3988 2565 4077 féconder
2602 4023 2773 4078 mes
2820 4026 3100 4113 coups,

1108 4106 1256 4194 Par
1290 4103 1366 4195 là
1396 4139 1606 4195 nous
1640 4106 1710 4194 le
1744 4136 2058 4199 tenons.
2154 4118 2272 4198 Le
2302 4115 2590 4233 voicy,
2628 4115 3188 4208 fauvez-vous.

1486 4373 2694 4553 SCENE
2966 4389 3246 4554 VI

937 4699 2157 4831 PHILANDRE,
2229 4707 2997 4838 ERASTE,
3057 4710 3365 4811 CLI
3401 4707 3517 4815 T
3537 4712 3813 4816 ON.

589 4969 909 5053 bErasiteft

619 5059 886 5139 caché &
610 5150 894 5227 les écoute.
930 4961 3198 5212 PHI. b QVelle reception me fera ma Maiſtreſſe?
1498 5089 3144 5212 Le moyen d'excuſer une telle pareſſe?
928 5209 3254 5336 CLI. Monſieur, tout à à propos je vous rencontre icy
1111 5331 2969 5454 Expreſſément chargé de vous rendre cecy.
925 5455 1165 5540 PHI.
1217 5453 1657 5563 Qu'eft-ce?
1713 5462 1923 5545 CLI.
1967 5465 2199 5546 Vous
2231 5462 2433 5547 allez
2467 5465 2647 5549 voir
2677 5491 2777 5546 en
2811 5462 3039 5549 lifant
3081 5491 3283 5554 cette
3321 5466 3549 5551 lettre

1107 5578 1227 5662 Ce
1261 5575 1505 5697 qu’un
1539 5575 1875 5668 homme
1909 5583 2181 5695 jamais
2219 5578 2591 5673 n’oferoit
2629 5583 2701 5672 fe
2741 5613 3217 5702 promettre,
