4267 6735
996 389 1129 476 jS
1912 375 2085 473 M
2150 376 2247 473 E
2334 378 2433 477 L
2526 382 2599 476 I
2692 372 2809 477 T
2882 382 3036 501 E,

990 547 1244 633 CLO.
1288 548 1419 625 Tu
1456 538 1589 629 l’as
1624 544 1769 633 fait
1808 576 2019 664 pour
2056 552 2375 641 Eraste?
2438 553 2676 641 ‘TIR.
2714 558 2958 676 Ouy,
3000 553 3142 669 j'av
3176 554 3496 683 dépeint
3538 569 3614 656 fa
3648 574 3900 673 flame.

986 668 1239 752 CLO.
1285 672 1645 756 Comme
1684 698 1773 755 tu
1810 672 1883 761 la
1921 672 2207 762 reflfens
2242 680 2673 795 peut-eftre
2710 680 2905 769 dans
2942 710 3089 766 ton
3132 714 3309 772 ame
3332 697 3357 765 ?

987 789 1231 879 TIR.
1279 798 1410 879 Tu
1447 794 1634 883 fcais
1667 797 1940 883 mieux
1979 799 2120 918 qui
2157 808 2230 904 je
2267 802 2461 897 fuis,
2495 807 2586 888 6c
2627 833 2782 923 que
2821 834 2954 888 ma
2985 802 3194 889 libre
3227 807 3568 905 humeur

1174 912 1326 1002 N’a
1368 917 1462 1006 de
1501 948 1676 1037 part
1728 951 1830 1006 en
1864 951 2032 1007 mes
2070 952 2244 1015 vers
2285 956 2444 1046 que
2478 924 2672 1012 celle
2714 926 2812 1011 de
2850 930 3172 1016 rîmeur.

990 1039 1243 1125 CLO.
1280 1044 1589 1129 Pauvre
1626 1044 1871 1142 frere,
1920 1048 2277 1141 vois-tu,
2314 1079 2465 1134 ton
2498 1047 2787 1134 filence
2824 1049 3155 1151 fabule.

1179 1167 1310 1252 De
1343 1167 1418 1251 la
1451 1162 1748 1288 langue
1785 1197 1902 1253 ou
1929 1167 2064 1256 des
2095 1202 2347 1287 yeux,
2385 1206 2440 1257 n
2465 1175 2814 1291 importe
2843 1181 2984 1296 qui
3017 1176 3383 1269 t’accufe:

1176 1295 1330 1376 Les
1368 1289 1566 1376 tiens
1602 1288 2040 1382 m’avoient
2078 1295 2264 1380 bien
2294 1295 2408 1382 dit
2448 1294 2757 1417 malgré
2786 1325 2926 1422 toy
2959 1333 3120 1423 que
3158 1329 3308 1388 ton
3342 1333 3566 1395 cœur

1176 1412 1589 1531 Soùpiroit
1626 1416 1809 1503 fous
1854 1412 1967 1503 les
2004 1416 2173 1506 loix
2218 1416 2317 1505 de
2358 1422 2709 1541 quelque
2746 1421 2971 1538 objet
3012 1426 3492 1546 vainqueur,

1173 1538 1387 1620 Mais
1421 1535 1831 1659 j'ignorois
1873 1570 2119 1629 encor
2162 1549 2304 1664 qui
2343 1548 2601 1633 tenoit
2643 1575 2725 1634 ta
2767 1545 3193 1645 franchise.

1171 1663 1274 1743 Et
1312 1658 1388 1743 le
1421 1693 1624 1748 nom
1661 1662 1760 1747 de
1793 1663 2082 1752 Melite
2113 1697 2158 1752 a
2193 1666 2418 1755 caufé
2459 1701 2594 1757 ma
2631 1671 2994 1791 furprife,

1176 1779 1459 1866 Si-toft
1492 1782 1725 1901 qu’au
1768 1790 2107 1902 premier
2144 1821 2323 1879 vers
2364 1820 2511 1880 ton
2552 1798 2857 1883 Sonnet
2894 1793 3051 1884 m’a
3088 1794 3237 1884 fait
3276 1803 3453 1889 voir

1171 1903 1291 1984 Ce
1332 1933 1489 2019 que
1527 1907 1803 2024 depuis
1845 1908 2023 1993 huit
2060 1909 2281 2023 jours
2324 1912 2395 2024 je
2441 1913 2777 2003 bruflois
2821 1917 2917 2006 de
2951 1920 3281 2037 fçavoir.

987 2017 1366 2108 TIR.Ta
1385 2027 1594 2111 crois
1613 2026 1834 2116 donc
1855 2061 2016 2151 que
2035 2031 2186 2141 j’en
2205 2035 2408 2120 tiens
2429 2043 2452 2119 ?
2471 2040 2638 2123 CL.
2665 2047 2858 2129 Fort
2877 2043 3145 2130 auant.
3165 2043 3318 2133 TL
3337 2049 3558 2134 Pour
3579 2051 3886 2143 MeliteS

986 2143 1230 2229 CLO.
1276 2150 1497 2235 Pour
1536 2148 1866 2246 Melite,
1902 2157 1989 2238 6c
2026 2154 2125 2243 de
2162 2156 2335 2278 plus
2368 2192 2529 2281 que
2562 2192 2643 2251 ta
2672 2165 2905 2253 flame
2934 2167 3265 2256 n’excite

1177 2275 1309 2358 Au
1343 2301 1571 2361 cœur
1605 2276 1703 2361 de
1745 2302 1957 2366 cette
1995 2276 2203 2370 belle
2241 2311 2501 2370 aucun
2539 2289 3147 2380 embrasement.

983 2389 1213 2480 TIR.
1267 2394 1432 2501 Qui
1479 2395 1638 2484 t’en
1671 2434 1716 2487 a
1749 2429 1918 2489 tant
1959 2408 2212 2523 appris
2245 2417 2268 2487 ?
2307 2441 2510 2497 mon
2553 2416 2858 2502 Sonnet
2877 2426 2896 2496 î
2959 2415 3207 2502 CLO.
3249 2422 3711 2511 Iustement.

988 2517 1230 2601 TIR.
1280 2526 1383 2607 Et
1426 2518 1599 2608 c’eft
1640 2556 1728 2611 ce
1768 2527 1907 2642 qui
1944 2555 2018 2614 te
2052 2557 2374 2652 trompe
2404 2564 2594 2623 avec
2632 2565 2744 2624 tes
2786 2540 3326 2655 conjectures,

1171 2649 1273 2729 Et
1308 2675 1449 2761 par
1491 2641 1604 2731 où
1637 2676 1717 2734 ta
1751 2649 2019 2738 finelfe
2053 2685 2095 2737 a
2128 2657 2287 2739 mal
2324 2663 2483 2772 pris
2526 2662 2637 2747 fes
2674 2667 3041 2751 mesures.

1165 2767 1310 2848 Vn
1355 2767 1616 2887 visage
1659 2771 1936 2878 jamais
1973 2806 2076 2861 ne
2115 2781 2494 2865 mauroit
2535 2779 2782 2870 arrête

1166 2886 1301 2975 S’il
1342 2885 1606 2976 falloir
1643 2925 1804 3015 que
1846 2894 2190 2984 l’amour
2236 2899 2393 2985 fuft
2430 2929 2614 2989 tout
2650 2903 2750 2994 de
2790 2941 2992 2997 mon
3040 2911 3272 3002 collé.

1162 3013 1317 3094 Ma
1358 3013 1559 3099 rime
1600 3017 2041 3106 feulement
2082 3021 2189 3107 eft
2232 3057 2339 3112 un
2386 3031 2731 3145 portrait
2770 3031 3033 3123 fidelle

1161 3135 1296 3220 De
1333 3167 1424 3224 ce
1461 3135 1870 3259 quTEraste
1907 3143 2208 3234 fouffre
2245 3179 2344 3234 en
2381 3152 2694 3243 servant
2735 3185 2940 3246 cette
2983 3157 3233 3260 belle,

1166 3258 1382 3343 Mais
1421 3262 1697 3382 quand
1735 3275 1808 3369 je
1854 3262 2338 3358 l’entretiens
2382 3276 2480 3361 de
2526 3311 2730 3366 mon
2768 3279 3160 3373 affeétion

1166 3375 1331 3467 îen
1368 3413 1467 3506 ay
1508 3398 1871 3496 toujours
1908 3394 2107 3479 aller
2144 3394 2243 3483 de
2276 3397 2794 3493 fatisfa&ion.

979 3499 1227 3586 CLO.
1273 3508 1659 3606 Montre,
1693 3513 1748 3597 fi
1779 3540 1870 3599 tu
1903 3517 2019 3602 dis
2057 3549 2291 3637 vray,
2324 3525 2677 3646 quelque
2706 3561 2857 3646 peu
2902 3531 3079 3651 plus
3119 3530 3215 3620 de
3248 3544 3453 3655 joyë,

1162 3631 1264 3712 Et
1308 3656 1676 3752 rens-toy
1710 3640 1980 3725 moins
2018 3641 2330 3730 refveur
2368 3649 2528 3734 afin
2565 3682 2722 3769 que
2759 3662 2834 3761 je
2881 3680 2958 3739 te
2999 3688 3260 3777 croye.

980 3745 1218 3835 TIR.
1262 3754 1347 3835 le
1380 3754 1642 3848 refve,
1684 3763 1775 3840 Le
1802 3790 2011 3844 mon
2040 3768 2279 3878 esprit
2312 3798 2415 3852 ne
2448 3775 2607 3855 s’en
2640 3803 2835 3888 peut
2872 3806 3312 3897 exempter,

1161 3877 1326 3957 Car
1359 3873 1612 3962 fi-toft
1648 3907 1803 3997 que
1837 3884 1909 3979 je
1943 3882 2167 3970 viens
2201 3882 2248 3971 à
2277 3917 2409 3975 me
2443 3893 2917 4010 représenter

1161 3990 1494 4102 Qu’une
1535 3999 1796 4089 vieille
1837 4004 2110 4093 amitié
2153 4004 2252 4093 de
2289 4042 2492 4098 mon
2521 4046 2812 4105 amour
2847 4018 3156 4121 s’irrite,

1166 4118 1595 4228 QfEraste
1630 4118 1787 4211 s’en
1824 4125 2168 4228 offense.
2206 4136 2295 4217 Le
2334 4132 2691 4256 s'oppose
2720 4140 2765 4229 à
2802 4145 3128 4243 Melite,

1163 4246 1506 4331 Tantoft
1549 4255 1615 4351 je
1657 4248 1809 4334 fuis
1855 4283 2085 4371 amy,
2127 4258 2424 4343 tantoft
2464 4267 2541 4361 je
2579 4263 2729 4348 fuis
2771 4267 3009 4365 rival,

1157 4373 1264 4453 Et
1301 4376 1660 4474 toujours
1697 4368 2030 4462 balancé
2069 4377 2256 4467 d’un
2293 4386 2808 4505 contrepoids
2843 4385 3053 4515 égal,

1158 4487 1317 4606 l’ay
1358 4487 1611 4580 honte
1654 4494 1757 4583 de
1798 4525 1931 4583 me
1968 4503 2147 4590 voir
2192 4503 2646 4605 insensible,
2688 4542 2804 4599 ou
2850 4512 3180 4632 perfide;

1163 4613 1244 4698 Si
1285 4610 1623 4704 l’amour
1663 4613 2187 4724 m’enhardit,
2223 4627 2545 4720 l’amitié
2587 4632 3103 4732 m’intimide,

1153 4741 1404 4825 Entre
1443 4770 1568 4826 ces
1601 4775 2134 4835 mouvemens
2175 4784 2374 4840 mon
2421 4763 2660 4874 esprit
2701 4759 3028 4887 partagé

1158 4863 1287 4944 Ne
1324 4863 1514 4953 feait
1556 4867 1857 4987 duquel
1904 4871 2040 4958 des
2080 4871 2286 4962 deux
2328 4876 2387 4964 il
2430 4881 2606 4969 doit
2645 4885 2984 5002 prendre
3026 4886 3312 5010 congé.

973 4978 1225 5062 CLO.
1267 4986 1515 5075 Voila
1556 4991 1747 5079 bien
1788 4990 1923 5081 des
1964 4990 2291 5089 détours
2328 5034 2537 5118 pour
2582 5003 2751 5092 dire
2798 5038 2897 5093 au
2946 5009 3155 5098 bout
3192 5011 3305 5097 du
3346 5039 3585 5102 conte

1161 5105 1348 5210 Que
1391 5104 1564 5195 c’eft
1609 5146 1892 5207 contre
1929 5145 2076 5207 ton
2123 5123 2266 5246 gré
2307 5157 2466 5246 que
2505 5126 2844 5219 l’amour
2889 5158 2966 5218 te
3003 5135 3453 5242 surmonte;

1162 5231 1296 5312 Tu
1333 5228 1730 5347 préfumes
1779 5271 1916 5356 par
1970 5240 2051 5325 là
2088 5279 2220 5333 me
2264 5249 2338 5333 le
2385 5249 2834 5365 persuader.

1159 5350 1371 5435 Mais
1416 5386 1505 5439 ce
1544 5389 1603 5440 n
1622 5358 1731 5444 eft
1772 5394 1905 5478 pas
1944 5363 2129 5452 ainfi
2162 5367 2409 5489 qu’on
2448 5368 2659 5459 m’en
2692 5376 2963 5465 donne
3004 5377 3051 5466 à
3084 5386 3386 5501 garder.

1153 5473 1230 5554 A
1271 5468 1348 5557 la
1391 5477 1638 5562 mode
1675 5481 1782 5567 du
1823 5512 2123 5607 temps,
2157 5494 2432 5610 quand
2469 5525 2674 5584 nous
2711 5498 3031 5589 servons
3069 5507 3637 5627 quelqu’autre,

1162 5588 1367 5681 C’eft
1408 5600 1844 5694 feulement
1886 5607 2094 5698 alors
2135 5613 2327 5732 qu’il
2360 5613 2488 5738 n’y
2528 5648 2572 5707 a
2610 5621 2778 5711 rien
2820 5625 2930 5710 du
2970 5630 3272 5728 noftre,
