4267 6834
1002 436 1163 569 8+
1802 422 1891 523 C
1934 405 2319 520 LIT
2350 404 2663 513 AN
2698 405 2815 510 D
2862 407 3158 533 RE,

1185 603 1401 687 Mais
1433 631 1641 692 vous
1677 601 2001 714 fçaurez
2029 614 2445 683 montrer,
2493 585 2985 677 embraflant
3025 617 3165 677 ma
3201 582 3545 692 de'fenfc,

1179 726 1371 833 Que
1406 725 1549 847 qui
1593 753 1799 812 vous
1837 747 2105 837 vange
2137 713 2319 803 ainsi
2355 713 2929 834 puifTamment
2975 743 3183 803 vous
3221 711 3569 803 offenfe.

1176 854 1332 937 Les
1369 845 1710 966 perfides
1748 840 2132 928 autheurs
2168 840 2266 927 de
2306 871 2396 926 ce
2434 836 2814 954 complot
2844 837 3188 936 maudit,

1175 970 1549 1083 Quàme
1579 965 2031 1088 persécuter
2065 966 2333 1056 voftre
2367 962 2707 1056 absence
2741 962 3143 1060 enhardit,

1172 1102 1242 1185 A
1282 1094 1546 1186 voftre
1584 1090 1946 1182 heureux
1980 1121 2306 1185 retour,
2336 1118 2670 1180 verront
2702 1117 2862 1207 que
2896 1120 3022 1177 ces
3058 1089 3502 1211 tempeftes,

1171 1219 1595 1306 Clitandre
1633 1214 2039 1336 prefervé,
2065 1216 2529 1306 n'abatront
2573 1245 2733 1332 que
2773 1211 2983 1302 leurs
3017 1216 3277 1306 telles.

1170 1348 1386 1431 Mais
1424 1376 1540 1431 on
1576 1371 1832 1435 ouvre
1864 1406 1888 1438 »
1932 1344 2022 1429 5c
2056 1339 2502 1466 quelqu'un
2540 1339 2734 1426 dans
2776 1366 2982 1427 cette
3020 1339 3352 1430 sombre
3380 1340 3720 1435 horreur

1169 1468 1323 1559 Par
1357 1468 1505 1559 Ton
1545 1468 1813 1591 visage
1855 1468 2169 1559 affreux
2211 1465 2605 1556 redouble
2647 1498 2783 1555 ma
2825 1495 3155 1556 terreur.

1559 1714 2817 1898 SCENE
3079 1729 3392 1905 IV

1057 2056 2457 2204 CLITANDRE,
2525 2080 2762 2182 LE
2873 2080 3853 2202 GEOLIER.

982 2321 1252 2410 GEO.
1493 2335 1902 2421 fjErmettez
1936 2362 2098 2457 que
2136 2370 2270 2427 ma
2310 2340 2528 2428 main
2576 2339 2676 2430 de
2714 2375 2844 2432 ces
2880 2346 3036 2435 fers
3070 2376 3280 2436 vous
3316 2349 3680 2438 détaché.

1495 2455 1715 2543 CLI.
1745 2460 2031 2565 Suis-je
2055 2460 2257 2551 libre
2283 2465 2461 2582 déjà
2487 2469 2507 2549 ?
2537 2468 2805 2555 GEO.
2831 2478 3031 2559 Non
3057 2505 3333 2574 encor,
3359 2506 3521 2598 que
3535 2475 3923 2601 jefçache.

980 2575 1204 2658 CLI.
1246 2581 1550 2703 Quoy,
1594 2608 1674 2666 ta
1708 2580 1924 2671 feule
1958 2585 2151 2707 pitié
2190 2589 2298 2711 s'y
2340 2590 2694 2680 hazarde
2724 2628 2934 2711 pour
2976 2629 3174 2720 moy
3194 2608 3218 2681 ?

983 2697 1253 2783 GEO.
1299 2709 1545 2799 Non,
1575 2704 1756 2792 c’eft
1789 2741 1901 2796 un
1941 2713 2177 2800 ordre
2217 2710 2493 2836 exprès
2527 2717 2631 2804 de
2665 2750 2867 2806 vous
2911 2724 3303 2813 conduire
3341 2758 3441 2814 au
3479 2733 3699 2850 Roy,

974 2821 1194 2908 CLI.
1238 2833 1368 2916 Ne
1406 2821 2128 2948 m’apprendras-tu
2162 2843 2400 2957 point
2438 2838 2510 2925 le
2550 2844 2800 2929 crime
2834 2853 3090 2964 qu'on
3128 2847 3574 2970 m'impute,

1161 2954 1265 3037 Et
1295 2951 1488 3072 quel
1521 2950 1785 3045 lafehe
1825 2960 2275 3081 imposteur
2309 2962 2502 3051 ainfi
2537 2999 2675 3054 me
2719 2972 3165 3089 perfecute?

978 3071 1242 3161 GEO,
1278 3079 1866 3178 Descendons,
1904 3114 2022 3173 un
2054 3087 2391 3179 Prevoft
2426 3093 2569 3213 qui
2612 3128 2818 3188 vous
2852 3098 3135 3188 attend
3172 3097 3436 3192 là-bas

1161 3200 1399 3290 Vous
1429 3234 1733 3325 pourra
1763 3212 2035 3299 mieux
2079 3244 2239 3334 que
2273 3248 2475 3339 moy
2515 3249 2941 3312 contenter
2975 3227 3103 3312 fur
3145 3258 3235 3317 ce
3271 3261 3427 3320 cas.

1511 3466 2753 3656 SCENE
3135 3475 3375 3661 V.

1405 3821 1510 3926 P
1565 3822 1686 3927 Y
1717 3824 1894 3929 M
1933 3825 2406 3933 ANT
2437 3829 2542 3934 E
2589 3903 2629 3959 ,
2725 3832 3533 3949 DORISE.

962 4081 1252 4167 PTM.
1264 4093 1283 4121 :<
1340 4084 1507 4223 jTJ
1530 4089 1613 4166 N
1650 4085 1834 4172 vain
1874 4119 2082 4206 pour
2114 4089 2550 4184 m'éblouir
2590 4129 2796 4188 vous
2830 4098 3014 4189 usez
3052 4097 3152 4188 de
3186 4098 3268 4193 la
3296 4108 3498 4201 ruse,

1535 4213 1749 4295 Mon
1785 4213 2071 4330 esprit,
2099 4248 2323 4340 quoy
2363 4252 2525 4344 que
2559 4219 2800 4311 lourd
2831 4258 2853 4322 ,
2887 4218 3271 4317 aisément
3301 4258 3405 4318 ne
3439 4227 3761 4335 s’abuse,

632 4105 917 4203 a Il regar¬
628 4204 932 4274 de une ai¬
623 4297 929 4392 guille que
625 4390 824 4483 Doriſe
622 4488 795 4562 avoit
623 4581 929 4675 laißée par
623 4675 882 4774 mégarde
624 4776 868 4868 dans ſes
624 4869 887 4941 cheveux
621 4959 933 5050 en ſe dé¬
612 5059 865 5155 guiſant.
1308 4365 1342 4416 c
1342 4366 1362 4450 l
1366 4360 1466 4421 ue
1500 4365 1706 4423 vous
1748 4369 1880 4424 me
1918 4337 2218 4429 cachez
2252 4409 2270 4433 ,
2300 4351 2372 4452 je
2416 4346 2488 4433 le
2524 4347 2618 4433 lis
2656 4348 2848 4438 dans
2884 4382 3032 4442 vos
3066 4382 3272 4474 yeux
3302 4387 3320 4437 :

1147 4458 1537 4576 Quelque
1563 4489 1825 4552 revers
1865 4462 2235 4557 d’amour
2273 4501 2479 4558 vous
2519 4476 2861 4562 conduit
2901 4507 3001 4562 en
3031 4507 3155 4566 ces
3193 4472 3433 4576 lieux,

1148 4579 1467 4669 N'eft-il
1504 4615 1638 4699 pas
1668 4618 1910 4708 vray,
1940 4590 2409 4682 Monsieur?
2438 4600 2528 4683 6c
2564 4601 2872 4690 mefrne
2902 4631 3112 4692 cette
3150 4605 3476 4727 aiguille

1151 4708 1339 4794 Sent
1375 4713 1577 4797 allez
1615 4708 1727 4799 les
1767 4713 2083 4806 faveurs
2123 4720 2221 4807 de
2259 4720 2613 4847 quelque
2647 4720 2863 4816 belle
2901 4725 3093 4834 fille;

1142 4827 1318 4919 Elle
1348 4836 1506 4931 eft,
1548 4866 1662 4922 ou
1700 4837 1772 4953 je
1802 4871 1942 4927 me
1970 4873 2332 4963 trompe,
2368 4882 2480 4937 un
2514 4884 2724 4976 gage
2758 4855 2862 4940 de
2892 4854 2974 4941 fa
3012 4853 3182 4976 foy.

950 4956 1243 5043 j00R.
1281 4961 1364 5042 O
1407 4958 1959 5055 malheureufe
1993 4971 2323 5092 aiguille
2359 5042 2381 5070 ,
2419 4974 2639 5065 helas
2665 5002 2679 5056 !
2709 4975 2886 5065 c'eft
2923 4978 3067 5065 fait
3105 4984 3205 5069 de
3239 5014 3467 5100 moy.

962 5081 1248 5168 pxM.
1294 5081 1484 5172 Sans
1514 5085 1764 5177 doute
1802 5090 2066 5182 voftre
2096 5094 2328 5221 playe
2362 5094 2409 5184 à
2448 5135 2538 5189 ce
2576 5134 2760 5191 mot
2798 5100 2965 5191 s’eft
3004 5135 3040 5189 r
3066 5135 3432 5199 ouverte.

1143 5206 1607 5310 Monfîeur,
1637 5242 2293 5335 regrettez-vous
2331 5228 2475 5314 son
2519 5228 2893 5328 absence,
2923 5262 3035 5319 ou
3075 5232 3151 5318 fa
3187 5240 3454 5351 perte?

1140 5330 1380 5417 Vous
1420 5334 1888 5430 auroit-elle
1926 5342 2114 5430 bien
2158 5380 2364 5465 pour
2408 5382 2516 5439 un
2558 5379 2786 5441 autre
2822 5351 3112 5474 quitté.

1139 5458 1244 5537 Et
1273 5450 1470 5576 payé
1507 5489 1657 5546 vos
1695 5463 2017 5555 ardeurs
2055 5468 2293 5563 d'une
2331 5472 2724 5564 infidélité
2745 5487 2774 5559 ?

1144 5578 1381 5666 Vous
1410 5610 1511 5667 ne
1538 5576 1950 5700 répondez
1994 5598 2270 5709 point!
2306 5627 2516 5688 cette
2558 5633 2974 5727 longueur
3016 5601 3374 5700 confuse,

1143 5704 1402 5826 Quoy
1437 5735 1596 5825 que
1633 5740 1839 5798 vous
1879 5747 2087 5804 vous
2127 5723 2445 5825 taillez,
2475 5725 2947 5818 clairement
2985 5765 3191 5826 vous
3231 5730 3525 5822 accuse.
