4267 6791
1793 412 1882 513 C
1929 400 2322 510 LIT
2357 407 2662 513 AN
2697 405 2818 511 B
2861 407 3204 537 RE

1017 424 1154 516 8z

1701 705 2799 886 SCENE
3081 717 3283 883 II

1450 1040 1691 1145 RO
1754 1039 1839 1144 S
1882 1042 2115 1147 ID
2178 1044 2259 1141 0
2310 1037 2482 1167 R,
2562 1044 2647 1145 C
2702 1041 3075 1149 ALI
3114 1039 3359 1155 ST
3394 1049 3518 1150 E.

1016 1322 1257 1410 ROS.
1392 1323 1483 1408 A
1560 1326 1647 1409 H
1716 1353 1873 1443 que
1910 1355 2005 1413 ce
2034 1322 2293 1448 grand
2334 1357 2703 1417 couroux
2736 1326 3297 1421 fenfiblement
3320 1331 3697 1456 m’afflige
3718 1363 3739 1421 t

1577 1450 1837 1533 CAL.
1879 1447 2090 1537 C’eft
2123 1450 2314 1541 ainfi
2349 1482 2508 1571 que
2541 1451 2616 1541 le
2649 1460 2836 1576 Roy
2873 1486 2952 1545 te
2993 1458 3346 1549 refufant
3383 1455 3745 1581 t’oblige,

1204 1565 1271 1655 Il
1308 1602 1380 1656 te
1416 1573 1686 1660 donne
1720 1570 2146 1695 beaucoup
2180 1605 2282 1664 en
2322 1605 2412 1663 ce
2445 1575 2643 1700 qu’il
2678 1578 3084 1682 t’interdit,

1198 1699 1305 1779 Et
1340 1724 1429 1779 tu
1472 1724 1771 1817 gagnes
1806 1699 2235 1819 beaucoup
2274 1698 2397 1823 d’y
2440 1701 2721 1818 perdre
2754 1729 2907 1793 ton
2944 1710 3221 1798 crédit.

1193 1817 1338 1902 On
1379 1822 1554 1907 voit
1591 1829 1788 1904 dans
1825 1853 1952 1908 ces
1985 1822 2196 1908 refus
2227 1856 2390 1909 une
2423 1856 2762 1944 marque
2799 1836 3150 1921 certaine

1194 1941 1380 2050 Que
1420 1969 1704 2027 contre
1734 1940 2082 2028 Rofidor
2118 1968 2350 2031 toute
2383 1950 2636 2068 priere
2672 1951 2779 2037 eft
2808 1955 3070 2054 vaine,

1195 2069 1327 2151 Ses
1367 2065 1713 2155 violents
1747 2096 2195 2191 transports
2225 2069 2407 2160 font
2443 2070 2867 2165 d’affleurer
2904 2077 3257 2169 témoins

1193 2189 1422 2300 Qfflil
1455 2184 1970 2280 t’écouteroit
2003 2194 2274 2284 mieux
2309 2193 2422 2283 s’il
2457 2228 2536 2288 te
2579 2198 2982 2293 cheriffloit
3023 2215 3321 2297 moins.

1190 2318 1408 2404 Mais
1446 2343 1558 2402 un
1602 2313 1775 2433 plus
1814 2317 2018 2443 long
2048 2320 2308 2439 fejour
2344 2326 2720 2437 pourroit
2750 2331 2880 2450 icy
2914 2361 2990 2421 te
3030 2335 3282 2429 nuire,

1185 2444 1319 2527 Ne
1358 2436 1709 2559 perdons
1742 2441 1921 2559 plus
1963 2445 2057 2531 de
2105 2472 2421 2566 temps,
2463 2448 2919 2575 laifflc-moy
2963 2485 3043 2544 te
3083 2458 3477 2549 conduire

1189 2569 1520 2687 Iusques
1551 2564 1744 2651 dans
1773 2565 2390 2659 l’antichambre
2415 2572 2532 2660 où
2561 2578 2964 2702 Lyfarqüe
3001 2578 3361 2681 t’attend,

1184 2694 1293 2774 Et
1332 2716 1661 2779 montre
1694 2688 2129 2780 déformais
2166 2727 2279 2783 un
2320 2702 2559 2814 esprit
2596 2702 2772 2818 plus
2794 2737 3158 2797 content.

1005 2811 1241 2897 ROS.
1283 2816 1360 2898 Si
1388 2808 1567 2933 près
1605 2813 1703 2898 de
1737 2840 1815 2901 te
1848 2817 2261 2932 quitter....
2305 2824 2563 2908 CAL.
2595 2822 3003 2920 N’acheve
3032 2865 3171 2951 pas
3207 2862 3291 2924 ta
3324 2834 3645 2956 plainte.

1185 2941 1412 3022 Tous
1455 2935 1664 3022 deux
1697 2968 1908 3026 nous
1937 2939 2384 3031 reffentons
2419 2975 2632 3040 cette
2665 2980 3114 3045 commune
3149 2963 3519 3057 atteinte,

1182 3060 1399 3146 Mais
1428 3056 1617 3146 d’un
1646 3059 2027 3151 fafcheux
2060 3074 2373 3186 respeét
2404 3067 2483 3158 la
2516 3078 2995 3202 tyrannique
3034 3082 3176 3203 loy

1181 3182 1619 3305 M’appelle
1663 3184 1863 3275 chez
1903 3188 1983 3275 la
2017 3197 2315 3292 Reine,
2357 3201 2448 3284 &
2485 3197 2919 3328 m’éloigne
2959 3207 3057 3296 de
3095 3237 3269 3330 toy.

1181 3307 1250 3393 Il
1283 3338 1416 3394 me
1459 3307 1598 3433 luy
1633 3307 1810 3399 faut
1853 3343 2142 3403 conter
2179 3351 2510 3410 comme
2547 3321 2712 3415 l’on
2747 3326 2902 3419 m’a
2935 3329 3292 3455 furprife,

1182 3431 1527 3520 Excufer
1560 3465 1763 3522 mon
1792 3431 2129 3527 absence
2158 3475 2261 3530 en
2296 3448 2673 3538 accusant
2696 3452 3016 3556 Dorife,

1175 3560 1279 3642 Et
1317 3555 1769 3646 l’informer
1805 3595 2229 3654 comment
2264 3599 2403 3688 par
2441 3604 2557 3659 un
2595 3577 2814 3667 cruel
2847 3580 3111 3671 destin

1178 3682 1398 3768 Mon
1434 3679 1718 3773 devoir
1756 3683 2040 3804 auprès
2073 3687 2302 3778 d’elle
2335 3727 2380 3781 a
2419 3701 2774 3822 manqué
2813 3736 2906 3795 ce
2945 3711 3234 3796 matin.

992 3801 1226 3891 ROS.
1276 3808 1399 3893 Va
1436 3803 1700 3902 donc,
1728 3812 1819 3893 &
1858 3816 2133 3928 quand
2166 3817 2313 3902 son
2348 3851 2570 3919 ame,
2600 3825 2823 3942 après
2856 3828 2933 3919 la
2970 3830 3209 3924 chose
3246 3842 3477 3955 fçeuè

1171 3934 1364 4017 Fera
1397 3926 1576 4017 voir
1613 3931 1692 4017 la
1725 3931 1916 4051 pitié
1955 3935 2239 4055 qu'elle
2277 3970 2375 4029 en
2415 3975 2605 4033 aura
2645 3963 3031 4052 conceuë,

1172 4055 1460 4176 Figure
1494 4050 1634 4171 luy
1670 4054 1727 4140 fi
1764 4055 1952 4145 bien
1990 4060 2406 4155 Clitandre
2442 4069 2552 4157 tel
2587 4073 2782 4194 qu’il
2825 4080 2960 4175 eft,

1176 4175 1495 4285 Quelle
1530 4175 1739 4264 n’ofe
1776 4215 1877 4269 en
1910 4184 2019 4273 fes
2056 4184 2245 4274 feux
2282 4196 2625 4309 prendre
2654 4197 2833 4317 plus
2866 4201 3286 4295 d’intereft.

987 4301 1249 4387 CAL.
1295 4306 1426 4389 Ne
1459 4303 1718 4388 crains
1753 4337 1890 4423 pas
1923 4306 2349 4401 déformais
2383 4350 2543 4436 que
2579 4355 2783 4409 mon
2817 4360 3109 4420 amour
3149 4329 3513 4431 s’oublie,

1176 4421 1488 4542 Répare
1522 4426 1956 4521 feulement
1994 4461 2080 4524 ta
2110 4439 2450 4560 vigueur
2490 4443 2898 4553 afflbiblie,

1176 4545 1479 4668 Sçache
1516 4546 1705 4640 bien
1738 4582 1819 4643 te
1848 4558 2085 4649 servir
2122 4558 2221 4649 de
2254 4558 2331 4653 la
2366 4563 2645 4658 faveur
2678 4572 2787 4661 du
2824 4582 3038 4702 Roy,

1171 4678 1274 4764 Et
1305 4704 1514 4794 pour
1551 4700 1740 4768 tout
1769 4679 1846 4772 le
1879 4682 2243 4804 surplus,
2277 4696 2751 4812 repofe-t’en
2791 4703 2919 4795 fur
2947 4736 3167 4829 moy.
