<?xml version="1.0" encoding="UTF-8" standalone="yes"?>
<PcGts xmlns="http://schema.primaresearch.org/PAGE/gts/pagecontent/2013-07-15" xmlns:xsi="http://www.w3.org/2001/XMLSchema-instance" xsi:schemaLocation="http://schema.primaresearch.org/PAGE/gts/pagecontent/2013-07-15 http://schema.primaresearch.org/PAGE/gts/pagecontent/2013-07-15/pagecontent.xsd">
    <Metadata>
        <Creator></Creator>
        <Created>2018-12-27T14:33:31.741+01:00</Created>
        <LastChange>2019-08-10T17:34:43.960+02:00</LastChange>
        <Comments>
                Measurement unit: pixel
                PrimaryLanguage: English
                Language: FrenchStandard
                Producer: ABBYY FineReader Engine 11</Comments>
        <TranskribusMetadata docId="194228" pageId="7653721" pageNr="38" tsid="13550183" status="DONE" userId="10612" imgUrl="https://files.transkribus.eu/Get?id=WWDPIIAKTLOUEFEUKUIRQEMR&amp;fileType=view" xmlUrl="https://files.transkribus.eu/Get?id=WCEGZHOAXPKNTVZZZMPYUPGO" imageId="2059036"/>
    </Metadata>
    <Page imageFilename="Corneille1664_Theatre_bpt6k10403751_corrected_0038.png" imageWidth="4267" imageHeight="6620">
        <PrintSpace>
            <Coords points="724,82 4197,82 4197,5632 724,5632"/>
        </PrintSpace>
        <ReadingOrder>
            <OrderedGroup id="ro_1604236232626" caption="Regions reading order">
                <RegionRefIndexed index="0" regionRef="r_1_1"/>
                <RegionRefIndexed index="2" regionRef="r_3_1"/>
                <RegionRefIndexed index="3" regionRef="r_4_1"/>
                <RegionRefIndexed index="4" regionRef="r_4_2"/>
                <RegionRefIndexed index="6" regionRef="r_6_1"/>
                <RegionRefIndexed index="7" regionRef="r_6_2"/>
                <RegionRefIndexed index="8" regionRef="r_6_3"/>
            </OrderedGroup>
        </ReadingOrder>
        <TextRegion type="paragraph" id="r_1_1" custom="readingOrder {index:0;}">
            <Coords points="805,357 1075,357 1075,485 805,485"/>
            <TextLine id="tl_1" primaryLanguage="English" custom="readingOrder {index:0;}">
                <Coords points="806,358 1074,358 1074,484 806,484"/>
                <Baseline points="806,450 984,446 1074,484"/>
                <Word id="w_w2aab1b1b2b1b1ab1" language="English" custom="readingOrder {index:0;}">
                    <Coords points="806,388 984,388 984,450 806,450"/>
                    <TextEquiv>
                        <Unicode>xxv</Unicode>
                    </TextEquiv>
                    <TextStyle fontFamily="Times New Roman" fontSize="16.0" bold="true"/>
                </Word>
                <Word id="w_w2aab1b1b2b1b1ab9" language="English" custom="readingOrder {index:1;}">
                    <Coords points="1000,358 1074,358 1074,484 1000,484"/>
                    <TextEquiv>
                        <Unicode>iij</Unicode>
                    </TextEquiv>
                    <TextStyle fontFamily="Times New Roman" fontSize="16.0" bold="true"/>
                </Word>
                <TextEquiv>
                    <Unicode>xxviij</Unicode>
                </TextEquiv>
                <TextStyle fontFamily="Times New Roman" fontSize="16.0" bold="true"/>
            </TextLine>
            <TextEquiv>
                <Unicode>xxviij</Unicode>
            </TextEquiv>
        </TextRegion>
        <GraphicRegion id="r_2" custom="readingOrder {index:1;}">
            <Coords points="804,511 4197,511 4197,1360 804,1360"/>
        </GraphicRegion>
        <TextRegion type="paragraph" id="r_3_1" custom="readingOrder {index:2;}">
            <Coords points="1271,1357 3349,1357 3349,1590 1271,1590"/>
            <TextLine id="tl_2" primaryLanguage="English" custom="readingOrder {index:0;}">
                <Coords points="1272,1358 3348,1358 3348,1589 1272,1589"/>
                <Baseline points="1272,1586 3348,1589"/>
                <Word id="w_w2aab1b5b2b1b1ab1" language="English" custom="readingOrder {index:0;}">
                    <Coords points="1272,1358 3348,1358 3348,1589 1272,1589"/>
                    <TextEquiv>
                        <Unicode>EXAMEN</Unicode>
                    </TextEquiv>
                    <TextStyle fontFamily="Times New Roman" fontSize="41.0"/>
                </Word>
                <TextEquiv>
                    <Unicode>EXAMEN</Unicode>
                </TextEquiv>
                <TextStyle fontFamily="Times New Roman" fontSize="41.0"/>
            </TextLine>
            <TextEquiv>
                <Unicode>EXAMEN</Unicode>
            </TextEquiv>
        </TextRegion>
        <TextRegion type="paragraph" id="r_4_1" custom="readingOrder {index:3;}">
            <Coords points="790,1708 3828,1708 3828,1859 790,1859"/>
            <TextLine id="tl_3" primaryLanguage="English" custom="readingOrder {index:0;}">
                <Coords points="791,1709 3827,1709 3827,1858 791,1858"/>
                <Baseline points="791,1849 1207,1854 2359,1851 3303,1849 3511,1853 3827,1854"/>
                <Word id="w_w2aab1b7b2b1b1ab1" language="English" custom="readingOrder {index:0;}">
                    <Coords points="791,1721 1207,1721 1207,1854 791,1854"/>
                    <TextEquiv>
                        <Unicode>DES</Unicode>
                    </TextEquiv>
                    <TextStyle fontFamily="Times New Roman" fontSize="24.0"/>
                </Word>
                <Word id="w_w2aab1b7b2b1b1ab9" language="English" custom="readingOrder {index:1;}">
                    <Coords points="1343,1718 2359,1718 2359,1854 1343,1854"/>
                    <TextEquiv>
                        <Unicode>POEMES</Unicode>
                    </TextEquiv>
                    <TextStyle fontFamily="Times New Roman" fontSize="24.0"/>
                </Word>
                <Word id="w_w2aab1b7b2b1b1ac23" language="English" custom="readingOrder {index:2;}">
                    <Coords points="2491,1713 3303,1713 3303,1856 2491,1856"/>
                    <TextEquiv>
                        <Unicode>CONTE</Unicode>
                    </TextEquiv>
                    <TextStyle fontFamily="Times New Roman" fontSize="24.0"/>
                </Word>
                <Word id="w_w2aab1b7b2b1b1ac35" language="English" custom="readingOrder {index:3;}">
                    <Coords points="3359,1717 3511,1717 3511,1853 3359,1853"/>
                    <TextEquiv>
                        <Unicode>N</Unicode>
                    </TextEquiv>
                    <TextStyle fontFamily="Times New Roman" fontSize="24.0"/>
                </Word>
                <Word id="w_w2aab1b7b2b1b1ac39" language="English" custom="readingOrder {index:4;}">
                    <Coords points="3555,1713 3827,1713 3827,1854 3555,1854"/>
                    <TextEquiv>
                        <Unicode>VS</Unicode>
                    </TextEquiv>
                    <TextStyle fontFamily="Times New Roman" fontSize="24.0"/>
                </Word>
                <TextEquiv>
                    <Unicode>DES POEMES CONTENVS</Unicode>
                </TextEquiv>
                <TextStyle fontFamily="Times New Roman" fontSize="24.0"/>
            </TextLine>
            <TextEquiv>
                <Unicode>DES POEMES CONTENVS</Unicode>
            </TextEquiv>
        </TextRegion>
        <TextRegion type="paragraph" id="r_4_2" custom="readingOrder {index:4;}">
            <Coords points="1641,1960 2971,1960 2971,2062 1641,2062"/>
            <TextLine id="tl_4" primaryLanguage="English" custom="readingOrder {index:0;}">
                <Coords points="1642,1961 2970,1961 2970,2061 1642,2061"/>
                <Baseline points="1642,2057 1760,2057 2062,2058 2588,2059 2970,2057"/>
                <Word id="w_w2aab1b7b2b3b1ab1" language="English" custom="readingOrder {index:0;}">
                    <Coords points="1642,1995 1760,1995 1760,2057 1642,2057"/>
                    <TextEquiv>
                        <Unicode>en</Unicode>
                    </TextEquiv>
                    <TextStyle fontFamily="Times New Roman" fontSize="16.0"/>
                </Word>
                <Word id="w_w2aab1b7b2b3b1ab7" language="English" custom="readingOrder {index:1;}">
                    <Coords points="1814,1992 2062,1992 2062,2058 1814,2058"/>
                    <TextEquiv>
                        <Unicode>cetce</Unicode>
                    </TextEquiv>
                    <TextStyle fontFamily="Times New Roman" fontSize="16.0"/>
                </Word>
                <Word id="w_w2aab1b7b2b3b1ac19" language="English" custom="readingOrder {index:2;}">
                    <Coords points="2116,1962 2588,1962 2588,2059 2116,2059"/>
                    <TextEquiv>
                        <Unicode>Première</Unicode>
                    </TextEquiv>
                    <TextStyle fontFamily="Times New Roman" fontSize="16.0"/>
                </Word>
                <Word id="w_w2aab1b7b2b3b1ac37" language="English" custom="readingOrder {index:3;}">
                    <Coords points="2646,1965 2970,1965 2970,2061 2646,2061"/>
                    <TextEquiv>
                        <Unicode>Partie.</Unicode>
                    </TextEquiv>
                    <TextStyle fontFamily="Times New Roman" fontSize="16.0"/>
                </Word>
                <TextEquiv>
                    <Unicode>en cette Premiere Partie.</Unicode>
                </TextEquiv>
                <TextStyle fontFamily="Times New Roman" fontSize="16.0"/>
            </TextLine>
            <TextEquiv>
                <Unicode>en cette Premiere Partie.</Unicode>
            </TextEquiv>
        </TextRegion>
        <GraphicRegion id="r_5" custom="readingOrder {index:5;}">
            <Coords points="771,2595 1600,2595 1600,3436 771,3436"/>
        </GraphicRegion>
        <TextRegion type="paragraph" id="r_6_1" custom="readingOrder {index:6;}">
            <Coords points="1792,2344 2790,2344 2790,2450 1792,2450"/>
            <TextLine id="tl_5" primaryLanguage="English" custom="readingOrder {index:0;}">
                <Coords points="1793,2345 2789,2345 2789,2449 1793,2449"/>
                <Baseline points="1793,2446 1919,2446 2087,2446 2269,2446 2407,2448 2595,2449 2789,2441"/>
                <Word id="w_w2aab1c11b2b1b1ab1" language="English" custom="readingOrder {index:0;}">
                    <Coords points="1793,2349 1919,2349 1919,2446 1793,2446"/>
                    <TextEquiv>
                        <Unicode>M</Unicode>
                    </TextEquiv>
                    <TextStyle fontFamily="Times New Roman" fontSize="16.0"/>
                </Word>
                <Word id="w_w2aab1c11b2b1b1ab5" language="English" custom="readingOrder {index:1;}">
                    <Coords points="2013,2350 2087,2350 2087,2446 2013,2446"/>
                    <TextEquiv>
                        <Unicode>E</Unicode>
                    </TextEquiv>
                    <TextStyle fontFamily="Times New Roman" fontSize="16.0"/>
                </Word>
                <Word id="w_w2aab1c11b2b1b1ab9" language="English" custom="readingOrder {index:2;}">
                    <Coords points="2189,2350 2269,2350 2269,2446 2189,2446"/>
                    <TextEquiv>
                        <Unicode>L</Unicode>
                    </TextEquiv>
                    <TextStyle fontFamily="Times New Roman" fontSize="16.0"/>
                </Word>
                <Word id="w_w2aab1c11b2b1b1ac13" language="English" custom="readingOrder {index:3;}">
                    <Coords points="2367,2354 2407,2354 2407,2448 2367,2448"/>
                    <TextEquiv>
                        <Unicode>I</Unicode>
                    </TextEquiv>
                    <TextStyle fontFamily="Times New Roman" fontSize="16.0"/>
                </Word>
                <Word id="w_w2aab1c11b2b1b1ac17" language="English" custom="readingOrder {index:4;}">
                    <Coords points="2495,2347 2595,2347 2595,2449 2495,2449"/>
                    <TextEquiv>
                        <Unicode>T</Unicode>
                    </TextEquiv>
                    <TextStyle fontFamily="Times New Roman" fontSize="16.0"/>
                </Word>
                <Word id="w_w2aab1c11b2b1b1ac21" language="English" custom="readingOrder {index:5;}">
                    <Coords points="2685,2349 2789,2349 2789,2445 2685,2445"/>
                    <TextEquiv>
                        <Unicode>E.</Unicode>
                    </TextEquiv>
                    <TextStyle fontFamily="Times New Roman" fontSize="16.0"/>
                </Word>
                <TextEquiv>
                    <Unicode>MELITE.</Unicode>
                </TextEquiv>
                <TextStyle fontFamily="Times New Roman" fontSize="16.0"/>
            </TextLine>
            <TextEquiv>
                <Unicode>MELITE.</Unicode>
            </TextEquiv>
        </TextRegion>
        <TextRegion type="paragraph" id="r_6_2" custom="readingOrder {index:7;}">
            <Coords points="738,2588 3830,2588 3830,4416 738,4416"/>
            <TextLine id="tl_6" primaryLanguage="English" custom="readingOrder {index:0;}">
                <Coords points="1639,2589 3829,2589 3829,2719 1639,2719"/>
                <Baseline points="1639,2677 1831,2682 2033,2682 2241,2682 2323,2682 2503,2683 2729,2683 2957,2717 3131,2677 3405,2690 3647,2678 3769,2678 3829,2683"/>
                <Word id="w_w2aab1c11b2b3b1ab1" language="English" custom="readingOrder {index:0;}">
                    <Coords points="1639,2591 1831,2591 1831,2682 1639,2682"/>
                    <TextEquiv>
                        <Unicode>ET</Unicode>
                    </TextEquiv>
                    <TextStyle fontFamily="Times New Roman" fontSize="13.0" italic="true"/>
                </Word>
                <Word id="w_w2aab1c11b2b3b1ab7" language="English" custom="readingOrder {index:1;}">
                    <Coords points="1845,2594 2033,2594 2033,2682 1845,2682"/>
                    <TextEquiv>
                        <Unicode>TE</Unicode>
                    </TextEquiv>
                    <TextStyle fontFamily="Times New Roman" fontSize="13.0" italic="true"/>
                </Word>
                <Word id="w_w2aab1c11b2b3b1ac13" language="English" custom="readingOrder {index:2;}">
                    <Coords points="2087,2600 2241,2600 2241,2682 2087,2682"/>
                    <TextEquiv>
                        <Unicode>Eté</Unicode>
                    </TextEquiv>
                    <TextStyle fontFamily="Times New Roman" fontSize="13.0" italic="true"/>
                </Word>
                <Word id="w_w2aab1c11b2b3b1ac21" language="English" custom="readingOrder {index:3;}">
                    <Coords points="2245,2634 2323,2634 2323,2682 2245,2682"/>
                    <TextEquiv>
                        <Unicode>ce</Unicode>
                    </TextEquiv>
                    <TextStyle fontFamily="Times New Roman" fontSize="13.0" italic="true"/>
                </Word>
                <Word id="w_w2aab1c11b2b3b1ac27" language="English" custom="readingOrder {index:4;}">
                    <Coords points="2353,2600 2503,2600 2503,2716 2353,2716"/>
                    <TextEquiv>
                        <Unicode>fut</Unicode>
                    </TextEquiv>
                    <TextStyle fontFamily="Times New Roman" fontSize="13.0" italic="true"/>
                </Word>
                <Word id="w_w2aab1c11b2b3b1ac35" language="English" custom="readingOrder {index:5;}">
                    <Coords points="2551,2629 2729,2629 2729,2683 2551,2683"/>
                    <TextEquiv>
                        <Unicode>mon</Unicode>
                    </TextEquiv>
                    <TextStyle fontFamily="Times New Roman" fontSize="13.0" italic="true"/>
                </Word>
                <Word id="w_w2aab1c11b2b3b1ac43" language="English" custom="readingOrder {index:6;}">
                    <Coords points="2775,2621 2957,2621 2957,2717 2775,2717"/>
                    <TextEquiv>
                        <Unicode>coup</Unicode>
                    </TextEquiv>
                    <TextStyle fontFamily="Times New Roman" fontSize="13.0" italic="true"/>
                </Word>
                <Word id="w_w2aab1c11b2b3b1ac53" language="English" custom="readingOrder {index:7;}">
                    <Coords points="3007,2592 3321,2592 3321,2716 3007,2716"/>
                    <TextEquiv>
                        <Unicode>d’efiky,</Unicode>
                    </TextEquiv>
                    <TextStyle fontFamily="Times New Roman" fontSize="13.0" italic="true"/>
                </Word>
                <Word id="w_w2aab1c11b2b3b1b1b3" language="English" custom="readingOrder {index:8;}">
                    <Coords points="3367,2594 3467,2594 3467,2690 3367,2690"/>
                    <TextEquiv>
                        <Unicode>(L</Unicode>
                    </TextEquiv>
                    <TextStyle fontFamily="Times New Roman" fontSize="16.0" bold="true"/>
                </Word>
                <Word id="w_w2aab1c11b2b3b1b2b1" language="English" custom="readingOrder {index:9;}">
                    <Coords points="3517,2594 3647,2594 3647,2682 3517,2682"/>
                    <TextEquiv>
                        <Unicode>elle</Unicode>
                    </TextEquiv>
                    <TextStyle fontFamily="Times New Roman" fontSize="13.0" italic="true"/>
                </Word>
                <Word id="w_w2aab1c11b2b3b1b2c11" language="English" custom="readingOrder {index:10;}">
                    <Coords points="3693,2600 3769,2600 3769,2678 3693,2678"/>
                    <TextEquiv>
                        <Unicode>ri</Unicode>
                    </TextEquiv>
                    <TextStyle fontFamily="Times New Roman" fontSize="13.0" italic="true"/>
                </Word>
                <Word id="w_w2aab1c11b2b3b1b2c17" language="English" custom="readingOrder {index:11;}">
                    <Coords points="3771,2628 3829,2628 3829,2683 3771,2683"/>
                    <TextEquiv>
                        <Unicode>a</Unicode>
                    </TextEquiv>
                    <TextStyle fontFamily="Times New Roman" fontSize="13.0" italic="true"/>
                </Word>
                <TextEquiv>
                    <Unicode>ETTE Piece fut mon coup d’eſſay, &amp; elle n'a</Unicode>
                </TextEquiv>
            </TextLine>
            <TextLine id="tl_7" primaryLanguage="English" custom="readingOrder {index:1;}">
                <Coords points="1617,2713 3825,2713 3825,2845 1617,2845"/>
                <Baseline points="1617,2841 1863,2800 2149,2802 2385,2802 2529,2803 2683,2803 2893,2821 3259,2802 3361,2802 3489,2798 3825,2803"/>
                <Word id="w_w2aab1c11b2b3b3ab1" language="English" custom="readingOrder {index:0;}">
                    <Coords points="1617,2715 1863,2715 1863,2841 1617,2841"/>
                    <TextEquiv>
                        <Unicode>garde</Unicode>
                    </TextEquiv>
                    <TextStyle fontFamily="Times New Roman" fontSize="13.0" italic="true"/>
                </Word>
                <Word id="w_w2aab1c11b2b3b3ac13" language="English" custom="readingOrder {index:1;}">
                    <Coords points="1897,2720 2149,2720 2149,2834 1897,2834"/>
                    <TextEquiv>
                        <Unicode>d’efire</Unicode>
                    </TextEquiv>
                    <TextStyle fontFamily="Times New Roman" fontSize="13.0" italic="true"/>
                </Word>
                <Word id="w_w2aab1c11b2b3b3ac29" language="English" custom="readingOrder {index:2;}">
                    <Coords points="2181,2720 2385,2720 2385,2802 2181,2802"/>
                    <TextEquiv>
                        <Unicode>dans</Unicode>
                    </TextEquiv>
                    <TextStyle fontFamily="Times New Roman" fontSize="13.0" italic="true"/>
                </Word>
                <Word id="w_w2aab1c11b2b3b3ac39" language="English" custom="readingOrder {index:3;}">
                    <Coords points="2419,2716 2529,2716 2529,2803 2419,2803"/>
                    <TextEquiv>
                        <Unicode>les</Unicode>
                    </TextEquiv>
                    <TextStyle fontFamily="Times New Roman" fontSize="13.0" italic="true"/>
                </Word>
                <Word id="w_w2aab1c11b2b3b3ac47" language="English" custom="readingOrder {index:4;}">
                    <Coords points="2569,2715 2835,2715 2835,2841 2569,2841"/>
                    <TextEquiv>
                        <Unicode>Réglés</Unicode>
                    </TextEquiv>
                    <TextStyle fontFamily="Times New Roman" fontSize="13.0" italic="true"/>
                </Word>
                <Word id="w_w2aab1c11b2b3b3b1b3" language="English" custom="readingOrder {index:5;}">
                    <Coords points="2871,2745 2893,2745 2893,2837 2871,2837"/>
                    <TextEquiv>
                        <Unicode>;</Unicode>
                    </TextEquiv>
                    <TextStyle fontFamily="Times New Roman" fontSize="16.0" bold="true"/>
                </Word>
                <Word id="w_w2aab1c11b2b3b3b2b1" language="English" custom="readingOrder {index:6;}">
                    <Coords points="2927,2719 3259,2719 3259,2838 2927,2838"/>
                    <TextEquiv>
                        <Unicode>puisque</Unicode>
                    </TextEquiv>
                    <TextStyle fontFamily="Times New Roman" fontSize="13.0" italic="true"/>
                </Word>
                <Word id="w_w2aab1c11b2b3b3b2c17" language="English" custom="readingOrder {index:7;}">
                    <Coords points="3283,2732 3361,2732 3361,2828 3283,2828"/>
                    <TextEquiv>
                        <Unicode>je</Unicode>
                    </TextEquiv>
                    <TextStyle fontFamily="Times New Roman" fontSize="13.0" italic="true"/>
                </Word>
                <Word id="w_w2aab1c11b2b3b3b2c23" language="English" custom="readingOrder {index:8;}">
                    <Coords points="3393,2750 3489,2750 3489,2802 3393,2802"/>
                    <TextEquiv>
                        <Unicode>ne</Unicode>
                    </TextEquiv>
                    <TextStyle fontFamily="Times New Roman" fontSize="13.0" italic="true"/>
                </Word>
                <Word id="w_w2aab1c11b2b3b3b2c29" language="English" custom="readingOrder {index:9;}">
                    <Coords points="3517,2716 3825,2716 3825,2834 3517,2834"/>
                    <TextEquiv>
                        <Unicode>fçavois</Unicode>
                    </TextEquiv>
                    <TextStyle fontFamily="Times New Roman" fontSize="13.0" italic="true"/>
                </Word>
                <TextEquiv>
                    <Unicode>garde d’eſtre dans les Regles; puisque je ne ſçavois</Unicode>
                </TextEquiv>
            </TextLine>
            <TextLine id="tl_8" primaryLanguage="English" custom="readingOrder {index:2;}">
                <Coords points="1617,2835 3825,2835 3825,2965 1617,2965"/>
                <Baseline points="1617,2957 1753,2923 1989,2924 2217,2924 2291,2962 2421,2926 2611,2925 2773,2923 3087,2923 3313,2924 3559,2924 3825,2925"/>
                <Word id="w_w2aab1c11b2b3b5ab1" language="English" custom="readingOrder {index:0;}">
                    <Coords points="1617,2867 1753,2867 1753,2957 1617,2957"/>
                    <TextEquiv>
                        <Unicode>pas</Unicode>
                    </TextEquiv>
                    <TextStyle fontFamily="Times New Roman" fontSize="13.0" italic="true"/>
                </Word>
                <Word id="w_w2aab1c11b2b3b5ab9" language="English" custom="readingOrder {index:1;}">
                    <Coords points="1789,2836 1989,2836 1989,2924 1789,2924"/>
                    <TextEquiv>
                        <Unicode>alors</Unicode>
                    </TextEquiv>
                    <TextStyle fontFamily="Times New Roman" fontSize="13.0" italic="true"/>
                </Word>
                <Word id="w_w2aab1c11b2b3b5ac21" language="English" custom="readingOrder {index:2;}">
                    <Coords points="2019,2838 2217,2838 2217,2962 2019,2962"/>
                    <TextEquiv>
                        <Unicode>qu’il</Unicode>
                    </TextEquiv>
                    <TextStyle fontFamily="Times New Roman" fontSize="13.0" italic="true"/>
                </Word>
                <Word id="w_w2aab1c11b2b3b5ac33" language="English" custom="readingOrder {index:3;}">
                    <Coords points="2223,2870 2291,2870 2291,2962 2223,2962"/>
                    <TextEquiv>
                        <Unicode>y</Unicode>
                    </TextEquiv>
                    <TextStyle fontFamily="Times New Roman" fontSize="13.0" italic="true"/>
                </Word>
                <Word id="w_w2aab1c11b2b3b5ac37" language="English" custom="readingOrder {index:4;}">
                    <Coords points="2329,2876 2421,2876 2421,2926 2329,2926"/>
                    <TextEquiv>
                        <Unicode>en</Unicode>
                    </TextEquiv>
                    <TextStyle fontFamily="Times New Roman" fontSize="13.0" italic="true"/>
                </Word>
                <Word id="w_w2aab1c11b2b3b5ac43" language="English" custom="readingOrder {index:5;}">
                    <Coords points="2439,2841 2611,2841 2611,2957 2439,2957"/>
                    <TextEquiv>
                        <Unicode>eufi.</Unicode>
                    </TextEquiv>
                    <TextStyle fontFamily="Times New Roman" fontSize="13.0" italic="true"/>
                </Word>
                <Word id="w_w2aab1c11b2b3b5ac55" language="English" custom="readingOrder {index:6;}">
                    <Coords points="2687,2845 2773,2845 2773,2925 2687,2925"/>
                    <TextEquiv>
                        <Unicode>le</Unicode>
                    </TextEquiv>
                    <TextStyle fontFamily="Times New Roman" fontSize="13.0" italic="true"/>
                </Word>
                <Word id="w_w2aab1c11b2b3b5ac61" language="English" custom="readingOrder {index:7;}">
                    <Coords points="2793,2841 3087,2841 3087,2927 2793,2927"/>
                    <TextEquiv>
                        <Unicode>danois</Unicode>
                    </TextEquiv>
                    <TextStyle fontFamily="Times New Roman" fontSize="13.0" italic="true"/>
                </Word>
                <Word id="w_w2aab1c11b2b3b5ac75" language="English" custom="readingOrder {index:8;}">
                    <Coords points="3109,2865 3313,2865 3313,2958 3109,2958"/>
                    <TextEquiv>
                        <Unicode>pour</Unicode>
                    </TextEquiv>
                    <TextStyle fontFamily="Times New Roman" fontSize="13.0" italic="true"/>
                </Word>
                <Word id="w_w2aab1c11b2b3b5ac85" language="English" custom="readingOrder {index:9;}">
                    <Coords points="3315,2840 3559,2840 3559,2958 3315,2958"/>
                    <TextEquiv>
                        <Unicode>guide</Unicode>
                    </TextEquiv>
                    <TextStyle fontFamily="Times New Roman" fontSize="13.0" italic="true"/>
                </Word>
                <Word id="w_w2aab1c11b2b3b5ac97" language="English" custom="readingOrder {index:10;}">
                    <Coords points="3579,2844 3825,2844 3825,2962 3579,2962"/>
                    <TextEquiv>
                        <Unicode>qu'un</Unicode>
                    </TextEquiv>
                    <TextStyle fontFamily="Times New Roman" fontSize="13.0" italic="true"/>
                </Word>
                <TextEquiv>
                    <Unicode>pas alors qu’il y en euſt. Ie n'avois pour guide qu'un</Unicode>
                </TextEquiv>
                <TextStyle fontFamily="Times New Roman" fontSize="13.0" italic="true"/>
            </TextLine>
            <TextLine id="tl_9" primaryLanguage="English" custom="readingOrder {index:3;} textStyle {offset:46; length:1;fontSize:0.0; kerning:0; superscript:true;}">
                <Coords points="1616,2959 3829,2959 3829,3083 1616,3083"/>
                <Baseline points="1616,3079 1762,3043 1894,3044 2104,3044 2544,3061 2782,3049 2920,3047 3334,3048 3470,3044 3636,3044 3829,3053"/>
                <Word id="w_w2aab1c11b2b3b7ab1" language="English" custom="readingOrder {index:0;}">
                    <Coords points="1616,2987 1762,2987 1762,3079 1616,3079"/>
                    <TextEquiv>
                        <Unicode>peu</Unicode>
                    </TextEquiv>
                    <TextStyle fontFamily="Times New Roman" fontSize="13.0" italic="true"/>
                </Word>
                <Word id="w_w2aab1c11b2b3b7ab9" language="English" custom="readingOrder {index:1;}">
                    <Coords points="1800,2962 1894,2962 1894,3046 1800,3046"/>
                    <TextEquiv>
                        <Unicode>de</Unicode>
                    </TextEquiv>
                    <TextStyle fontFamily="Times New Roman" fontSize="13.0" italic="true"/>
                </Word>
                <Word id="w_w2aab1c11b2b3b7ac15" language="English" custom="readingOrder {index:2;}">
                    <Coords points="1916,2962 2104,2962 2104,3078 1916,3078"/>
                    <TextEquiv>
                        <Unicode>fins</Unicode>
                    </TextEquiv>
                    <TextStyle fontFamily="Times New Roman" fontSize="13.0" italic="true"/>
                </Word>
                <Word id="w_w2aab1c11b2b3b7ac25" language="English" custom="readingOrder {index:3;}">
                    <Coords points="2142,2996 2544,2996 2544,3061 2142,3061"/>
                    <TextEquiv>
                        <Unicode>commun,</Unicode>
                    </TextEquiv>
                    <TextStyle fontFamily="Times New Roman" fontSize="13.0" italic="true"/>
                </Word>
                <Word id="w_w2aab1c11b2b3b7ac41" language="English" custom="readingOrder {index:4;}">
                    <Coords points="2582,2995 2782,2995 2782,3049 2582,3049"/>
                    <TextEquiv>
                        <Unicode>avec</Unicode>
                    </TextEquiv>
                    <TextStyle fontFamily="Times New Roman" fontSize="13.0" italic="true"/>
                </Word>
                <Word id="w_w2aab1c11b2b3b7ac51" language="English" custom="readingOrder {index:5;}">
                    <Coords points="2814,2961 2920,2961 2920,3049 2814,3049"/>
                    <TextEquiv>
                        <Unicode>les</Unicode>
                    </TextEquiv>
                    <TextStyle fontFamily="Times New Roman" fontSize="13.0" italic="true"/>
                </Word>
                <Word id="w_w2aab1c11b2b3b7ac59" language="English" custom="readingOrder {index:6;}">
                    <Coords points="2952,2962 3334,2962 3334,3080 2952,3080"/>
                    <TextEquiv>
                        <Unicode>exemples</Unicode>
                    </TextEquiv>
                    <TextStyle fontFamily="Times New Roman" fontSize="13.0" italic="true"/>
                </Word>
                <Word id="w_w2aab1c11b2b3b7ac77" language="English" custom="readingOrder {index:7;}">
                    <Coords points="3374,2962 3470,2962 3470,3048 3374,3048"/>
                    <TextEquiv>
                        <Unicode>de</Unicode>
                    </TextEquiv>
                    <TextStyle fontFamily="Times New Roman" fontSize="13.0" italic="true"/>
                </Word>
                <Word id="w_w2aab1c11b2b3b7ac83" language="English" custom="readingOrder {index:8;}">
                    <Coords points="3488,2962 3636,2962 3636,3078 3488,3078"/>
                    <TextEquiv>
                        <Unicode>feu</Unicode>
                    </TextEquiv>
                    <TextStyle fontFamily="Times New Roman" fontSize="13.0" italic="true"/>
                </Word>
                <Word id="w_w2aab1c11b2b3b7ac91" language="English" custom="readingOrder {index:9;}">
                    <Coords points="3674,2966 3829,2966 3829,3053 3674,3053"/>
                    <TextEquiv>
                        <Unicode>JVP</Unicode>
                    </TextEquiv>
                    <TextStyle fontFamily="Times New Roman" fontSize="13.0" italic="true"/>
                </Word>
                <TextEquiv>
                    <Unicode>peu de ſens commun, avec les exemples de feu Mr</Unicode>
                </TextEquiv>
                <TextStyle fontFamily="Times New Roman" fontSize="13.0" italic="true"/>
            </TextLine>
            <TextLine id="tl_10" primaryLanguage="English" custom="readingOrder {index:4;}">
                <Coords points="1620,3079 3824,3079 3824,3207 1620,3207"/>
                <Baseline points="1620,3169 1960,3182 2172,3170 2304,3170 2574,3169 2794,3173 3010,3169 3358,3170 3548,3170 3824,3183"/>
                <Word id="w_w2aab1c11b2b3b9ab1" language="English" custom="readingOrder {index:0;}">
                    <Coords points="1620,3082 1960,3082 1960,3204 1620,3204"/>
                    <TextEquiv>
                        <Unicode>Hardy,</Unicode>
                    </TextEquiv>
                    <TextStyle fontFamily="Times New Roman" fontSize="13.0" italic="true"/>
                </Word>
                <Word id="w_w2aab1c11b2b3b9ac15" language="English" custom="readingOrder {index:1;}">
                    <Coords points="1994,3082 2172,3082 2172,3170 1994,3170"/>
                    <TextEquiv>
                        <Unicode>dont</Unicode>
                    </TextEquiv>
                    <TextStyle fontFamily="Times New Roman" fontSize="13.0" italic="true"/>
                </Word>
                <Word id="w_w2aab1c11b2b3b9ac25" language="English" custom="readingOrder {index:2;}">
                    <Coords points="2220,3082 2304,3082 2304,3170 2220,3170"/>
                    <TextEquiv>
                        <Unicode>la</Unicode>
                    </TextEquiv>
                    <TextStyle fontFamily="Times New Roman" fontSize="13.0" italic="true"/>
                </Word>
                <Word id="w_w2aab1c11b2b3b9ac31" language="English" custom="readingOrder {index:3;}">
                    <Coords points="2344,3090 2574,3090 2574,3171 2344,3171"/>
                    <TextEquiv>
                        <Unicode>veine</Unicode>
                    </TextEquiv>
                    <TextStyle fontFamily="Times New Roman" fontSize="13.0" italic="true"/>
                </Word>
                <Word id="w_w2aab1c11b2b3b9ac43" language="English" custom="readingOrder {index:4;}">
                    <Coords points="2616,3087 2794,3087 2794,3173 2616,3173"/>
                    <TextEquiv>
                        <Unicode>étoit</Unicode>
                    </TextEquiv>
                    <TextStyle fontFamily="Times New Roman" fontSize="13.0" italic="true"/>
                </Word>
                <Word id="w_w2aab1c11b2b3b9ac55" language="English" custom="readingOrder {index:5;}">
                    <Coords points="2834,3081 3010,3081 3010,3203 2834,3203"/>
                    <TextEquiv>
                        <Unicode>plus</Unicode>
                    </TextEquiv>
                    <TextStyle fontFamily="Times New Roman" fontSize="13.0" italic="true"/>
                </Word>
                <Word id="w_w2aab1c11b2b3b9ac65" language="English" custom="readingOrder {index:6;}">
                    <Coords points="3038,3086 3358,3086 3358,3203 3038,3203"/>
                    <TextEquiv>
                        <Unicode>fécondé</Unicode>
                    </TextEquiv>
                    <TextStyle fontFamily="Times New Roman" fontSize="13.0" italic="true"/>
                </Word>
                <Word id="w_w2aab1c11b2b3b9ac81" language="English" custom="readingOrder {index:7;}">
                    <Coords points="3396,3114 3548,3114 3548,3204 3396,3204"/>
                    <TextEquiv>
                        <Unicode>que</Unicode>
                    </TextEquiv>
                    <TextStyle fontFamily="Times New Roman" fontSize="13.0" italic="true"/>
                </Word>
                <Word id="w_w2aab1c11b2b3b9ac89" language="English" custom="readingOrder {index:8;}">
                    <Coords points="3594,3082 3824,3082 3824,3204 3594,3204"/>
                    <TextEquiv>
                        <Unicode>polie&gt;</Unicode>
                    </TextEquiv>
                    <TextStyle fontFamily="Times New Roman" fontSize="13.0" italic="true"/>
                </Word>
                <TextEquiv>
                    <Unicode>Hardy, dont la veine étoit plus feconde que polie,</Unicode>
                </TextEquiv>
                <TextStyle fontFamily="Times New Roman" fontSize="13.0" italic="true"/>
            </TextLine>
            <TextLine id="tl_11" primaryLanguage="English" custom="readingOrder {index:5;}">
                <Coords points="1630,3199 3826,3199 3826,3335 1630,3335"/>
                <Baseline points="1630,3297 1728,3299 1854,3286 2256,3290 2802,3307 2994,3293 3622,3290 3708,3290 3826,3291"/>
                <Word id="w_w2aab1c11b2b3c11ab1" language="English" custom="readingOrder {index:0;}">
                    <Coords points="1630,3203 1728,3203 1728,3299 1630,3299"/>
                    <TextEquiv>
                        <Unicode>(fi</Unicode>
                    </TextEquiv>
                    <TextStyle fontFamily="Times New Roman" fontSize="13.0" italic="true"/>
                </Word>
                <Word id="w_w2aab1c11b2b3c11ab9" language="English" custom="readingOrder {index:1;}">
                    <Coords points="1758,3203 1854,3203 1854,3290 1758,3290"/>
                    <TextEquiv>
                        <Unicode>de</Unicode>
                    </TextEquiv>
                    <TextStyle fontFamily="Times New Roman" fontSize="13.0" italic="true"/>
                </Word>
                <Word id="w_w2aab1c11b2b3c11ac15" language="English" custom="readingOrder {index:2;}">
                    <Coords points="1896,3202 2256,3202 2256,3328 1896,3328"/>
                    <TextEquiv>
                        <Unicode>quelques</Unicode>
                    </TextEquiv>
                    <TextStyle fontFamily="Times New Roman" fontSize="13.0" italic="true"/>
                </Word>
                <Word id="w_w2aab1c11b2b3c11ac33" language="English" custom="readingOrder {index:3;}">
                    <Coords points="2314,3207 2802,3207 2802,3307 2314,3307"/>
                    <TextEquiv>
                        <Unicode>Modernes,</Unicode>
                    </TextEquiv>
                    <TextStyle fontFamily="Times New Roman" fontSize="13.0" italic="true"/>
                </Word>
                <Word id="w_w2aab1c11b2b3c11ac53" language="English" custom="readingOrder {index:4;}">
                    <Coords points="2856,3241 2994,3241 2994,3333 2856,3333"/>
                    <TextEquiv>
                        <Unicode>qm</Unicode>
                    </TextEquiv>
                    <TextStyle fontFamily="Times New Roman" fontSize="13.0" italic="true"/>
                </Word>
                <Word id="w_w2aab1c11b2b3c11ac59" language="English" custom="readingOrder {index:5;}">
                    <Coords points="3034,3206 3622,3206 3622,3298 3034,3298"/>
                    <TextEquiv>
                        <Unicode>commencoient</Unicode>
                    </TextEquiv>
                    <TextStyle fontFamily="Times New Roman" fontSize="13.0" italic="true"/>
                </Word>
                <Word id="w_w2aab1c11b2b3c11ac85" language="English" custom="readingOrder {index:6;}">
                    <Coords points="3656,3202 3708,3202 3708,3290 3656,3290"/>
                    <TextEquiv>
                        <Unicode>à</Unicode>
                    </TextEquiv>
                    <TextStyle fontFamily="Times New Roman" fontSize="13.0" italic="true"/>
                </Word>
                <Word id="w_w2aab1c11b2b3c11ac89" language="English" custom="readingOrder {index:7;}">
                    <Coords points="3728,3206 3826,3206 3826,3325 3728,3325"/>
                    <TextEquiv>
                        <Unicode>fe</Unicode>
                    </TextEquiv>
                    <TextStyle fontFamily="Times New Roman" fontSize="13.0" italic="true"/>
                </Word>
                <TextEquiv>
                    <Unicode>&amp; de quelques Modernes, qui commençoient à ſe</Unicode>
                </TextEquiv>
                <TextStyle fontFamily="Times New Roman" fontSize="13.0" italic="true"/>
            </TextLine>
            <TextLine id="tl_12" primaryLanguage="English" custom="readingOrder {index:6;}">
                <Coords points="1610,3311 3812,3311 3812,3451 1610,3451"/>
                <Baseline points="1610,3445 1968,3410 2016,3428 2140,3424 2280,3414 2574,3415 2752,3415 2974,3415 3426,3414 3610,3414 3812,3411"/>
                <Word id="w_w2aab1c11b2b3c13ab1" language="English" custom="readingOrder {index:0;}">
                    <Coords points="1610,3327 1968,3327 1968,3445 1610,3445"/>
                    <TextEquiv>
                        <Unicode>produire</Unicode>
                    </TextEquiv>
                    <TextStyle fontFamily="Times New Roman" fontSize="13.0" italic="true"/>
                </Word>
                <Word id="w_w2aab1c11b2b3c13ac19" language="English" custom="readingOrder {index:1;}">
                    <Coords points="1984,3396 2016,3396 2016,3428 1984,3428"/>
                    <TextEquiv>
                        <Unicode>;</Unicode>
                    </TextEquiv>
                    <TextStyle fontFamily="Times New Roman" fontSize="13.0" italic="true"/>
                </Word>
                <Word id="w_w2aab1c11b2b3c13b1b3" language="English" custom="readingOrder {index:2;}">
                    <Coords points="2060,3352 2140,3352 2140,3424 2060,3424"/>
                    <TextEquiv>
                        <Unicode>V</Unicode>
                    </TextEquiv>
                    <TextStyle fontFamily="Times New Roman" fontSize="16.0" bold="true"/>
                </Word>
                <Word id="w_w2aab1c11b2b3c13b2b1" language="English" custom="readingOrder {index:3;}">
                    <Coords points="2202,3332 2280,3332 2280,3414 2202,3414"/>
                    <TextEquiv>
                        <Unicode>ri</Unicode>
                    </TextEquiv>
                    <TextStyle fontFamily="Times New Roman" fontSize="13.0" italic="true"/>
                </Word>
                <Word id="w_w2aab1c11b2b3c13b2b7" language="English" custom="readingOrder {index:4;}">
                    <Coords points="2284,3328 2574,3328 2574,3415 2284,3415"/>
                    <TextEquiv>
                        <Unicode>étaient</Unicode>
                    </TextEquiv>
                    <TextStyle fontFamily="Times New Roman" fontSize="13.0" italic="true"/>
                </Word>
                <Word id="w_w2aab1c11b2b3c13b2c23" language="English" custom="readingOrder {index:5;}">
                    <Coords points="2608,3357 2752,3357 2752,3449 2608,3449"/>
                    <TextEquiv>
                        <Unicode>pas</Unicode>
                    </TextEquiv>
                    <TextStyle fontFamily="Times New Roman" fontSize="13.0" italic="true"/>
                </Word>
                <Word id="w_w2aab1c11b2b3c13b2c31" language="English" custom="readingOrder {index:6;}">
                    <Coords points="2802,3313 2974,3313 2974,3449 2802,3449"/>
                    <TextEquiv>
                        <Unicode>plus</Unicode>
                    </TextEquiv>
                    <TextStyle fontFamily="Times New Roman" fontSize="13.0" italic="true"/>
                </Word>
                <Word id="w_w2aab1c11b2b3c13b2c41" language="English" custom="readingOrder {index:7;}">
                    <Coords points="3022,3328 3426,3328 3426,3450 3022,3450"/>
                    <TextEquiv>
                        <Unicode>Réguliers</Unicode>
                    </TextEquiv>
                    <TextStyle fontFamily="Times New Roman" fontSize="13.0" italic="true"/>
                </Word>
                <Word id="w_w2aab1c11b2b3c13b2c61" language="English" custom="readingOrder {index:8;}">
                    <Coords points="3466,3362 3610,3362 3610,3450 3466,3450"/>
                    <TextEquiv>
                        <Unicode>que</Unicode>
                    </TextEquiv>
                    <TextStyle fontFamily="Times New Roman" fontSize="13.0" italic="true"/>
                </Word>
                <Word id="w_w2aab1c11b2b3c13b2c69" language="English" custom="readingOrder {index:9;}">
                    <Coords points="3664,3326 3812,3326 3812,3450 3664,3450"/>
                    <TextEquiv>
                        <Unicode>luy.</Unicode>
                    </TextEquiv>
                    <TextStyle fontFamily="Times New Roman" fontSize="13.0" italic="true"/>
                </Word>
                <TextEquiv>
                    <Unicode>produire, &amp; n'étoient pas plus Reguliers que luy.</Unicode>
                </TextEquiv>
            </TextLine>
            <TextLine id="tl_13" primaryLanguage="English" custom="readingOrder {index:7;}">
                <Coords points="764,3446 3824,3446 3824,3575 764,3575"/>
                <Baseline points="764,3532 878,3526 1226,3567 1356,3531 1542,3535 2050,3532 2236,3536 2546,3537 2720,3535 3098,3535 3396,3536 3524,3536 3824,3519"/>
                <Word id="w_w2aab1c11b2b3c15ab1" language="English" custom="readingOrder {index:0;}">
                    <Coords points="764,3452 878,3452 878,3532 764,3532"/>
                    <TextEquiv>
                        <Unicode>Le</Unicode>
                    </TextEquiv>
                    <TextStyle fontFamily="Times New Roman" fontSize="13.0" italic="true"/>
                </Word>
                <Word id="w_w2aab1c11b2b3c15ab7" language="English" custom="readingOrder {index:1;}">
                    <Coords points="910,3448 1226,3448 1226,3567 910,3567"/>
                    <TextEquiv>
                        <Unicode>fmcéf</Unicode>
                    </TextEquiv>
                    <TextStyle fontFamily="Times New Roman" fontSize="13.0" italic="true"/>
                </Word>
                <Word id="w_w2aab1c11b2b3c15ac19" language="English" custom="readingOrder {index:2;}">
                    <Coords points="1264,3483 1356,3483 1356,3531 1264,3531"/>
                    <TextEquiv>
                        <Unicode>en</Unicode>
                    </TextEquiv>
                    <TextStyle fontFamily="Times New Roman" fontSize="13.0" italic="true"/>
                </Word>
                <Word id="w_w2aab1c11b2b3c15ac25" language="English" custom="readingOrder {index:3;}">
                    <Coords points="1398,3453 1542,3453 1542,3565 1398,3565"/>
                    <TextEquiv>
                        <Unicode>fut</Unicode>
                    </TextEquiv>
                    <TextStyle fontFamily="Times New Roman" fontSize="13.0" italic="true"/>
                </Word>
                <Word id="w_w2aab1c11b2b3c15ac33" language="English" custom="readingOrder {index:4;}">
                    <Coords points="1574,3451 2050,3451 2050,3565 1574,3565"/>
                    <TextEquiv>
                        <Unicode>furprenant.</Unicode>
                    </TextEquiv>
                    <TextStyle fontFamily="Times New Roman" fontSize="13.0" italic="true"/>
                </Word>
                <Word id="w_w2aab1c11b2b3c15ac57" language="English" custom="readingOrder {index:5;}">
                    <Coords points="2156,3448 2236,3448 2236,3536 2156,3536"/>
                    <TextEquiv>
                        <Unicode>Il</Unicode>
                    </TextEquiv>
                    <TextStyle fontFamily="Times New Roman" fontSize="13.0" italic="true"/>
                </Word>
                <Word id="w_w2aab1c11b2b3c15ac63" language="English" custom="readingOrder {index:6;}">
                    <Coords points="2272,3448 2546,3448 2546,3537 2272,3537"/>
                    <TextEquiv>
                        <Unicode>établit</Unicode>
                    </TextEquiv>
                    <TextStyle fontFamily="Times New Roman" fontSize="13.0" italic="true"/>
                </Word>
                <Word id="w_w2aab1c11b2b3c15ac79" language="English" custom="readingOrder {index:7;}">
                    <Coords points="2574,3487 2720,3487 2720,3537 2574,3537"/>
                    <TextEquiv>
                        <Unicode>une</Unicode>
                    </TextEquiv>
                    <TextStyle fontFamily="Times New Roman" fontSize="13.0" italic="true"/>
                </Word>
                <Word id="w_w2aab1c11b2b3c15ac87" language="English" custom="readingOrder {index:8;}">
                    <Coords points="2744,3453 3098,3453 3098,3535 2744,3535"/>
                    <TextEquiv>
                        <Unicode>nouvelle</Unicode>
                    </TextEquiv>
                    <TextStyle fontFamily="Times New Roman" fontSize="13.0" italic="true"/>
                </Word>
                <Word id="w_w2aab1c11b2b3c15ad105" language="English" custom="readingOrder {index:9;}">
                    <Coords points="3134,3477 3396,3477 3396,3574 3134,3574"/>
                    <TextEquiv>
                        <Unicode>troupe</Unicode>
                    </TextEquiv>
                    <TextStyle fontFamily="Times New Roman" fontSize="13.0" italic="true"/>
                </Word>
                <Word id="w_w2aab1c11b2b3c15ad119" language="English" custom="readingOrder {index:10;}">
                    <Coords points="3432,3456 3524,3456 3524,3540 3432,3540"/>
                    <TextEquiv>
                        <Unicode>de</Unicode>
                    </TextEquiv>
                    <TextStyle fontFamily="Times New Roman" fontSize="13.0" italic="true"/>
                </Word>
                <Word id="w_w2aab1c11b2b3c15ad125" language="English" custom="readingOrder {index:11;}">
                    <Coords points="3556,3456 3824,3456 3824,3536 3556,3536"/>
                    <TextEquiv>
                        <Unicode>Comé¬</Unicode>
                    </TextEquiv>
                    <TextStyle fontFamily="Times New Roman" fontSize="13.0" italic="true"/>
                </Word>
                <TextEquiv>
                    <Unicode>Le ſucceZ en fut ſurprenant. Il établit une nouvelle troupe de Come¬</Unicode>
                </TextEquiv>
                <TextStyle fontFamily="Times New Roman" fontSize="13.0" italic="true"/>
            </TextLine>
            <TextLine id="tl_14" primaryLanguage="English" custom="readingOrder {index:8;}">
                <Coords points="759,3566 3824,3566 3824,3699 759,3699"/>
                <Baseline points="759,3652 976,3650 1070,3650 1244,3651 1398,3669 1720,3655 1826,3652 2136,3656 2258,3656 2456,3656 2634,3657 2856,3657 2978,3657 3360,3660 3484,3660 3610,3698 3824,3657"/>
                <Word id="w_w2aab1c11b2b3c17ab1" language="English" custom="readingOrder {index:0;}">
                    <Coords points="759,3568 976,3568 976,3652 759,3652"/>
                    <TextEquiv>
                        <Unicode>diens</Unicode>
                    </TextEquiv>
                    <TextStyle fontFamily="Times New Roman" fontSize="13.0" italic="true"/>
                </Word>
                <Word id="w_w2aab1c11b2b3c17ac13" language="English" custom="readingOrder {index:1;}">
                    <Coords points="1017,3604 1070,3604 1070,3650 1017,3650"/>
                    <TextEquiv>
                        <Unicode>a</Unicode>
                    </TextEquiv>
                    <TextStyle fontFamily="Times New Roman" fontSize="13.0" italic="true"/>
                </Word>
                <Word id="w_w2aab1c11b2b3c17ac17" language="English" custom="readingOrder {index:2;}">
                    <Coords points="1113,3572 1352,3572 1352,3651 1113,3651"/>
                    <TextEquiv>
                        <Unicode>Paris</Unicode>
                    </TextEquiv>
                    <TextStyle fontFamily="Times New Roman" fontSize="13.0" italic="true"/>
                </Word>
                <Word id="w_w2aab1c11b2b3c17b1b1" language="English" custom="readingOrder {index:3;}">
                    <Coords points="1371,3603 1398,3603 1398,3669 1371,3669"/>
                    <TextEquiv>
                        <Unicode>,</Unicode>
                    </TextEquiv>
                    <TextStyle fontFamily="Times New Roman" fontSize="16.0" bold="true"/>
                </Word>
                <Word id="w_w2aab1c11b2b3c17b2b1" language="English" custom="readingOrder {index:4;}">
                    <Coords points="1431,3569 1720,3569 1720,3691 1431,3691"/>
                    <TextEquiv>
                        <Unicode>malgré</Unicode>
                    </TextEquiv>
                    <TextStyle fontFamily="Times New Roman" fontSize="13.0" italic="true"/>
                </Word>
                <Word id="w_w2aab1c11b2b3c17b2c15" language="English" custom="readingOrder {index:5;}">
                    <Coords points="1759,3567 1826,3567 1826,3655 1759,3655"/>
                    <TextEquiv>
                        <Unicode>le</Unicode>
                    </TextEquiv>
                    <TextStyle fontFamily="Times New Roman" fontSize="13.0" italic="true"/>
                </Word>
                <Word id="w_w2aab1c11b2b3c17b2c21" language="English" custom="readingOrder {index:6;}">
                    <Coords points="1867,3574 2136,3574 2136,3656 1867,3656"/>
                    <TextEquiv>
                        <Unicode>mérité</Unicode>
                    </TextEquiv>
                    <TextStyle fontFamily="Times New Roman" fontSize="13.0" italic="true"/>
                </Word>
                <Word id="w_w2aab1c11b2b3c17b2c35" language="English" custom="readingOrder {index:7;}">
                    <Coords points="2163,3574 2258,3574 2258,3656 2163,3656"/>
                    <TextEquiv>
                        <Unicode>de</Unicode>
                    </TextEquiv>
                    <TextStyle fontFamily="Times New Roman" fontSize="13.0" italic="true"/>
                </Word>
                <Word id="w_w2aab1c11b2b3c17b2c41" language="English" custom="readingOrder {index:8;}">
                    <Coords points="2289,3574 2456,3574 2456,3656 2289,3656"/>
                    <TextEquiv>
                        <Unicode>celle</Unicode>
                    </TextEquiv>
                    <TextStyle fontFamily="Times New Roman" fontSize="13.0" italic="true"/>
                </Word>
                <Word id="w_w2aab1c11b2b3c17b2c53" language="English" custom="readingOrder {index:9;}">
                    <Coords points="2491,3577 2634,3577 2634,3695 2491,3695"/>
                    <TextEquiv>
                        <Unicode>qui</Unicode>
                    </TextEquiv>
                    <TextStyle fontFamily="Times New Roman" fontSize="13.0" italic="true"/>
                </Word>
                <Word id="w_w2aab1c11b2b3c17b2c61" language="English" custom="readingOrder {index:10;}">
                    <Coords points="2671,3573 2856,3573 2856,3661 2671,3661"/>
                    <TextEquiv>
                        <Unicode>étoit</Unicode>
                    </TextEquiv>
                    <TextStyle fontFamily="Times New Roman" fontSize="13.0" italic="true"/>
                </Word>
                <Word id="w_w2aab1c11b2b3c17b2c73" language="English" custom="readingOrder {index:11;}">
                    <Coords points="2883,3607 2978,3607 2978,3657 2883,3657"/>
                    <TextEquiv>
                        <Unicode>en</Unicode>
                    </TextEquiv>
                    <TextStyle fontFamily="Times New Roman" fontSize="13.0" italic="true"/>
                </Word>
                <Word id="w_w2aab1c11b2b3c17b2c79" language="English" custom="readingOrder {index:12;}">
                    <Coords points="3009,3570 3360,3570 3360,3695 3009,3695"/>
                    <TextEquiv>
                        <Unicode>pofieffion</Unicode>
                    </TextEquiv>
                    <TextStyle fontFamily="Times New Roman" fontSize="13.0" italic="true"/>
                </Word>
                <Word id="w_w2aab1c11b2b3c17b2d101" language="English" custom="readingOrder {index:13;}">
                    <Coords points="3387,3578 3484,3578 3484,3660 3387,3660"/>
                    <TextEquiv>
                        <Unicode>de</Unicode>
                    </TextEquiv>
                    <TextStyle fontFamily="Times New Roman" fontSize="13.0" italic="true"/>
                </Word>
                <Word id="w_w2aab1c11b2b3c17b2d107" language="English" custom="readingOrder {index:14;}">
                    <Coords points="3509,3578 3610,3578 3610,3698 3509,3698"/>
                    <TextEquiv>
                        <Unicode>s’y</Unicode>
                    </TextEquiv>
                    <TextStyle fontFamily="Times New Roman" fontSize="13.0" italic="true"/>
                </Word>
                <Word id="w_w2aab1c11b2b3c17b2d115" language="English" custom="readingOrder {index:15;}">
                    <Coords points="3641,3578 3824,3578 3824,3660 3641,3660"/>
                    <TextEquiv>
                        <Unicode>voir</Unicode>
                    </TextEquiv>
                    <TextStyle fontFamily="Times New Roman" fontSize="13.0" italic="true"/>
                </Word>
                <TextEquiv>
                    <Unicode>diens à Paris, malgré le merite de celle qui étoit en poſſeſſion de s’y voir</Unicode>
                </TextEquiv>
            </TextLine>
            <TextLine id="tl_15" primaryLanguage="English" custom="readingOrder {index:9;}">
                <Coords points="759,3686 3815,3686 3815,3817 759,3817"/>
                <Baseline points="759,3768 921,3772 1157,3795 1269,3773 1519,3777 1735,3775 1839,3774 2009,3776 2285,3776 2477,3781 2605,3777 2821,3781 3055,3781 3411,3782 3675,3794 3815,3789"/>
                <Word id="w_w2aab1c11b2b3c19ab1" language="English" custom="readingOrder {index:0;}">
                    <Coords points="759,3686 1097,3686 1097,3808 759,3808"/>
                    <TextEquiv>
                        <Unicode>l'unique</Unicode>
                    </TextEquiv>
                    <TextStyle fontFamily="Times New Roman" fontSize="13.0" italic="true"/>
                </Word>
                <Word id="w_w2aab1c11b2b3c19b1b3" language="English" custom="readingOrder {index:1;}">
                    <Coords points="1133,3695 1157,3695 1157,3795 1133,3795"/>
                    <TextEquiv>
                        <Unicode>3</Unicode>
                    </TextEquiv>
                    <TextStyle fontFamily="Times New Roman" fontSize="16.0" bold="true"/>
                </Word>
                <Word id="w_w2aab1c11b2b3c19b2b1" language="English" custom="readingOrder {index:2;}">
                    <Coords points="1199,3689 1269,3689 1269,3773 1199,3773"/>
                    <TextEquiv>
                        <Unicode>il</Unicode>
                    </TextEquiv>
                    <TextStyle fontFamily="Times New Roman" fontSize="13.0" italic="true"/>
                </Word>
                <Word id="w_w2aab1c11b2b3c19b2b7" language="English" custom="readingOrder {index:3;}">
                    <Coords points="1307,3689 1519,3689 1519,3811 1307,3811"/>
                    <TextEquiv>
                        <Unicode>égala</Unicode>
                    </TextEquiv>
                    <TextStyle fontFamily="Times New Roman" fontSize="13.0" italic="true"/>
                </Word>
                <Word id="w_w2aab1c11b2b3c19b2c19" language="English" custom="readingOrder {index:4;}">
                    <Coords points="1559,3715 1735,3715 1735,3777 1559,3777"/>
                    <TextEquiv>
                        <Unicode>tout</Unicode>
                    </TextEquiv>
                    <TextStyle fontFamily="Times New Roman" fontSize="13.0" italic="true"/>
                </Word>
                <Word id="w_w2aab1c11b2b3c19b2c29" language="English" custom="readingOrder {index:5;}">
                    <Coords points="1767,3725 1839,3725 1839,3774 1767,3774"/>
                    <TextEquiv>
                        <Unicode>ce</Unicode>
                    </TextEquiv>
                    <TextStyle fontFamily="Times New Roman" fontSize="13.0" italic="true"/>
                </Word>
                <Word id="w_w2aab1c11b2b3c19b2c35" language="English" custom="readingOrder {index:6;}">
                    <Coords points="1867,3698 2009,3698 2009,3812 1867,3812"/>
                    <TextEquiv>
                        <Unicode>qui</Unicode>
                    </TextEquiv>
                    <TextStyle fontFamily="Times New Roman" fontSize="13.0" italic="true"/>
                </Word>
                <Word id="w_w2aab1c11b2b3c19b2c43" language="English" custom="readingOrder {index:7;}">
                    <Coords points="2043,3694 2285,3694 2285,3776 2043,3776"/>
                    <TextEquiv>
                        <Unicode>s’était</Unicode>
                    </TextEquiv>
                    <TextStyle fontFamily="Times New Roman" fontSize="13.0" italic="true"/>
                </Word>
                <Word id="w_w2aab1c11b2b3c19b2c59" language="English" custom="readingOrder {index:8;}">
                    <Coords points="2301,3698 2477,3698 2477,3812 2301,3812"/>
                    <TextEquiv>
                        <Unicode>fait</Unicode>
                    </TextEquiv>
                    <TextStyle fontFamily="Times New Roman" fontSize="13.0" italic="true"/>
                </Word>
                <Word id="w_w2aab1c11b2b3c19b2c69" language="English" custom="readingOrder {index:9;}">
                    <Coords points="2513,3699 2605,3699 2605,3781 2513,3781"/>
                    <TextEquiv>
                        <Unicode>de</Unicode>
                    </TextEquiv>
                    <TextStyle fontFamily="Times New Roman" fontSize="13.0" italic="true"/>
                </Word>
                <Word id="w_w2aab1c11b2b3c19b2c75" language="English" custom="readingOrder {index:10;}">
                    <Coords points="2633,3693 2821,3693 2821,3811 2633,3811"/>
                    <TextEquiv>
                        <Unicode>plus</Unicode>
                    </TextEquiv>
                    <TextStyle fontFamily="Times New Roman" fontSize="13.0" italic="true"/>
                </Word>
                <Word id="w_w2aab1c11b2b3c19b2c85" language="English" custom="readingOrder {index:11;}">
                    <Coords points="2863,3693 3055,3693 3055,3781 2863,3781"/>
                    <TextEquiv>
                        <Unicode>beau</Unicode>
                    </TextEquiv>
                    <TextStyle fontFamily="Times New Roman" fontSize="13.0" italic="true"/>
                </Word>
                <Word id="w_w2aab1c11b2b3c19b2c95" language="English" custom="readingOrder {index:12;}">
                    <Coords points="3089,3711 3411,3711 3411,3816 3089,3816"/>
                    <TextEquiv>
                        <Unicode>jusques</Unicode>
                    </TextEquiv>
                    <TextStyle fontFamily="Times New Roman" fontSize="13.0" italic="true"/>
                </Word>
                <Word id="w_w2aab1c11b2b3c19b2d111" language="English" custom="readingOrder {index:13;}">
                    <Coords points="3447,3694 3675,3694 3675,3794 3447,3794"/>
                    <TextEquiv>
                        <Unicode>alors,</Unicode>
                    </TextEquiv>
                    <TextStyle fontFamily="Times New Roman" fontSize="13.0" italic="true"/>
                </Word>
                <Word id="w_w2aab1c11b2b3c19b2d125" language="English" custom="readingOrder {index:14;}">
                    <Coords points="3715,3690 3815,3690 3815,3789 3715,3789"/>
                    <TextEquiv>
                        <Unicode>(fi</Unicode>
                    </TextEquiv>
                    <TextStyle fontFamily="Times New Roman" fontSize="13.0" italic="true"/>
                </Word>
                <TextEquiv>
                    <Unicode>l'unique; il égala tout ce qui s’étoit fait de plus beau jusques alors, &amp;</Unicode>
                </TextEquiv>
            </TextLine>
            <TextLine id="tl_16" primaryLanguage="English" custom="readingOrder {index:10;}">
                <Coords points="759,3808 3817,3808 3817,3939 759,3939"/>
                <Baseline points="759,3894 877,3894 997,3894 1403,3897 1493,3897 1617,3893 1721,3893 1863,3898 2071,3898 2265,3898 2699,3915 2869,3901 3107,3901 3343,3902 3509,3902 3817,3915"/>
                <Word id="w_w2aab1c11b2b3c21ab1" language="English" custom="readingOrder {index:0;}">
                    <Coords points="759,3840 877,3840 877,3894 759,3894"/>
                    <TextEquiv>
                        <Unicode>me</Unicode>
                    </TextEquiv>
                    <TextStyle fontFamily="Times New Roman" fontSize="13.0" italic="true"/>
                </Word>
                <Word id="w_w2aab1c11b2b3c21ab7" language="English" custom="readingOrder {index:1;}">
                    <Coords points="885,3810 997,3810 997,3924 885,3924"/>
                    <TextEquiv>
                        <Unicode>fit</Unicode>
                    </TextEquiv>
                    <TextStyle fontFamily="Times New Roman" fontSize="13.0" italic="true"/>
                </Word>
                <Word id="w_w2aab1c11b2b3c21ac15" language="English" custom="readingOrder {index:2;}">
                    <Coords points="1027,3811 1403,3811 1403,3925 1027,3925"/>
                    <TextEquiv>
                        <Unicode>connoifire</Unicode>
                    </TextEquiv>
                    <TextStyle fontFamily="Times New Roman" fontSize="13.0" italic="true"/>
                </Word>
                <Word id="w_w2aab1c11b2b3c21ac37" language="English" custom="readingOrder {index:3;}">
                    <Coords points="1445,3849 1493,3849 1493,3897 1445,3897"/>
                    <TextEquiv>
                        <Unicode>a</Unicode>
                    </TextEquiv>
                    <TextStyle fontFamily="Times New Roman" fontSize="13.0" italic="true"/>
                </Word>
                <Word id="w_w2aab1c11b2b3c21ac41" language="English" custom="readingOrder {index:4;}">
                    <Coords points="1539,3811 1617,3811 1617,3893 1539,3893"/>
                    <TextEquiv>
                        <Unicode>la</Unicode>
                    </TextEquiv>
                    <TextStyle fontFamily="Times New Roman" fontSize="13.0" italic="true"/>
                </Word>
                <Word id="w_w2aab1c11b2b3c21ac47" language="English" custom="readingOrder {index:5;}">
                    <Coords points="1651,3815 1851,3815 1851,3894 1651,3894"/>
                    <TextEquiv>
                        <Unicode>Cour</Unicode>
                    </TextEquiv>
                    <TextStyle fontFamily="Times New Roman" fontSize="13.0" italic="true"/>
                </Word>
                <Word id="w_w2aab1c11b2b3c21b1b1" language="English" custom="readingOrder {index:6;}">
                    <Coords points="1851,3814 1863,3814 1863,3898 1851,3898"/>
                    <TextEquiv>
                        <Unicode>.</Unicode>
                    </TextEquiv>
                    <TextStyle fontFamily="Times New Roman" fontSize="16.0" bold="true"/>
                </Word>
                <Word id="w_w2aab1c11b2b3c21b2b1" language="English" custom="readingOrder {index:7;}">
                    <Coords points="1965,3814 2071,3814 2071,3898 1965,3898"/>
                    <TextEquiv>
                        <Unicode>Ce</Unicode>
                    </TextEquiv>
                    <TextStyle fontFamily="Times New Roman" fontSize="13.0" italic="true"/>
                </Word>
                <Word id="w_w2aab1c11b2b3c21b2b7" language="English" custom="readingOrder {index:8;}">
                    <Coords points="2085,3810 2265,3810 2265,3928 2085,3928"/>
                    <TextEquiv>
                        <Unicode>fins</Unicode>
                    </TextEquiv>
                    <TextStyle fontFamily="Times New Roman" fontSize="13.0" italic="true"/>
                </Word>
                <Word id="w_w2aab1c11b2b3c21b2c17" language="English" custom="readingOrder {index:9;}">
                    <Coords points="2309,3848 2699,3848 2699,3915 2309,3915"/>
                    <TextEquiv>
                        <Unicode>commun,</Unicode>
                    </TextEquiv>
                    <TextStyle fontFamily="Times New Roman" fontSize="13.0" italic="true"/>
                </Word>
                <Word id="w_w2aab1c11b2b3c21b2c33" language="English" custom="readingOrder {index:10;}">
                    <Coords points="2733,3849 2869,3849 2869,3937 2733,3937"/>
                    <TextEquiv>
                        <Unicode>qui</Unicode>
                    </TextEquiv>
                    <TextStyle fontFamily="Times New Roman" fontSize="13.0" italic="true"/>
                </Word>
                <Word id="w_w2aab1c11b2b3c21b2c41" language="English" custom="readingOrder {index:11;}">
                    <Coords points="2913,3819 3107,3819 3107,3901 2913,3901"/>
                    <TextEquiv>
                        <Unicode>étoit</Unicode>
                    </TextEquiv>
                    <TextStyle fontFamily="Times New Roman" fontSize="13.0" italic="true"/>
                </Word>
                <Word id="w_w2aab1c11b2b3c21b2c53" language="English" custom="readingOrder {index:12;}">
                    <Coords points="3139,3844 3343,3844 3343,3902 3139,3902"/>
                    <TextEquiv>
                        <Unicode>toute</Unicode>
                    </TextEquiv>
                    <TextStyle fontFamily="Times New Roman" fontSize="13.0" italic="true"/>
                </Word>
                <Word id="w_w2aab1c11b2b3c21b2c65" language="English" custom="readingOrder {index:13;}">
                    <Coords points="3375,3850 3509,3850 3509,3902 3375,3902"/>
                    <TextEquiv>
                        <Unicode>ma</Unicode>
                    </TextEquiv>
                    <TextStyle fontFamily="Times New Roman" fontSize="13.0" italic="true"/>
                </Word>
                <Word id="w_w2aab1c11b2b3c21b2c71" language="English" custom="readingOrder {index:14;}">
                    <Coords points="3545,3814 3817,3814 3817,3936 3545,3936"/>
                    <TextEquiv>
                        <Unicode>Réglé,</Unicode>
                    </TextEquiv>
                    <TextStyle fontFamily="Times New Roman" fontSize="13.0" italic="true"/>
                </Word>
                <TextEquiv>
                    <Unicode>me fit connoiſtre a la Cour. Ce ſens commun, qui étoit toute ma Regle,</Unicode>
                </TextEquiv>
            </TextLine>
            <TextLine id="tl_17" primaryLanguage="English" custom="readingOrder {index:11;}">
                <Coords points="761,3930 3817,3930 3817,4059 761,4059"/>
                <Baseline points="761,4014 843,4014 1097,4014 1285,4013 1641,4013 1937,4018 2285,4018 2505,4019 2873,4023 3165,4022 3505,4022 3685,4022 3817,4023"/>
                <Word id="w_w2aab1c11b2b3c23ab1" language="English" custom="readingOrder {index:0;}">
                    <Coords points="761,3966 843,3966 843,4014 761,4014"/>
                    <TextEquiv>
                        <Unicode>m</Unicode>
                    </TextEquiv>
                    <TextStyle fontFamily="Times New Roman" fontSize="13.0" italic="true"/>
                </Word>
                <Word id="w_w2aab1c11b2b3c23ab5" language="English" custom="readingOrder {index:1;}">
                    <Coords points="867,3932 1097,3932 1097,4018 867,4018"/>
                    <TextEquiv>
                        <Unicode>avait</Unicode>
                    </TextEquiv>
                    <TextStyle fontFamily="Times New Roman" fontSize="13.0" italic="true"/>
                </Word>
                <Word id="w_w2aab1c11b2b3c23ac17" language="English" custom="readingOrder {index:2;}">
                    <Coords points="1113,3934 1285,3934 1285,4049 1113,4049"/>
                    <TextEquiv>
                        <Unicode>fait</Unicode>
                    </TextEquiv>
                    <TextStyle fontFamily="Times New Roman" fontSize="13.0" italic="true"/>
                </Word>
                <Word id="w_w2aab1c11b2b3c23ac27" language="English" custom="readingOrder {index:3;}">
                    <Coords points="1315,3961 1641,3961 1641,4019 1315,4019"/>
                    <TextEquiv>
                        <Unicode>trouver</Unicode>
                    </TextEquiv>
                    <TextStyle fontFamily="Times New Roman" fontSize="13.0" italic="true"/>
                </Word>
                <Word id="w_w2aab1c11b2b3c23ac43" language="English" custom="readingOrder {index:4;}">
                    <Coords points="1659,3931 1937,3931 1937,4018 1659,4018"/>
                    <TextEquiv>
                        <Unicode>l'unité</Unicode>
                    </TextEquiv>
                    <TextStyle fontFamily="Times New Roman" fontSize="13.0" italic="true"/>
                </Word>
                <Word id="w_w2aab1c11b2b3c23ac59" language="English" custom="readingOrder {index:5;}">
                    <Coords points="1957,3934 2285,3934 2285,4018 1957,4018"/>
                    <TextEquiv>
                        <Unicode>d’action</Unicode>
                    </TextEquiv>
                    <TextStyle fontFamily="Times New Roman" fontSize="13.0" italic="true"/>
                </Word>
                <Word id="w_w2aab1c11b2b3c23ac77" language="English" custom="readingOrder {index:6;}">
                    <Coords points="2311,3962 2505,3962 2505,4052 2311,4052"/>
                    <TextEquiv>
                        <Unicode>pour</Unicode>
                    </TextEquiv>
                    <TextStyle fontFamily="Times New Roman" fontSize="13.0" italic="true"/>
                </Word>
                <Word id="w_w2aab1c11b2b3c23ac87" language="English" custom="readingOrder {index:7;}">
                    <Coords points="2531,3935 2873,3935 2873,4023 2531,4023"/>
                    <TextEquiv>
                        <Unicode>brouiller</Unicode>
                    </TextEquiv>
                    <TextStyle fontFamily="Times New Roman" fontSize="13.0" italic="true"/>
                </Word>
                <Word id="w_w2aab1c11b2b3c23ad107" language="English" custom="readingOrder {index:8;}">
                    <Coords points="2895,3965 3165,3965 3165,4057 2895,4057"/>
                    <TextEquiv>
                        <Unicode>quatre</Unicode>
                    </TextEquiv>
                    <TextStyle fontFamily="Times New Roman" fontSize="13.0" italic="true"/>
                </Word>
                <Word id="w_w2aab1c11b2b3c23ad121" language="English" custom="readingOrder {index:9;}">
                    <Coords points="3185,3944 3505,3944 3505,4022 3185,4022"/>
                    <TextEquiv>
                        <Unicode>Amans</Unicode>
                    </TextEquiv>
                    <TextStyle fontFamily="Times New Roman" fontSize="13.0" italic="true"/>
                </Word>
                <Word id="w_w2aab1c11b2b3c23ad133" language="English" custom="readingOrder {index:10;}">
                    <Coords points="3535,3966 3685,3966 3685,4056 3535,4056"/>
                    <TextEquiv>
                        <Unicode>par</Unicode>
                    </TextEquiv>
                    <TextStyle fontFamily="Times New Roman" fontSize="13.0" italic="true"/>
                </Word>
                <Word id="w_w2aab1c11b2b3c23ad141" language="English" custom="readingOrder {index:11;}">
                    <Coords points="3703,3968 3817,3968 3817,4023 3703,4023"/>
                    <TextEquiv>
                        <Unicode>un</Unicode>
                    </TextEquiv>
                    <TextStyle fontFamily="Times New Roman" fontSize="13.0" italic="true"/>
                </Word>
                <TextEquiv>
                    <Unicode>m'avoit fait trouver l'unité d’action pour broüiller quatre Amans par un</Unicode>
                </TextEquiv>
                <TextStyle fontFamily="Times New Roman" fontSize="13.0" italic="true"/>
            </TextLine>
            <TextLine id="tl_18" primaryLanguage="English" custom="readingOrder {index:12;}">
                <Coords points="739,4048 3811,4048 3811,4185 739,4185"/>
                <Baseline points="739,4164 925,4134 1341,4151 1481,4147 1839,4138 2141,4138 2371,4148 2825,4143 2957,4143 3117,4147 3455,4144 3811,4123"/>
                <Word id="w_w2aab1c11b2b3c25ab1" language="English" custom="readingOrder {index:0;}">
                    <Coords points="739,4048 925,4048 925,4164 739,4164"/>
                    <TextEquiv>
                        <Unicode>fiul</Unicode>
                    </TextEquiv>
                    <TextStyle fontFamily="Times New Roman" fontSize="13.0" italic="true"/>
                </Word>
                <Word id="w_w2aab1c11b2b3c25ac11" language="English" custom="readingOrder {index:1;}">
                    <Coords points="961,4052 1341,4052 1341,4171 961,4171"/>
                    <TextEquiv>
                        <Unicode>intrique,</Unicode>
                    </TextEquiv>
                    <TextStyle fontFamily="Times New Roman" fontSize="13.0" italic="true"/>
                </Word>
                <Word id="w_w2aab1c11b2b3c25ac31" language="English" custom="readingOrder {index:2;}">
                    <Coords points="1383,4051 1481,4051 1481,4147 1383,4147"/>
                    <TextEquiv>
                        <Unicode>(fi</Unicode>
                    </TextEquiv>
                    <TextStyle fontFamily="Times New Roman" fontSize="13.0" italic="true"/>
                </Word>
                <Word id="w_w2aab1c11b2b3c25ac39" language="English" custom="readingOrder {index:3;}">
                    <Coords points="1509,4082 1839,4082 1839,4139 1509,4139"/>
                    <TextEquiv>
                        <Unicode>mavoit</Unicode>
                    </TextEquiv>
                    <TextStyle fontFamily="Times New Roman" fontSize="13.0" italic="true"/>
                </Word>
                <Word id="w_w2aab1c11b2b3c25ac53" language="English" custom="readingOrder {index:4;}">
                    <Coords points="1881,4056 2141,4056 2141,4138 1881,4138"/>
                    <TextEquiv>
                        <Unicode>donné</Unicode>
                    </TextEquiv>
                    <TextStyle fontFamily="Times New Roman" fontSize="13.0" italic="true"/>
                </Word>
                <Word id="w_w2aab1c11b2b3c25ac65" language="English" custom="readingOrder {index:5;}">
                    <Coords points="2159,4056 2371,4056 2371,4174 2159,4174"/>
                    <TextEquiv>
                        <Unicode>afiez,</Unicode>
                    </TextEquiv>
                    <TextStyle fontFamily="Times New Roman" fontSize="13.0" italic="true"/>
                </Word>
                <Word id="w_w2aab1c11b2b3c25ac79" language="English" custom="readingOrder {index:6;}">
                    <Coords points="2401,4056 2825,4056 2825,4173 2401,4173"/>
                    <TextEquiv>
                        <Unicode>d’averfion</Unicode>
                    </TextEquiv>
                    <TextStyle fontFamily="Times New Roman" fontSize="13.0" italic="true"/>
                </Word>
                <Word id="w_w2aab1c11b2b3c25ad101" language="English" custom="readingOrder {index:7;}">
                    <Coords points="2867,4061 2957,4061 2957,4143 2867,4143"/>
                    <TextEquiv>
                        <Unicode>de</Unicode>
                    </TextEquiv>
                    <TextStyle fontFamily="Times New Roman" fontSize="13.0" italic="true"/>
                </Word>
                <Word id="w_w2aab1c11b2b3c25ad107" language="English" custom="readingOrder {index:8;}">
                    <Coords points="3001,4087 3117,4087 3117,4147 3001,4147"/>
                    <TextEquiv>
                        <Unicode>cet</Unicode>
                    </TextEquiv>
                    <TextStyle fontFamily="Times New Roman" fontSize="13.0" italic="true"/>
                </Word>
                <Word id="w_w2aab1c11b2b3c25ad115" language="English" custom="readingOrder {index:9;}">
                    <Coords points="3143,4060 3455,4060 3455,4148 3143,4148"/>
                    <TextEquiv>
                        <Unicode>horrible</Unicode>
                    </TextEquiv>
                    <TextStyle fontFamily="Times New Roman" fontSize="13.0" italic="true"/>
                </Word>
                <Word id="w_w2aab1c11b2b3c25ad133" language="English" custom="readingOrder {index:10;}">
                    <Coords points="3487,4056 3811,4056 3811,4184 3487,4184"/>
                    <TextEquiv>
                        <Unicode>déregle¬</Unicode>
                    </TextEquiv>
                    <TextStyle fontFamily="Times New Roman" fontSize="13.0" italic="true"/>
                </Word>
                <TextEquiv>
                    <Unicode>ſeul intrique, &amp; m'avoit donné aſſez, d’averſion de cet horrible déregle¬</Unicode>
                </TextEquiv>
                <TextStyle fontFamily="Times New Roman" fontSize="13.0" italic="true"/>
            </TextLine>
            <TextLine id="tl_19" primaryLanguage="English" custom="readingOrder {index:13;}">
                <Coords points="759,4154 3815,4154 3815,4301 759,4301"/>
                <Baseline points="759,4256 973,4256 1149,4257 1341,4259 1489,4259 1795,4273 2123,4276 2267,4272 2921,4263 3089,4269 3189,4268 3343,4268 3499,4268 3815,4251"/>
                <Word id="w_w2aab1c11b2b3c27ab1" language="English" custom="readingOrder {index:0;}">
                    <Coords points="759,4198 973,4198 973,4256 759,4256"/>
                    <TextEquiv>
                        <Unicode>ment</Unicode>
                    </TextEquiv>
                    <TextStyle fontFamily="Times New Roman" fontSize="13.0" italic="true"/>
                </Word>
                <Word id="w_w2aab1c11b2b3c27ac11" language="English" custom="readingOrder {index:1;}">
                    <Coords points="1013,4176 1149,4176 1149,4294 1013,4294"/>
                    <TextEquiv>
                        <Unicode>qui</Unicode>
                    </TextEquiv>
                    <TextStyle fontFamily="Times New Roman" fontSize="13.0" italic="true"/>
                </Word>
                <Word id="w_w2aab1c11b2b3c27ac19" language="English" custom="readingOrder {index:2;}">
                    <Coords points="1185,4203 1341,4203 1341,4259 1185,4259"/>
                    <TextEquiv>
                        <Unicode>met</Unicode>
                    </TextEquiv>
                    <TextStyle fontFamily="Times New Roman" fontSize="13.0" italic="true"/>
                </Word>
                <Word id="w_w2aab1c11b2b3c27ac27" language="English" custom="readingOrder {index:3;}">
                    <Coords points="1345,4181 1489,4181 1489,4259 1345,4259"/>
                    <TextEquiv>
                        <Unicode>toit</Unicode>
                    </TextEquiv>
                    <TextStyle fontFamily="Times New Roman" fontSize="13.0" italic="true"/>
                </Word>
                <Word id="w_w2aab1c11b2b3c27ac37" language="English" custom="readingOrder {index:4;}">
                    <Coords points="1523,4181 1795,4181 1795,4273 1523,4273"/>
                    <TextEquiv>
                        <Unicode>Paris,</Unicode>
                    </TextEquiv>
                    <TextStyle fontFamily="Times New Roman" fontSize="13.0" italic="true"/>
                </Word>
                <Word id="w_w2aab1c11b2b3c27ac51" language="English" custom="readingOrder {index:5;}">
                    <Coords points="1847,4180 2123,4180 2123,4276 1847,4276"/>
                    <TextEquiv>
                        <Unicode>Rome,</Unicode>
                    </TextEquiv>
                    <TextStyle fontFamily="Times New Roman" fontSize="13.0" italic="true"/>
                </Word>
                <Word id="w_w2aab1c11b2b3c27ac63" language="English" custom="readingOrder {index:6;}">
                    <Coords points="2169,4156 2267,4156 2267,4272 2169,4272"/>
                    <TextEquiv>
                        <Unicode>(fi</Unicode>
                    </TextEquiv>
                    <TextStyle fontFamily="Times New Roman" fontSize="13.0" italic="true"/>
                </Word>
                <Word id="w_w2aab1c11b2b3c27ac71" language="English" custom="readingOrder {index:7;}">
                    <Coords points="2297,4180 2921,4180 2921,4299 2297,4299"/>
                    <TextEquiv>
                        <Unicode>Constantinople</Unicode>
                    </TextEquiv>
                    <TextStyle fontFamily="Times New Roman" fontSize="13.0" italic="true"/>
                </Word>
                <Word id="w_w2aab1c11b2b3c27ad101" language="English" custom="readingOrder {index:8;}">
                    <Coords points="2939,4185 3089,4185 3089,4299 2939,4299"/>
                    <TextEquiv>
                        <Unicode>fur</Unicode>
                    </TextEquiv>
                    <TextStyle fontFamily="Times New Roman" fontSize="13.0" italic="true"/>
                </Word>
                <Word id="w_w2aab1c11b2b3c27ad109" language="English" custom="readingOrder {index:9;}">
                    <Coords points="3121,4181 3189,4181 3189,4268 3121,4268"/>
                    <TextEquiv>
                        <Unicode>le</Unicode>
                    </TextEquiv>
                    <TextStyle fontFamily="Times New Roman" fontSize="13.0" italic="true"/>
                </Word>
                <Word id="w_w2aab1c11b2b3c27ad115" language="English" custom="readingOrder {index:10;}">
                    <Coords points="3221,4216 3343,4216 3343,4268 3221,4268"/>
                    <TextEquiv>
                        <Unicode>me</Unicode>
                    </TextEquiv>
                    <TextStyle fontFamily="Times New Roman" fontSize="13.0" italic="true"/>
                </Word>
                <Word id="w_w2aab1c11b2b3c27ad121" language="English" custom="readingOrder {index:11;}">
                    <Coords points="3325,4186 3499,4186 3499,4300 3325,4300"/>
                    <TextEquiv>
                        <Unicode>fine</Unicode>
                    </TextEquiv>
                    <TextStyle fontFamily="Times New Roman" fontSize="13.0" italic="true"/>
                </Word>
                <Word id="w_w2aab1c11b2b3c27ad131" language="English" custom="readingOrder {index:12;}">
                    <Coords points="3535,4184 3815,4184 3815,4268 3535,4268"/>
                    <TextEquiv>
                        <Unicode>‘Théâ¬</Unicode>
                    </TextEquiv>
                    <TextStyle fontFamily="Times New Roman" fontSize="13.0" italic="true"/>
                </Word>
                <TextEquiv>
                    <Unicode>ment qui mettoit Paris, Rome, &amp; Constantinople ſur le meſme Thea¬</Unicode>
                </TextEquiv>
                <TextStyle fontFamily="Times New Roman" fontSize="13.0" italic="true"/>
            </TextLine>
            <TextLine id="tl_20" primaryLanguage="English" custom="readingOrder {index:14;}">
                <Coords points="760,4294 2765,4294 2765,4415 760,4415"/>
                <Baseline points="760,4380 878,4376 924,4392 1156,4377 1476,4381 1584,4381 1828,4380 2064,4380 2256,4380 2502,4381 2656,4385 2764,4385"/>
                <Word id="w_w2aab1c11b2b3c29ab1" language="English" custom="readingOrder {index:0;}">
                    <Coords points="760,4318 878,4318 878,4380 760,4380"/>
                    <TextEquiv>
                        <Unicode>tre</Unicode>
                    </TextEquiv>
                    <TextStyle fontFamily="Times New Roman" fontSize="13.0" italic="true"/>
                </Word>
                <Word id="w_w2aab1c11b2b3c29ab9" language="English" custom="readingOrder {index:1;}">
                    <Coords points="896,4360 924,4360 924,4392 896,4392"/>
                    <TextEquiv>
                        <Unicode>,</Unicode>
                    </TextEquiv>
                    <TextStyle fontFamily="Times New Roman" fontSize="13.0" italic="true"/>
                </Word>
                <Word id="w_w2aab1c11b2b3c29ac13" language="English" custom="readingOrder {index:2;}">
                    <Coords points="958,4318 1156,4318 1156,4406 958,4406"/>
                    <TextEquiv>
                        <Unicode>pour</Unicode>
                    </TextEquiv>
                    <TextStyle fontFamily="Times New Roman" fontSize="13.0" italic="true"/>
                </Word>
                <Word id="w_w2aab1c11b2b3c29ac23" language="English" custom="readingOrder {index:3;}">
                    <Coords points="1184,4297 1476,4297 1476,4381 1184,4381"/>
                    <TextEquiv>
                        <Unicode>réduire</Unicode>
                    </TextEquiv>
                    <TextStyle fontFamily="Times New Roman" fontSize="13.0" italic="true"/>
                </Word>
                <Word id="w_w2aab1c11b2b3c29ac39" language="English" custom="readingOrder {index:4;}">
                    <Coords points="1514,4297 1584,4297 1584,4381 1514,4381"/>
                    <TextEquiv>
                        <Unicode>le</Unicode>
                    </TextEquiv>
                    <TextStyle fontFamily="Times New Roman" fontSize="13.0" italic="true"/>
                </Word>
                <Word id="w_w2aab1c11b2b3c29ac45" language="English" custom="readingOrder {index:5;}">
                    <Coords points="1626,4301 1828,4301 1828,4380 1626,4380"/>
                    <TextEquiv>
                        <Unicode>mien</Unicode>
                    </TextEquiv>
                    <TextStyle fontFamily="Times New Roman" fontSize="13.0" italic="true"/>
                </Word>
                <Word id="w_w2aab1c11b2b3c29ac55" language="English" custom="readingOrder {index:6;}">
                    <Coords points="1862,4298 2064,4298 2064,4382 1862,4382"/>
                    <TextEquiv>
                        <Unicode>dans</Unicode>
                    </TextEquiv>
                    <TextStyle fontFamily="Times New Roman" fontSize="13.0" italic="true"/>
                </Word>
                <Word id="w_w2aab1c11b2b3c29ac65" language="English" custom="readingOrder {index:7;}">
                    <Coords points="2106,4332 2256,4332 2256,4384 2106,4384"/>
                    <TextEquiv>
                        <Unicode>une</Unicode>
                    </TextEquiv>
                    <TextStyle fontFamily="Times New Roman" fontSize="13.0" italic="true"/>
                </Word>
                <Word id="w_w2aab1c11b2b3c29ac73" language="English" custom="readingOrder {index:8;}">
                    <Coords points="2280,4296 2502,4296 2502,4414 2280,4414"/>
                    <TextEquiv>
                        <Unicode>feule</Unicode>
                    </TextEquiv>
                    <TextStyle fontFamily="Times New Roman" fontSize="13.0" italic="true"/>
                </Word>
                <Word id="w_w2aab1c11b2b3c29ac85" language="English" custom="readingOrder {index:9;}">
                    <Coords points="2552,4305 2656,4305 2656,4389 2552,4389"/>
                    <TextEquiv>
                        <Unicode>Ht</Unicode>
                    </TextEquiv>
                    <TextStyle fontFamily="Times New Roman" fontSize="13.0" italic="true"/>
                </Word>
                <Word id="w_w2aab1c11b2b3c29ac91" language="English" custom="readingOrder {index:10;}">
                    <Coords points="2660,4301 2764,4301 2764,4385 2660,4385"/>
                    <TextEquiv>
                        <Unicode>lie.</Unicode>
                    </TextEquiv>
                    <TextStyle fontFamily="Times New Roman" fontSize="13.0" italic="true"/>
                </Word>
                <TextEquiv>
                    <Unicode>tre, pour reduire le mien dans une ſeule Ville.</Unicode>
                </TextEquiv>
                <TextStyle fontFamily="Times New Roman" fontSize="13.0" italic="true"/>
            </TextLine>
            <TextEquiv>
                <Unicode>ETTE Piece fut mon coup d’eſſay, &amp; elle n'a
garde d’eſtre dans les Regles; puisque je ne ſçavois
pas alors qu’il y en euſt. Ie n'avois pour guide qu'un
peu de ſens commun, avec les exemples de feu Mr
Hardy, dont la veine étoit plus feconde que polie,
&amp; de quelques Modernes, qui commençoient à ſe
produire, &amp; n'étoient pas plus Reguliers que luy.
Le ſucceZ en fut ſurprenant. Il établit une nouvelle troupe de Come¬
diens à Paris, malgré le merite de celle qui étoit en poſſeſſion de s’y voir
l'unique; il égala tout ce qui s’étoit fait de plus beau jusques alors, &amp;
me fit connoiſtre a la Cour. Ce ſens commun, qui étoit toute ma Regle,
m'avoit fait trouver l'unité d’action pour broüiller quatre Amans par un
ſeul intrique, &amp; m'avoit donné aſſez, d’averſion de cet horrible déregle¬
ment qui mettoit Paris, Rome, &amp; Constantinople ſur le meſme Thea¬
tre, pour reduire le mien dans une ſeule Ville.</Unicode>
            </TextEquiv>
        </TextRegion>
        <TextRegion type="paragraph" id="r_6_3" custom="readingOrder {index:8;}">
            <Coords points="728,4415 3813,4415 3813,5625 728,5625"/>
            <TextLine id="tl_21" primaryLanguage="English" custom="readingOrder {index:0;}">
                <Coords points="892,4416 3812,4416 3812,4551 892,4551"/>
                <Baseline points="892,4496 1022,4496 1512,4501 1640,4501 1760,4501 2010,4500 2136,4506 2570,4519 2780,4509 2884,4505 3034,4549 3114,4505 3360,4510 3812,4511"/>
                <Word id="w_w2aab1c11b2b5b1ab1" language="English" custom="readingOrder {index:0;}">
                    <Coords points="892,4418 1022,4418 1022,4496 892,4496"/>
                    <TextEquiv>
                        <Unicode>La</Unicode>
                    </TextEquiv>
                    <TextStyle fontFamily="Times New Roman" fontSize="13.0" italic="true"/>
                </Word>
                <Word id="w_w2aab1c11b2b5b1ab7" language="English" custom="readingOrder {index:1;}">
                    <Coords points="1060,4419 1512,4419 1512,4501 1060,4501"/>
                    <TextEquiv>
                        <Unicode>nouveauté</Unicode>
                    </TextEquiv>
                    <TextStyle fontFamily="Times New Roman" fontSize="13.0" italic="true"/>
                </Word>
                <Word id="w_w2aab1c11b2b5b1ac27" language="English" custom="readingOrder {index:2;}">
                    <Coords points="1546,4419 1640,4419 1640,4501 1546,4501"/>
                    <TextEquiv>
                        <Unicode>de</Unicode>
                    </TextEquiv>
                    <TextStyle fontFamily="Times New Roman" fontSize="13.0" italic="true"/>
                </Word>
                <Word id="w_w2aab1c11b2b5b1ac33" language="English" custom="readingOrder {index:3;}">
                    <Coords points="1680,4453 1760,4453 1760,4501 1680,4501"/>
                    <TextEquiv>
                        <Unicode>ce</Unicode>
                    </TextEquiv>
                    <TextStyle fontFamily="Times New Roman" fontSize="13.0" italic="true"/>
                </Word>
                <Word id="w_w2aab1c11b2b5b1ac39" language="English" custom="readingOrder {index:4;}">
                    <Coords points="1784,4451 2010,4451 2010,4540 1784,4540"/>
                    <TextEquiv>
                        <Unicode>genre</Unicode>
                    </TextEquiv>
                    <TextStyle fontFamily="Times New Roman" fontSize="13.0" italic="true"/>
                </Word>
                <Word id="w_w2aab1c11b2b5b1ac51" language="English" custom="readingOrder {index:5;}">
                    <Coords points="2040,4418 2136,4418 2136,4506 2040,4506"/>
                    <TextEquiv>
                        <Unicode>de</Unicode>
                    </TextEquiv>
                    <TextStyle fontFamily="Times New Roman" fontSize="13.0" italic="true"/>
                </Word>
                <Word id="w_w2aab1c11b2b5b1ac57" language="English" custom="readingOrder {index:6;}">
                    <Coords points="2168,4422 2570,4422 2570,4519 2168,4519"/>
                    <TextEquiv>
                        <Unicode>Comedie,</Unicode>
                    </TextEquiv>
                    <TextStyle fontFamily="Times New Roman" fontSize="13.0" italic="true"/>
                </Word>
                <Word id="w_w2aab1c11b2b5b1ac75" language="English" custom="readingOrder {index:7;}">
                    <Coords points="2604,4423 2780,4423 2780,4509 2604,4509"/>
                    <TextEquiv>
                        <Unicode>dont</Unicode>
                    </TextEquiv>
                    <TextStyle fontFamily="Times New Roman" fontSize="13.0" italic="true"/>
                </Word>
                <Word id="w_w2aab1c11b2b5b1ac85" language="English" custom="readingOrder {index:8;}">
                    <Coords points="2814,4421 2884,4421 2884,4505 2814,4505"/>
                    <TextEquiv>
                        <Unicode>il</Unicode>
                    </TextEquiv>
                    <TextStyle fontFamily="Times New Roman" fontSize="13.0" italic="true"/>
                </Word>
                <Word id="w_w2aab1c11b2b5b1ac91" language="English" custom="readingOrder {index:9;}">
                    <Coords points="2914,4427 3034,4427 3034,4549 2914,4549"/>
                    <TextEquiv>
                        <Unicode>n’y</Unicode>
                    </TextEquiv>
                    <TextStyle fontFamily="Times New Roman" fontSize="13.0" italic="true"/>
                </Word>
                <Word id="w_w2aab1c11b2b5b1ac99" language="English" custom="readingOrder {index:10;}">
                    <Coords points="3060,4455 3114,4455 3114,4505 3060,4505"/>
                    <TextEquiv>
                        <Unicode>a</Unicode>
                    </TextEquiv>
                    <TextStyle fontFamily="Times New Roman" fontSize="13.0" italic="true"/>
                </Word>
                <Word id="w_w2aab1c11b2b5b1ad103" language="English" custom="readingOrder {index:11;}">
                    <Coords points="3134,4448 3360,4448 3360,4540 3134,4540"/>
                    <TextEquiv>
                        <Unicode>point</Unicode>
                    </TextEquiv>
                    <TextStyle fontFamily="Times New Roman" fontSize="13.0" italic="true"/>
                </Word>
                <Word id="w_w2aab1c11b2b5b1ad115" language="English" custom="readingOrder {index:12;}">
                    <Coords points="3388,4422 3812,4422 3812,4548 3388,4548"/>
                    <TextEquiv>
                        <Unicode>d’exemple</Unicode>
                    </TextEquiv>
                    <TextStyle fontFamily="Times New Roman" fontSize="13.0" italic="true"/>
                </Word>
                <TextEquiv>
                    <Unicode>La nouveauté de ce genre de Comedie, dont il n’y a point d’exemple</Unicode>
                </TextEquiv>
                <TextStyle fontFamily="Times New Roman" fontSize="13.0" italic="true"/>
            </TextLine>
            <TextLine id="tl_22" primaryLanguage="English" custom="readingOrder {index:1;}">
                <Coords points="754,4534 3810,4534 3810,4667 754,4667"/>
                <Baseline points="754,4618 848,4618 1180,4621 1578,4635 1716,4631 1830,4622 2036,4622 2304,4638 2490,4631 2788,4631 2962,4631 3344,4630 3472,4630 3602,4630 3810,4613"/>
                <Word id="w_w2aab1c11b2b5b3ab1" language="English" custom="readingOrder {index:0;}">
                    <Coords points="754,4564 848,4564 848,4618 754,4618"/>
                    <TextEquiv>
                        <Unicode>en</Unicode>
                    </TextEquiv>
                    <TextStyle fontFamily="Times New Roman" fontSize="13.0" italic="true"/>
                </Word>
                <Word id="w_w2aab1c11b2b5b3ab7" language="English" custom="readingOrder {index:1;}">
                    <Coords points="880,4568 1180,4568 1180,4621 880,4621"/>
                    <TextEquiv>
                        <Unicode>aucune</Unicode>
                    </TextEquiv>
                    <TextStyle fontFamily="Times New Roman" fontSize="13.0" italic="true"/>
                </Word>
                <Word id="w_w2aab1c11b2b5b3ac21" language="English" custom="readingOrder {index:2;}">
                    <Coords points="1216,4543 1578,4543 1578,4661 1216,4661"/>
                    <TextEquiv>
                        <Unicode>Langue,</Unicode>
                    </TextEquiv>
                    <TextStyle fontFamily="Times New Roman" fontSize="13.0" italic="true"/>
                </Word>
                <Word id="w_w2aab1c11b2b5b3ac37" language="English" custom="readingOrder {index:3;}">
                    <Coords points="1620,4535 1716,4535 1716,4631 1620,4631"/>
                    <TextEquiv>
                        <Unicode>(fi</Unicode>
                    </TextEquiv>
                    <TextStyle fontFamily="Times New Roman" fontSize="13.0" italic="true"/>
                </Word>
                <Word id="w_w2aab1c11b2b5b3ac45" language="English" custom="readingOrder {index:4;}">
                    <Coords points="1758,4539 1830,4539 1830,4622 1758,4622"/>
                    <TextEquiv>
                        <Unicode>le</Unicode>
                    </TextEquiv>
                    <TextStyle fontFamily="Times New Roman" fontSize="13.0" italic="true"/>
                </Word>
                <Word id="w_w2aab1c11b2b5b3ac51" language="English" custom="readingOrder {index:5;}">
                    <Coords points="1850,4538 2036,4538 2036,4652 1850,4652"/>
                    <TextEquiv>
                        <Unicode>file</Unicode>
                    </TextEquiv>
                    <TextStyle fontFamily="Times New Roman" fontSize="13.0" italic="true"/>
                </Word>
                <Word id="w_w2aab1c11b2b5b3ac61" language="English" custom="readingOrder {index:6;}">
                    <Coords points="2082,4548 2304,4548 2304,4660 2082,4660"/>
                    <TextEquiv>
                        <Unicode>naïf,</Unicode>
                    </TextEquiv>
                    <TextStyle fontFamily="Times New Roman" fontSize="13.0" italic="true"/>
                </Word>
                <Word id="w_w2aab1c11b2b5b3ac73" language="English" custom="readingOrder {index:7;}">
                    <Coords points="2346,4546 2490,4546 2490,4660 2346,4660"/>
                    <TextEquiv>
                        <Unicode>qui</Unicode>
                    </TextEquiv>
                    <TextStyle fontFamily="Times New Roman" fontSize="13.0" italic="true"/>
                </Word>
                <Word id="w_w2aab1c11b2b5b3ac81" language="English" custom="readingOrder {index:8;}">
                    <Coords points="2500,4547 2788,4547 2788,4665 2500,4665"/>
                    <TextEquiv>
                        <Unicode>fufait</Unicode>
                    </TextEquiv>
                    <TextStyle fontFamily="Times New Roman" fontSize="13.0" italic="true"/>
                </Word>
                <Word id="w_w2aab1c11b2b5b3ac95" language="English" custom="readingOrder {index:9;}">
                    <Coords points="2814,4577 2962,4577 2962,4631 2814,4631"/>
                    <TextEquiv>
                        <Unicode>une</Unicode>
                    </TextEquiv>
                    <TextStyle fontFamily="Times New Roman" fontSize="13.0" italic="true"/>
                </Word>
                <Word id="w_w2aab1c11b2b5b3ad103" language="English" custom="readingOrder {index:10;}">
                    <Coords points="2990,4551 3344,4551 3344,4663 2990,4663"/>
                    <TextEquiv>
                        <Unicode>peinture</Unicode>
                    </TextEquiv>
                    <TextStyle fontFamily="Times New Roman" fontSize="13.0" italic="true"/>
                </Word>
                <Word id="w_w2aab1c11b2b5b3ad121" language="English" custom="readingOrder {index:11;}">
                    <Coords points="3376,4548 3472,4548 3472,4634 3376,4634"/>
                    <TextEquiv>
                        <Unicode>de</Unicode>
                    </TextEquiv>
                    <TextStyle fontFamily="Times New Roman" fontSize="13.0" italic="true"/>
                </Word>
                <Word id="w_w2aab1c11b2b5b3ad127" language="English" custom="readingOrder {index:12;}">
                    <Coords points="3518,4546 3602,4546 3602,4630 3518,4630"/>
                    <TextEquiv>
                        <Unicode>la</Unicode>
                    </TextEquiv>
                    <TextStyle fontFamily="Times New Roman" fontSize="13.0" italic="true"/>
                </Word>
                <Word id="w_w2aab1c11b2b5b3ad133" language="English" custom="readingOrder {index:13;}">
                    <Coords points="3638,4580 3810,4580 3810,4634 3638,4634"/>
                    <TextEquiv>
                        <Unicode>con-</Unicode>
                    </TextEquiv>
                    <TextStyle fontFamily="Times New Roman" fontSize="13.0" italic="true"/>
                </Word>
                <TextEquiv>
                    <Unicode>en aucune Langue, &amp; le ſtile naïf, qui faiſoit une peinture de la con¬</Unicode>
                </TextEquiv>
                <TextStyle fontFamily="Times New Roman" fontSize="13.0" italic="true"/>
            </TextLine>
            <TextLine id="tl_23" primaryLanguage="English" custom="readingOrder {index:2;}">
                <Coords points="754,4658 3808,4658 3808,4787 754,4787"/>
                <Baseline points="754,4738 1140,4743 1308,4743 1712,4743 1972,4760 2276,4750 2494,4747 2752,4751 3010,4785 3136,4752 3246,4752 3614,4750 3808,4737"/>
                <Word id="w_w2aab1c11b2b5b5ab1" language="English" custom="readingOrder {index:0;}">
                    <Coords points="754,4658 1140,4658 1140,4772 754,4772"/>
                    <TextEquiv>
                        <Unicode>verfation</Unicode>
                    </TextEquiv>
                    <TextStyle fontFamily="Times New Roman" fontSize="13.0" italic="true"/>
                </Word>
                <Word id="w_w2aab1c11b2b5b5ac21" language="English" custom="readingOrder {index:1;}">
                    <Coords points="1178,4661 1308,4661 1308,4743 1178,4743"/>
                    <TextEquiv>
                        <Unicode>des</Unicode>
                    </TextEquiv>
                    <TextStyle fontFamily="Times New Roman" fontSize="13.0" italic="true"/>
                </Word>
                <Word id="w_w2aab1c11b2b5b5ac29" language="English" custom="readingOrder {index:2;}">
                    <Coords points="1336,4659 1712,4659 1712,4777 1336,4777"/>
                    <TextEquiv>
                        <Unicode>honnefies</Unicode>
                    </TextEquiv>
                    <TextStyle fontFamily="Times New Roman" fontSize="13.0" italic="true"/>
                </Word>
                <Word id="w_w2aab1c11b2b5b5ac49" language="English" custom="readingOrder {index:3;}">
                    <Coords points="1728,4693 1972,4693 1972,4781 1728,4781"/>
                    <TextEquiv>
                        <Unicode>gens,</Unicode>
                    </TextEquiv>
                    <TextStyle fontFamily="Times New Roman" fontSize="13.0" italic="true"/>
                </Word>
                <Word id="w_w2aab1c11b2b5b5ac61" language="English" custom="readingOrder {index:4;}">
                    <Coords points="1988,4664 2276,4664 2276,4778 1988,4778"/>
                    <TextEquiv>
                        <Unicode>furent</Unicode>
                    </TextEquiv>
                    <TextStyle fontFamily="Times New Roman" fontSize="13.0" italic="true"/>
                </Word>
                <Word id="w_w2aab1c11b2b5b5ac75" language="English" custom="readingOrder {index:5;}">
                    <Coords points="2294,4668 2494,4668 2494,4782 2294,4782"/>
                    <TextEquiv>
                        <Unicode>fans</Unicode>
                    </TextEquiv>
                    <TextStyle fontFamily="Times New Roman" fontSize="13.0" italic="true"/>
                </Word>
                <Word id="w_w2aab1c11b2b5b5ac85" language="English" custom="readingOrder {index:6;}">
                    <Coords points="2526,4667 2752,4667 2752,4751 2526,4751"/>
                    <TextEquiv>
                        <Unicode>doute</Unicode>
                    </TextEquiv>
                    <TextStyle fontFamily="Times New Roman" fontSize="13.0" italic="true"/>
                </Word>
                <Word id="w_w2aab1c11b2b5b5ac97" language="English" custom="readingOrder {index:7;}">
                    <Coords points="2788,4667 3010,4667 3010,4785 2788,4785"/>
                    <TextEquiv>
                        <Unicode>caufi</Unicode>
                    </TextEquiv>
                    <TextStyle fontFamily="Times New Roman" fontSize="13.0" italic="true"/>
                </Word>
                <Word id="w_w2aab1c11b2b5b5ad109" language="English" custom="readingOrder {index:8;}">
                    <Coords points="3042,4667 3136,4667 3136,4752 3042,4752"/>
                    <TextEquiv>
                        <Unicode>de</Unicode>
                    </TextEquiv>
                    <TextStyle fontFamily="Times New Roman" fontSize="13.0" italic="true"/>
                </Word>
                <Word id="w_w2aab1c11b2b5b5ad115" language="English" custom="readingOrder {index:9;}">
                    <Coords points="3168,4702 3246,4702 3246,4756 3168,4756"/>
                    <TextEquiv>
                        <Unicode>ce</Unicode>
                    </TextEquiv>
                    <TextStyle fontFamily="Times New Roman" fontSize="13.0" italic="true"/>
                </Word>
                <Word id="w_w2aab1c11b2b5b5ad121" language="English" custom="readingOrder {index:10;}">
                    <Coords points="3280,4668 3614,4668 3614,4756 3280,4756"/>
                    <TextEquiv>
                        <Unicode>bonheur</Unicode>
                    </TextEquiv>
                    <TextStyle fontFamily="Times New Roman" fontSize="13.0" italic="true"/>
                </Word>
                <Word id="w_w2aab1c11b2b5b5ad137" language="English" custom="readingOrder {index:11;}">
                    <Coords points="3620,4668 3808,4668 3808,4786 3620,4786"/>
                    <TextEquiv>
                        <Unicode>fur-</Unicode>
                    </TextEquiv>
                    <TextStyle fontFamily="Times New Roman" fontSize="13.0" italic="true"/>
                </Word>
                <TextEquiv>
                    <Unicode>verſation des honneſtes gens, furent ſans doute cauſe de ce bonheur ſur¬</Unicode>
                </TextEquiv>
                <TextStyle fontFamily="Times New Roman" fontSize="13.0" italic="true"/>
            </TextLine>
            <TextLine id="tl_24" primaryLanguage="English" custom="readingOrder {index:3;}">
                <Coords points="750,4778 3806,4778 3806,4907 750,4907"/>
                <Baseline points="750,4898 1118,4876 1290,4863 1418,4867 1642,4863 1846,4868 1968,4868 2230,4870 2462,4870 2796,4871 3126,4871 3316,4872 3806,4877"/>
                <Word id="w_w2aab1c11b2b5b7ab1" language="English" custom="readingOrder {index:0;}">
                    <Coords points="750,4802 1118,4802 1118,4898 750,4898"/>
                    <TextEquiv>
                        <Unicode>prenant,</Unicode>
                    </TextEquiv>
                    <TextStyle fontFamily="Times New Roman" fontSize="13.0" italic="true"/>
                </Word>
                <Word id="w_w2aab1c11b2b5b7ac19" language="English" custom="readingOrder {index:1;}">
                    <Coords points="1146,4785 1290,4785 1290,4901 1146,4901"/>
                    <TextEquiv>
                        <Unicode>qui</Unicode>
                    </TextEquiv>
                    <TextStyle fontFamily="Times New Roman" fontSize="13.0" italic="true"/>
                </Word>
                <Word id="w_w2aab1c11b2b5b7ac27" language="English" custom="readingOrder {index:2;}">
                    <Coords points="1304,4785 1418,4785 1418,4897 1304,4897"/>
                    <TextEquiv>
                        <Unicode>fit</Unicode>
                    </TextEquiv>
                    <TextStyle fontFamily="Times New Roman" fontSize="13.0" italic="true"/>
                </Word>
                <Word id="w_w2aab1c11b2b5b7ac35" language="English" custom="readingOrder {index:3;}">
                    <Coords points="1448,4781 1642,4781 1642,4867 1448,4867"/>
                    <TextEquiv>
                        <Unicode>alors</Unicode>
                    </TextEquiv>
                    <TextStyle fontFamily="Times New Roman" fontSize="13.0" italic="true"/>
                </Word>
                <Word id="w_w2aab1c11b2b5b7ac47" language="English" custom="readingOrder {index:4;}">
                    <Coords points="1672,4805 1846,4805 1846,4868 1672,4868"/>
                    <TextEquiv>
                        <Unicode>tant</Unicode>
                    </TextEquiv>
                    <TextStyle fontFamily="Times New Roman" fontSize="13.0" italic="true"/>
                </Word>
                <Word id="w_w2aab1c11b2b5b7ac57" language="English" custom="readingOrder {index:5;}">
                    <Coords points="1870,4784 1968,4784 1968,4868 1870,4868"/>
                    <TextEquiv>
                        <Unicode>de</Unicode>
                    </TextEquiv>
                    <TextStyle fontFamily="Times New Roman" fontSize="13.0" italic="true"/>
                </Word>
                <Word id="w_w2aab1c11b2b5b7ac63" language="English" custom="readingOrder {index:6;}">
                    <Coords points="2004,4780 2230,4780 2230,4870 2004,4870"/>
                    <TextEquiv>
                        <Unicode>bruit.</Unicode>
                    </TextEquiv>
                    <TextStyle fontFamily="Times New Roman" fontSize="13.0" italic="true"/>
                </Word>
                <Word id="w_w2aab1c11b2b5b7ac77" language="English" custom="readingOrder {index:7;}">
                    <Coords points="2336,4788 2462,4788 2462,4870 2336,4870"/>
                    <TextEquiv>
                        <Unicode>On</Unicode>
                    </TextEquiv>
                    <TextStyle fontFamily="Times New Roman" fontSize="13.0" italic="true"/>
                </Word>
                <Word id="w_w2aab1c11b2b5b7ac83" language="English" custom="readingOrder {index:8;}">
                    <Coords points="2492,4793 2796,4793 2796,4871 2492,4871"/>
                    <TextEquiv>
                        <Unicode>n’avoit</Unicode>
                    </TextEquiv>
                    <TextStyle fontFamily="Times New Roman" fontSize="13.0" italic="true"/>
                </Word>
                <Word id="w_w2aab1c11b2b5b7ac99" language="English" custom="readingOrder {index:9;}">
                    <Coords points="2828,4797 3126,4797 3126,4897 2828,4897"/>
                    <TextEquiv>
                        <Unicode>jamais</Unicode>
                    </TextEquiv>
                    <TextStyle fontFamily="Times New Roman" fontSize="13.0" italic="true"/>
                </Word>
                <Word id="w_w2aab1c11b2b5b7ad113" language="English" custom="readingOrder {index:10;}">
                    <Coords points="3158,4824 3316,4824 3316,4876 3158,4876"/>
                    <TextEquiv>
                        <Unicode>veu</Unicode>
                    </TextEquiv>
                    <TextStyle fontFamily="Times New Roman" fontSize="13.0" italic="true"/>
                </Word>
                <Word id="w_w2aab1c11b2b5b7ad121" language="English" custom="readingOrder {index:11;}">
                    <Coords points="3344,4788 3806,4788 3806,4906 3344,4906"/>
                    <TextEquiv>
                        <Unicode>jusques-la</Unicode>
                    </TextEquiv>
                    <TextStyle fontFamily="Times New Roman" fontSize="13.0" italic="true"/>
                </Word>
                <TextEquiv>
                    <Unicode>prenant, qui fit alors tant de bruit. On n’avoit jamais veu jusques-là</Unicode>
                </TextEquiv>
                <TextStyle fontFamily="Times New Roman" fontSize="13.0" italic="true"/>
            </TextLine>
            <TextLine id="tl_25" primaryLanguage="English" custom="readingOrder {index:4;}">
                <Coords points="751,4892 3804,4892 3804,5039 751,5039"/>
                <Baseline points="751,5012 898,4980 1016,4980 1404,4985 1554,5019 1726,4983 1946,4988 2498,4993 2962,5009 3160,4996 3354,4996 3506,4992 3804,4997"/>
                <Word id="w_w2aab1c11b2b5b9ab1" language="English" custom="readingOrder {index:0;}">
                    <Coords points="751,4926 898,4926 898,5012 751,5012"/>
                    <TextEquiv>
                        <Unicode>que</Unicode>
                    </TextEquiv>
                    <TextStyle fontFamily="Times New Roman" fontSize="13.0" italic="true"/>
                </Word>
                <Word id="w_w2aab1c11b2b5b9ab9" language="English" custom="readingOrder {index:1;}">
                    <Coords points="931,4896 1016,4896 1016,4980 931,4980"/>
                    <TextEquiv>
                        <Unicode>la</Unicode>
                    </TextEquiv>
                    <TextStyle fontFamily="Times New Roman" fontSize="13.0" italic="true"/>
                </Word>
                <Word id="w_w2aab1c11b2b5b9ac15" language="English" custom="readingOrder {index:2;}">
                    <Coords points="1047,4893 1404,4893 1404,4987 1047,4987"/>
                    <TextEquiv>
                        <Unicode>Comedie</Unicode>
                    </TextEquiv>
                    <TextStyle fontFamily="Times New Roman" fontSize="13.0" italic="true"/>
                </Word>
                <Word id="w_w2aab1c11b2b5b9ac31" language="English" custom="readingOrder {index:3;}">
                    <Coords points="1417,4905 1554,4905 1554,5019 1417,5019"/>
                    <TextEquiv>
                        <Unicode>fifi</Unicode>
                    </TextEquiv>
                    <TextStyle fontFamily="Times New Roman" fontSize="13.0" italic="true"/>
                </Word>
                <Word id="w_w2aab1c11b2b5b9ac41" language="English" custom="readingOrder {index:4;}">
                    <Coords points="1577,4935 1726,4935 1726,4987 1577,4987"/>
                    <TextEquiv>
                        <Unicode>rire</Unicode>
                    </TextEquiv>
                    <TextStyle fontFamily="Times New Roman" fontSize="13.0" italic="true"/>
                </Word>
                <Word id="w_w2aab1c11b2b5b9ac51" language="English" custom="readingOrder {index:5;}">
                    <Coords points="1759,4905 1946,4905 1946,5018 1759,5018"/>
                    <TextEquiv>
                        <Unicode>fans</Unicode>
                    </TextEquiv>
                    <TextStyle fontFamily="Times New Roman" fontSize="13.0" italic="true"/>
                </Word>
                <Word id="w_w2aab1c11b2b5b9ac61" language="English" custom="readingOrder {index:6;}">
                    <Coords points="1987,4910 2498,4910 2498,5036 1987,5036"/>
                    <TextEquiv>
                        <Unicode>Perfonnages</Unicode>
                    </TextEquiv>
                    <TextStyle fontFamily="Times New Roman" fontSize="13.0" italic="true"/>
                </Word>
                <Word id="w_w2aab1c11b2b5b9ac85" language="English" custom="readingOrder {index:7;}">
                    <Coords points="2543,4905 2962,4905 2962,5009 2543,5009"/>
                    <TextEquiv>
                        <Unicode>ridicules,</Unicode>
                    </TextEquiv>
                    <TextStyle fontFamily="Times New Roman" fontSize="13.0" italic="true"/>
                </Word>
                <Word id="w_w2aab1c11b2b5b9ad107" language="English" custom="readingOrder {index:8;}">
                    <Coords points="3013,4909 3160,4909 3160,4997 3013,4997"/>
                    <TextEquiv>
                        <Unicode>tels</Unicode>
                    </TextEquiv>
                    <TextStyle fontFamily="Times New Roman" fontSize="13.0" italic="true"/>
                </Word>
                <Word id="w_w2aab1c11b2b5b9ad117" language="English" custom="readingOrder {index:9;}">
                    <Coords points="3203,4944 3354,4944 3354,5030 3203,5030"/>
                    <TextEquiv>
                        <Unicode>que</Unicode>
                    </TextEquiv>
                    <TextStyle fontFamily="Times New Roman" fontSize="13.0" italic="true"/>
                </Word>
                <Word id="w_w2aab1c11b2b5b9ad125" language="English" custom="readingOrder {index:10;}">
                    <Coords points="3395,4910 3506,4910 3506,4996 3395,4996"/>
                    <TextEquiv>
                        <Unicode>les</Unicode>
                    </TextEquiv>
                    <TextStyle fontFamily="Times New Roman" fontSize="13.0" italic="true"/>
                </Word>
                <Word id="w_w2aab1c11b2b5b9ad133" language="English" custom="readingOrder {index:11;}">
                    <Coords points="3535,4910 3804,4910 3804,5000 3535,5000"/>
                    <TextEquiv>
                        <Unicode>valets</Unicode>
                    </TextEquiv>
                    <TextStyle fontFamily="Times New Roman" fontSize="13.0" italic="true"/>
                </Word>
                <TextEquiv>
                    <Unicode>que la Comedie fiſt rire ſans Perſonnages ridicules, tels que les valets</Unicode>
                </TextEquiv>
                <TextStyle fontFamily="Times New Roman" fontSize="13.0" italic="true"/>
            </TextLine>
            <TextLine id="tl_26" primaryLanguage="English" custom="readingOrder {index:5;}">
                <Coords points="749,5006 3811,5006 3811,5153 749,5153"/>
                <Baseline points="749,5104 1105,5118 1243,5105 1355,5105 1623,5105 1709,5117 1851,5108 2087,5108 2321,5126 2467,5113 2923,5131 3119,5113 3509,5152 3811,5119"/>
                <Word id="w_w2aab1c11b2b5c11ab1" language="English" custom="readingOrder {index:0;}">
                    <Coords points="749,5012 1105,5012 1105,5134 749,5134"/>
                    <TextEquiv>
                        <Unicode>boufons,</Unicode>
                    </TextEquiv>
                    <TextStyle fontFamily="Times New Roman" fontSize="13.0" italic="true"/>
                </Word>
                <Word id="w_w2aab1c11b2b5c11ac19" language="English" custom="readingOrder {index:1;}">
                    <Coords points="1139,5021 1243,5021 1243,5105 1139,5105"/>
                    <TextEquiv>
                        <Unicode>les</Unicode>
                    </TextEquiv>
                    <TextStyle fontFamily="Times New Roman" fontSize="13.0" italic="true"/>
                </Word>
                <Word id="w_w2aab1c11b2b5c11ac27" language="English" custom="readingOrder {index:2;}">
                    <Coords points="1277,5025 1355,5025 1355,5105 1277,5105"/>
                    <TextEquiv>
                        <Unicode>P</Unicode>
                    </TextEquiv>
                    <TextStyle fontFamily="Times New Roman" fontSize="13.0" italic="true"/>
                </Word>
                <Word id="w_w2aab1c11b2b5c11ac31" language="English" custom="readingOrder {index:3;}">
                    <Coords points="1359,5025 1623,5025 1623,5135 1359,5135"/>
                    <TextEquiv>
                        <Unicode>arafite</Unicode>
                    </TextEquiv>
                    <TextStyle fontFamily="Times New Roman" fontSize="13.0" italic="true"/>
                </Word>
                <Word id="w_w2aab1c11b2b5c11ac47" language="English" custom="readingOrder {index:4;}">
                    <Coords points="1625,5059 1709,5059 1709,5117 1625,5117"/>
                    <TextEquiv>
                        <Unicode>s,</Unicode>
                    </TextEquiv>
                    <TextStyle fontFamily="Times New Roman" fontSize="13.0" italic="true"/>
                </Word>
                <Word id="w_w2aab1c11b2b5c11ac53" language="English" custom="readingOrder {index:5;}">
                    <Coords points="1745,5021 1851,5021 1851,5108 1745,5108"/>
                    <TextEquiv>
                        <Unicode>les</Unicode>
                    </TextEquiv>
                    <TextStyle fontFamily="Times New Roman" fontSize="13.0" italic="true"/>
                </Word>
                <Word id="w_w2aab1c11b2b5c11ac61" language="English" custom="readingOrder {index:6;}">
                    <Coords points="1887,5030 2087,5030 2087,5144 1887,5144"/>
                    <TextEquiv>
                        <Unicode>Capi</Unicode>
                    </TextEquiv>
                    <TextStyle fontFamily="Times New Roman" fontSize="13.0" italic="true"/>
                </Word>
                <Word id="w_w2aab1c11b2b5c11ac71" language="English" custom="readingOrder {index:7;}">
                    <Coords points="2089,5052 2321,5052 2321,5126 2089,5126"/>
                    <TextEquiv>
                        <Unicode>tans,</Unicode>
                    </TextEquiv>
                    <TextStyle fontFamily="Times New Roman" fontSize="13.0" italic="true"/>
                </Word>
                <Word id="w_w2aab1c11b2b5c11ac83" language="English" custom="readingOrder {index:8;}">
                    <Coords points="2357,5008 2467,5008 2467,5113 2357,5113"/>
                    <TextEquiv>
                        <Unicode>Tes</Unicode>
                    </TextEquiv>
                    <TextStyle fontFamily="Times New Roman" fontSize="13.0" italic="true"/>
                </Word>
                <Word id="w_w2aab1c11b2b5c11ac91" language="English" custom="readingOrder {index:9;}">
                    <Coords points="2495,5035 2923,5035 2923,5131 2495,5131"/>
                    <TextEquiv>
                        <Unicode>Docteurs,</Unicode>
                    </TextEquiv>
                    <TextStyle fontFamily="Times New Roman" fontSize="13.0" italic="true"/>
                </Word>
                <Word id="w_w2aab1c11b2b5c11ad111" language="English" custom="readingOrder {index:10;}">
                    <Coords points="2961,5029 3119,5029 3119,5125 2961,5125"/>
                    <TextEquiv>
                        <Unicode>(fie.</Unicode>
                    </TextEquiv>
                    <TextStyle fontFamily="Times New Roman" fontSize="13.0" italic="true"/>
                </Word>
                <Word id="w_w2aab1c11b2b5c11ad123" language="English" custom="readingOrder {index:11;}">
                    <Coords points="3195,5030 3509,5030 3509,5152 3195,5152"/>
                    <TextEquiv>
                        <Unicode>Celle-cy</Unicode>
                    </TextEquiv>
                    <TextStyle fontFamily="Times New Roman" fontSize="13.0" italic="true"/>
                </Word>
                <Word id="w_w2aab1c11b2b5c11ad141" language="English" custom="readingOrder {index:12;}">
                    <Coords points="3527,5034 3811,5034 3811,5152 3527,5152"/>
                    <TextEquiv>
                        <Unicode>faifiit</Unicode>
                    </TextEquiv>
                    <TextStyle fontFamily="Times New Roman" fontSize="13.0" italic="true"/>
                </Word>
                <TextEquiv>
                    <Unicode>boufons, les Paraſites, les Capitans, les Docteurs, &amp;c. Celle-cy faiſoit</Unicode>
                </TextEquiv>
                <TextStyle fontFamily="Times New Roman" fontSize="13.0" italic="true"/>
            </TextLine>
            <TextLine id="tl_27" primaryLanguage="English" custom="readingOrder {index:6;}">
                <Coords points="729,5138 3803,5138 3803,5273 729,5273"/>
                <Baseline points="729,5256 873,5224 1069,5224 1247,5225 1657,5229 1979,5230 2111,5230 2327,5234 2589,5233 3023,5233 3173,5234 3447,5238 3577,5238 3803,5239"/>
                <Word id="w_w2aab1c11b2b5c13ab1" language="English" custom="readingOrder {index:0;}">
                    <Coords points="729,5142 873,5142 873,5256 729,5256"/>
                    <TextEquiv>
                        <Unicode>fin</Unicode>
                    </TextEquiv>
                    <TextStyle fontFamily="Times New Roman" fontSize="13.0" italic="true"/>
                </Word>
                <Word id="w_w2aab1c11b2b5c13ab9" language="English" custom="readingOrder {index:1;}">
                    <Coords points="909,5138 1069,5138 1069,5262 909,5262"/>
                    <TextEquiv>
                        <Unicode>effet</Unicode>
                    </TextEquiv>
                    <TextStyle fontFamily="Times New Roman" fontSize="13.0" italic="true"/>
                </Word>
                <Word id="w_w2aab1c11b2b5c13ac21" language="English" custom="readingOrder {index:2;}">
                    <Coords points="1091,5166 1247,5166 1247,5259 1091,5259"/>
                    <TextEquiv>
                        <Unicode>par</Unicode>
                    </TextEquiv>
                    <TextStyle fontFamily="Times New Roman" fontSize="13.0" italic="true"/>
                </Word>
                <Word id="w_w2aab1c11b2b5c13ac29" language="English" custom="readingOrder {index:3;}">
                    <Coords points="1277,5139 1657,5139 1657,5229 1277,5229"/>
                    <TextEquiv>
                        <Unicode>l’humeur</Unicode>
                    </TextEquiv>
                    <TextStyle fontFamily="Times New Roman" fontSize="13.0" italic="true"/>
                </Word>
                <Word id="w_w2aab1c11b2b5c13ac47" language="English" custom="readingOrder {index:4;}">
                    <Coords points="1685,5146 1979,5146 1979,5252 1685,5252"/>
                    <TextEquiv>
                        <Unicode>enjouée</Unicode>
                    </TextEquiv>
                    <TextStyle fontFamily="Times New Roman" fontSize="13.0" italic="true"/>
                </Word>
                <Word id="w_w2aab1c11b2b5c13ac63" language="English" custom="readingOrder {index:5;}">
                    <Coords points="2021,5146 2111,5146 2111,5230 2021,5230"/>
                    <TextEquiv>
                        <Unicode>de</Unicode>
                    </TextEquiv>
                    <TextStyle fontFamily="Times New Roman" fontSize="13.0" italic="true"/>
                </Word>
                <Word id="w_w2aab1c11b2b5c13ac69" language="English" custom="readingOrder {index:6;}">
                    <Coords points="2139,5180 2327,5180 2327,5268 2139,5268"/>
                    <TextEquiv>
                        <Unicode>gens</Unicode>
                    </TextEquiv>
                    <TextStyle fontFamily="Times New Roman" fontSize="13.0" italic="true"/>
                </Word>
                <Word id="w_w2aab1c11b2b5c13ac79" language="English" custom="readingOrder {index:7;}">
                    <Coords points="2363,5150 2589,5150 2589,5234 2363,5234"/>
                    <TextEquiv>
                        <Unicode>d’une</Unicode>
                    </TextEquiv>
                    <TextStyle fontFamily="Times New Roman" fontSize="13.0" italic="true"/>
                </Word>
                <Word id="w_w2aab1c11b2b5c13ac91" language="English" custom="readingOrder {index:8;}">
                    <Coords points="2637,5151 3023,5151 3023,5237 2637,5237"/>
                    <TextEquiv>
                        <Unicode>condition</Unicode>
                    </TextEquiv>
                    <TextStyle fontFamily="Times New Roman" fontSize="13.0" italic="true"/>
                </Word>
                <Word id="w_w2aab1c11b2b5c13ad111" language="English" custom="readingOrder {index:9;}">
                    <Coords points="3069,5185 3173,5185 3173,5234 3069,5234"/>
                    <TextEquiv>
                        <Unicode>au</Unicode>
                    </TextEquiv>
                    <TextStyle fontFamily="Times New Roman" fontSize="13.0" italic="true"/>
                </Word>
                <Word id="w_w2aab1c11b2b5c13ad117" language="English" custom="readingOrder {index:10;}">
                    <Coords points="3211,5154 3447,5154 3447,5272 3211,5272"/>
                    <TextEquiv>
                        <Unicode>défias</Unicode>
                    </TextEquiv>
                    <TextStyle fontFamily="Times New Roman" fontSize="13.0" italic="true"/>
                </Word>
                <Word id="w_w2aab1c11b2b5c13ad131" language="English" custom="readingOrder {index:11;}">
                    <Coords points="3479,5154 3577,5154 3577,5238 3479,5238"/>
                    <TextEquiv>
                        <Unicode>de</Unicode>
                    </TextEquiv>
                    <TextStyle fontFamily="Times New Roman" fontSize="13.0" italic="true"/>
                </Word>
                <Word id="w_w2aab1c11b2b5c13ad137" language="English" custom="readingOrder {index:12;}">
                    <Coords points="3607,5186 3803,5186 3803,5242 3607,5242"/>
                    <TextEquiv>
                        <Unicode>ceux</Unicode>
                    </TextEquiv>
                    <TextStyle fontFamily="Times New Roman" fontSize="13.0" italic="true"/>
                </Word>
                <TextEquiv>
                    <Unicode>ſon effet par l’humeur enjoüée de gens d’une condition au deſſus de ceux</Unicode>
                </TextEquiv>
                <TextStyle fontFamily="Times New Roman" fontSize="13.0" italic="true"/>
            </TextLine>
            <TextLine id="tl_28" primaryLanguage="English" custom="readingOrder {index:7;}">
                <Coords points="751,5262 3799,5262 3799,5398 751,5398"/>
                <Baseline points="751,5376 967,5346 1165,5347 1405,5345 1545,5345 1933,5350 1973,5350 2083,5350 2403,5350 2535,5363 2653,5355 3071,5371 3247,5358 3631,5358 3799,5358"/>
                <Word id="w_w2aab1c11b2b5c15ab1" language="English" custom="readingOrder {index:0;}">
                    <Coords points="751,5292 967,5292 967,5376 751,5376"/>
                    <TextEquiv>
                        <Unicode>quon</Unicode>
                    </TextEquiv>
                    <TextStyle fontFamily="Times New Roman" fontSize="13.0" italic="true"/>
                </Word>
                <Word id="w_w2aab1c11b2b5c15ac11" language="English" custom="readingOrder {index:1;}">
                    <Coords points="999,5289 1165,5289 1165,5347 999,5347"/>
                    <TextEquiv>
                        <Unicode>voit</Unicode>
                    </TextEquiv>
                    <TextStyle fontFamily="Times New Roman" fontSize="13.0" italic="true"/>
                </Word>
                <Word id="w_w2aab1c11b2b5c15ac21" language="English" custom="readingOrder {index:2;}">
                    <Coords points="1203,5267 1405,5267 1405,5349 1203,5349"/>
                    <TextEquiv>
                        <Unicode>dans</Unicode>
                    </TextEquiv>
                    <TextStyle fontFamily="Times New Roman" fontSize="13.0" italic="true"/>
                </Word>
                <Word id="w_w2aab1c11b2b5c15ac31" language="English" custom="readingOrder {index:3;}">
                    <Coords points="1439,5263 1545,5263 1545,5345 1439,5345"/>
                    <TextEquiv>
                        <Unicode>les</Unicode>
                    </TextEquiv>
                    <TextStyle fontFamily="Times New Roman" fontSize="13.0" italic="true"/>
                </Word>
                <Word id="w_w2aab1c11b2b5c15ac39" language="English" custom="readingOrder {index:4;}">
                    <Coords points="1577,5268 1933,5268 1933,5350 1577,5350"/>
                    <TextEquiv>
                        <Unicode>Comedie</Unicode>
                    </TextEquiv>
                    <TextStyle fontFamily="Times New Roman" fontSize="13.0" italic="true"/>
                </Word>
                <Word id="w_w2aab1c11b2b5c15ac55" language="English" custom="readingOrder {index:5;}">
                    <Coords points="1935,5302 1973,5302 1973,5350 1935,5350"/>
                    <TextEquiv>
                        <Unicode>s</Unicode>
                    </TextEquiv>
                    <TextStyle fontFamily="Times New Roman" fontSize="13.0" italic="true"/>
                </Word>
                <Word id="w_w2aab1c11b2b5c15ac59" language="English" custom="readingOrder {index:6;}">
                    <Coords points="1995,5268 2083,5268 2083,5350 1995,5350"/>
                    <TextEquiv>
                        <Unicode>de</Unicode>
                    </TextEquiv>
                    <TextStyle fontFamily="Times New Roman" fontSize="13.0" italic="true"/>
                </Word>
                <Word id="w_w2aab1c11b2b5c15ac65" language="English" custom="readingOrder {index:7;}">
                    <Coords points="2109,5268 2403,5268 2403,5354 2109,5354"/>
                    <TextEquiv>
                        <Unicode>Plaute</Unicode>
                    </TextEquiv>
                    <TextStyle fontFamily="Times New Roman" fontSize="13.0" italic="true"/>
                </Word>
                <Word id="w_w2aab1c11b2b5c15ac79" language="English" custom="readingOrder {index:8;}">
                    <Coords points="2435,5271 2535,5271 2535,5363 2435,5363"/>
                    <TextEquiv>
                        <Unicode>(fi</Unicode>
                    </TextEquiv>
                    <TextStyle fontFamily="Times New Roman" fontSize="13.0" italic="true"/>
                </Word>
                <Word id="w_w2aab1c11b2b5c15ac87" language="English" custom="readingOrder {index:9;}">
                    <Coords points="2557,5273 2653,5273 2653,5355 2557,5355"/>
                    <TextEquiv>
                        <Unicode>de</Unicode>
                    </TextEquiv>
                    <TextStyle fontFamily="Times New Roman" fontSize="13.0" italic="true"/>
                </Word>
                <Word id="w_w2aab1c11b2b5c15ac93" language="English" custom="readingOrder {index:10;}">
                    <Coords points="2689,5275 3071,5275 3071,5371 2689,5371"/>
                    <TextEquiv>
                        <Unicode>Terence,</Unicode>
                    </TextEquiv>
                    <TextStyle fontFamily="Times New Roman" fontSize="13.0" italic="true"/>
                </Word>
                <Word id="w_w2aab1c11b2b5c15ad111" language="English" custom="readingOrder {index:11;}">
                    <Coords points="3107,5280 3247,5280 3247,5394 3107,5394"/>
                    <TextEquiv>
                        <Unicode>qui</Unicode>
                    </TextEquiv>
                    <TextStyle fontFamily="Times New Roman" fontSize="13.0" italic="true"/>
                </Word>
                <Word id="w_w2aab1c11b2b5c15ad119" language="English" custom="readingOrder {index:12;}">
                    <Coords points="3281,5276 3631,5276 3631,5362 3281,5362"/>
                    <TextEquiv>
                        <Unicode>nétoient</Unicode>
                    </TextEquiv>
                    <TextStyle fontFamily="Times New Roman" fontSize="13.0" italic="true"/>
                </Word>
                <Word id="w_w2aab1c11b2b5c15ad137" language="English" custom="readingOrder {index:13;}">
                    <Coords points="3655,5306 3799,5306 3799,5398 3655,5398"/>
                    <TextEquiv>
                        <Unicode>que</Unicode>
                    </TextEquiv>
                    <TextStyle fontFamily="Times New Roman" fontSize="13.0" italic="true"/>
                </Word>
                <TextEquiv>
                    <Unicode>qu'on voit dans les Comedies de Plaute &amp; de Terence, qui n'étoient que</Unicode>
                </TextEquiv>
                <TextStyle fontFamily="Times New Roman" fontSize="13.0" italic="true"/>
            </TextLine>
            <TextLine id="tl_29" primaryLanguage="English" custom="readingOrder {index:8;}">
                <Coords points="751,5380 3791,5380 3791,5518 751,5518"/>
                <Baseline points="751,5462 887,5462 1441,5467 1797,5470 2001,5470 2255,5488 2601,5475 2777,5475 3269,5480 3425,5484 3635,5484 3791,5462"/>
                <Word id="w_w2aab1c11b2b5c17ab1" language="English" custom="readingOrder {index:0;}">
                    <Coords points="751,5380 887,5380 887,5462 751,5462"/>
                    <TextEquiv>
                        <Unicode>des</Unicode>
                    </TextEquiv>
                    <TextStyle fontFamily="Times New Roman" fontSize="13.0" italic="true"/>
                </Word>
                <Word id="w_w2aab1c11b2b5c17ab9" language="English" custom="readingOrder {index:1;}">
                    <Coords points="919,5383 1441,5383 1441,5471 919,5471"/>
                    <TextEquiv>
                        <Unicode>Marchands.</Unicode>
                    </TextEquiv>
                    <TextStyle fontFamily="Times New Roman" fontSize="13.0" italic="true"/>
                </Word>
                <Word id="w_w2aab1c11b2b5c17ac31" language="English" custom="readingOrder {index:2;}">
                    <Coords points="1531,5391 1797,5391 1797,5471 1531,5471"/>
                    <TextEquiv>
                        <Unicode>&lt;*Avec</Unicode>
                    </TextEquiv>
                    <TextStyle fontFamily="Times New Roman" fontSize="13.0" italic="true"/>
                </Word>
                <Word id="w_w2aab1c11b2b5c17ac45" language="English" custom="readingOrder {index:3;}">
                    <Coords points="1823,5414 2001,5414 2001,5470 1823,5470"/>
                    <TextEquiv>
                        <Unicode>tout</Unicode>
                    </TextEquiv>
                    <TextStyle fontFamily="Times New Roman" fontSize="13.0" italic="true"/>
                </Word>
                <Word id="w_w2aab1c11b2b5c17ac55" language="English" custom="readingOrder {index:4;}">
                    <Coords points="2043,5388 2255,5388 2255,5488 2043,5488"/>
                    <TextEquiv>
                        <Unicode>cela,</Unicode>
                    </TextEquiv>
                    <TextStyle fontFamily="Times New Roman" fontSize="13.0" italic="true"/>
                </Word>
                <Word id="w_w2aab1c11b2b5c17ac67" language="English" custom="readingOrder {index:5;}">
                    <Coords points="2295,5396 2601,5396 2601,5492 2295,5492"/>
                    <TextEquiv>
                        <Unicode>j’avoue</Unicode>
                    </TextEquiv>
                    <TextStyle fontFamily="Times New Roman" fontSize="13.0" italic="true"/>
                </Word>
                <Word id="w_w2aab1c11b2b5c17ac83" language="English" custom="readingOrder {index:6;}">
                    <Coords points="2629,5427 2777,5427 2777,5509 2629,5509"/>
                    <TextEquiv>
                        <Unicode>que</Unicode>
                    </TextEquiv>
                    <TextStyle fontFamily="Times New Roman" fontSize="13.0" italic="true"/>
                </Word>
                <Word id="w_w2aab1c11b2b5c17ac91" language="English" custom="readingOrder {index:7;}">
                    <Coords points="2811,5391 3269,5391 3269,5480 2811,5480"/>
                    <TextEquiv>
                        <Unicode>l’Auditeur</Unicode>
                    </TextEquiv>
                    <TextStyle fontFamily="Times New Roman" fontSize="13.0" italic="true"/>
                </Word>
                <Word id="w_w2aab1c11b2b5c17ad113" language="English" custom="readingOrder {index:8;}">
                    <Coords points="3273,5400 3425,5400 3425,5518 3273,5518"/>
                    <TextEquiv>
                        <Unicode>fut</Unicode>
                    </TextEquiv>
                    <TextStyle fontFamily="Times New Roman" fontSize="13.0" italic="true"/>
                </Word>
                <Word id="w_w2aab1c11b2b5c17ad121" language="English" custom="readingOrder {index:9;}">
                    <Coords points="3465,5396 3635,5396 3635,5484 3465,5484"/>
                    <TextEquiv>
                        <Unicode>bien</Unicode>
                    </TextEquiv>
                    <TextStyle fontFamily="Times New Roman" fontSize="13.0" italic="true"/>
                </Word>
                <Word id="w_w2aab1c11b2b5c17ad131" language="English" custom="readingOrder {index:10;}">
                    <Coords points="3647,5404 3791,5404 3791,5514 3647,5514"/>
                    <TextEquiv>
                        <Unicode>fa¬</Unicode>
                    </TextEquiv>
                    <TextStyle fontFamily="Times New Roman" fontSize="13.0" italic="true"/>
                </Word>
                <TextEquiv>
                    <Unicode>des Marchands. Avec tout cela, j’avouë que l’Auditeur fut bien fa¬</Unicode>
                </TextEquiv>
                <TextStyle fontFamily="Times New Roman" fontSize="13.0" italic="true"/>
            </TextLine>
            <TextLine id="tl_30" primaryLanguage="English" custom="readingOrder {index:9;}">
                <Coords points="751,5500 3799,5500 3799,5624 751,5624"/>
                <Baseline points="751,5586 887,5586 967,5582 1285,5587 1441,5587 1967,5592 2053,5592 2239,5592 2563,5609 2777,5599 2881,5595 3145,5604 3475,5608 3799,5604"/>
                <Word id="w_w2aab1c11b2b5c19ab1" language="English" custom="readingOrder {index:0;}">
                    <Coords points="751,5500 887,5500 887,5586 751,5586"/>
                    <TextEquiv>
                        <Unicode>cile</Unicode>
                    </TextEquiv>
                    <TextStyle fontFamily="Times New Roman" fontSize="13.0" italic="true"/>
                </Word>
                <Word id="w_w2aab1c11b2b5c19ac11" language="English" custom="readingOrder {index:1;}">
                    <Coords points="915,5500 967,5500 967,5582 915,5582"/>
                    <TextEquiv>
                        <Unicode>d</Unicode>
                    </TextEquiv>
                    <TextStyle fontFamily="Times New Roman" fontSize="13.0" italic="true"/>
                </Word>
                <Word id="w_w2aab1c11b2b5c19ac15" language="English" custom="readingOrder {index:2;}">
                    <Coords points="1001,5504 1285,5504 1285,5587 1001,5587"/>
                    <TextEquiv>
                        <Unicode>donner</Unicode>
                    </TextEquiv>
                    <TextStyle fontFamily="Times New Roman" fontSize="13.0" italic="true"/>
                </Word>
                <Word id="w_w2aab1c11b2b5c19ac29" language="English" custom="readingOrder {index:3;}">
                    <Coords points="1315,5505 1441,5505 1441,5617 1315,5617"/>
                    <TextEquiv>
                        <Unicode>(on</Unicode>
                    </TextEquiv>
                    <TextStyle fontFamily="Times New Roman" fontSize="13.0" italic="true"/>
                </Word>
                <Word id="w_w2aab1c11b2b5c19ac37" language="English" custom="readingOrder {index:4;}">
                    <Coords points="1473,5505 1967,5505 1967,5621 1473,5621"/>
                    <TextEquiv>
                        <Unicode>approbation</Unicode>
                    </TextEquiv>
                    <TextStyle fontFamily="Times New Roman" fontSize="13.0" italic="true"/>
                </Word>
                <Word id="w_w2aab1c11b2b5c19ac61" language="English" custom="readingOrder {index:5;}">
                    <Coords points="2001,5548 2053,5548 2053,5592 2001,5592"/>
                    <TextEquiv>
                        <Unicode>a</Unicode>
                    </TextEquiv>
                    <TextStyle fontFamily="Times New Roman" fontSize="13.0" italic="true"/>
                </Word>
                <Word id="w_w2aab1c11b2b5c19ac65" language="English" custom="readingOrder {index:6;}">
                    <Coords points="2091,5542 2239,5542 2239,5596 2091,5596"/>
                    <TextEquiv>
                        <Unicode>une</Unicode>
                    </TextEquiv>
                    <TextStyle fontFamily="Times New Roman" fontSize="13.0" italic="true"/>
                </Word>
                <Word id="w_w2aab1c11b2b5c19ac73" language="English" custom="readingOrder {index:7;}">
                    <Coords points="2277,5516 2563,5516 2563,5609 2277,5609"/>
                    <TextEquiv>
                        <Unicode>Piece,</Unicode>
                    </TextEquiv>
                    <TextStyle fontFamily="Times New Roman" fontSize="13.0" italic="true"/>
                </Word>
                <Word id="w_w2aab1c11b2b5c19ac87" language="English" custom="readingOrder {index:8;}">
                    <Coords points="2599,5517 2777,5517 2777,5599 2599,5599"/>
                    <TextEquiv>
                        <Unicode>dont</Unicode>
                    </TextEquiv>
                    <TextStyle fontFamily="Times New Roman" fontSize="13.0" italic="true"/>
                </Word>
                <Word id="w_w2aab1c11b2b5c19ac97" language="English" custom="readingOrder {index:9;}">
                    <Coords points="2807,5513 2881,5513 2881,5595 2807,5595"/>
                    <TextEquiv>
                        <Unicode>le</Unicode>
                    </TextEquiv>
                    <TextStyle fontFamily="Times New Roman" fontSize="13.0" italic="true"/>
                </Word>
                <Word id="w_w2aab1c11b2b5c19ad103" language="English" custom="readingOrder {index:10;}">
                    <Coords points="2915,5517 3145,5517 3145,5604 2915,5604"/>
                    <TextEquiv>
                        <Unicode>nœud</Unicode>
                    </TextEquiv>
                    <TextStyle fontFamily="Times New Roman" fontSize="13.0" italic="true"/>
                </Word>
                <Word id="w_w2aab1c11b2b5c19ad113" language="English" custom="readingOrder {index:11;}">
                    <Coords points="3169,5522 3475,5522 3475,5608 3169,5608"/>
                    <TextEquiv>
                        <Unicode>navoit</Unicode>
                    </TextEquiv>
                    <TextStyle fontFamily="Times New Roman" fontSize="13.0" italic="true"/>
                </Word>
                <Word id="w_w2aab1c11b2b5c19ad127" language="English" custom="readingOrder {index:12;}">
                    <Coords points="3501,5552 3799,5552 3799,5604 3501,5604"/>
                    <TextEquiv>
                        <Unicode>aucune</Unicode>
                    </TextEquiv>
                    <TextStyle fontFamily="Times New Roman" fontSize="13.0" italic="true"/>
                </Word>
                <TextEquiv>
                    <Unicode>cile à donner ſon approbation à une Piece, dont le nœud n'avoit aucune</Unicode>
                </TextEquiv>
                <TextStyle fontFamily="Times New Roman" fontSize="13.0" italic="true"/>
            </TextLine>
            <TextEquiv>
                <Unicode>La nouveauté de ce genre de Comedie, dont il n’y a point d’exemple
en aucune Langue, &amp; le ſtile naïf, qui faiſoit une peinture de la con¬
verſation des honneſtes gens, furent ſans doute cauſe de ce bonheur ſur¬
prenant, qui fit alors tant de bruit. On n’avoit jamais veu jusques-là
que la Comedie fiſt rire ſans Perſonnages ridicules, tels que les valets
boufons, les Paraſites, les Capitans, les Docteurs, &amp;c. Celle-cy faiſoit
ſon effet par l’humeur enjoüée de gens d’une condition au deſſus de ceux
qu'on voit dans les Comedies de Plaute &amp; de Terence, qui n'étoient que
des Marchands. Avec tout cela, j’avouë que l’Auditeur fut bien fa¬
cile à donner ſon approbation à une Piece, dont le nœud n'avoit aucune</Unicode>
            </TextEquiv>
        </TextRegion>
        <SeparatorRegion id="r_7" custom="readingOrder {index:9;}">
            <Coords points="2415,2219 3677,2219 3677,2229 2415,2229"/>
        </SeparatorRegion>
        <SeparatorRegion id="r_8" custom="readingOrder {index:10;}">
            <Coords points="931,2223 2323,2223 2323,2233 931,2233"/>
        </SeparatorRegion>
        <SeparatorRegion id="r_9" custom="readingOrder {index:11;}">
            <Coords points="1057,3415 1337,3415 1337,3436 1057,3436"/>
        </SeparatorRegion>
        <SeparatorRegion id="r_10" custom="readingOrder {index:12;}">
            <Coords points="4179,552 4197,552 4197,1122 4179,1122"/>
        </SeparatorRegion>
        <SeparatorRegion id="r_11" custom="readingOrder {index:13;}">
            <Coords points="4181,1728 4193,1728 4193,2050 4181,2050"/>
        </SeparatorRegion>
        <SeparatorRegion id="r_12" custom="readingOrder {index:14;}">
            <Coords points="4180,2458 4190,2458 4190,2746 4180,2746"/>
        </SeparatorRegion>
        <SeparatorRegion id="r_13" custom="readingOrder {index:15;}">
            <Coords points="1422,82 1504,82 1504,86 1422,86"/>
        </SeparatorRegion>
        <SeparatorRegion id="r_14" custom="readingOrder {index:16;}">
            <Coords points="4183,3392 4185,3392 4185,3544 4183,3544"/>
        </SeparatorRegion>
    </Page>
</PcGts>
