4267 6626
3218 474 3307 572 x

1245 420 2437 545 COMEDIE
609 594 762 679 Ces
803 590 1098 710 vifages
1139 587 1420 679 d'éclat
1457 596 1638 679 font
1677 596 1884 685 bons
1925 596 1970 684 à
2011 602 2331 718 cajoler,

604 709 935 799 C’eft-là
972 708 1218 830 qu’un
1252 717 1653 831 apprentif
1688 720 1861 803 doit
1894 720 2310 813 s'instruire
2348 720 2393 808 à
2426 726 2710 843 parler,

603 833 865 918 l’aime
907 829 948 917 à
985 838 1309 952 remplir
1343 837 1439 922 de
1475 838 1659 926 feux
1691 871 1827 925 ma
1859 841 2179 930 bouche
2209 877 2309 929 en
2343 846 2509 933 leur
2545 851 2931 968 prefence,

596 958 714 1037 La
756 957 998 1042 mode
1032 988 1238 1042 nous
1274 953 1546 1076 oblige
1584 957 1629 1045 à
1670 989 1874 1050 cette
1908 966 2520 1084 complaisance,

605 1078 829 1163 Tous
871 1105 993 1163 ces
1031 1074 1383 1163 discours
1419 1087 1515 1162 de
1557 1087 1787 1170 Livre
1821 1084 2029 1171 alors
2063 1087 2241 1175 font
2279 1091 2375 1174 de
2403 1090 2685 1187 faifon,

592 1196 662 1279 Il
692 1195 860 1284 faut
904 1195 1206 1284 feindre
1242 1200 1348 1283 du
1386 1200 1594 1295 mal,
1636 1203 2060 1295 demander
2091 1211 2496 1330 guerifon,

593 1320 929 1404 Donner
971 1319 1093 1405 fur
1129 1321 1201 1404 le
1237 1316 1633 1417 Phcebus,
1674 1356 2115 1442 promettre
2149 1330 2283 1417 des
2323 1334 2715 1429 miracles,

588 1442 804 1526 lurer
845 1437 1092 1559 qu’on
1135 1441 1426 1529 brifera
1453 1471 1720 1534 toutes
1755 1445 2000 1538 fortes
2031 1451 2086 1537 d
2105 1450 2534 1551 obstacles,

586 1561 799 1646 Mais
842 1562 951 1645 du
992 1591 1183 1650 vent
1224 1570 1313 1647 &
1358 1562 1529 1650 cela
1566 1567 1897 1659 doivent
1932 1575 2125 1659 eftre
2154 1602 2335 1663 tout
2372 1608 2508 1663 un.

411 1678 672 1770 ERA.
709 1682 920 1771 Passe
949 1713 1154 1798 pour
1191 1683 1322 1771 des
1355 1683 1690 1775 beautez
1721 1691 1860 1811 qui
1889 1696 2068 1783 font
2097 1696 2292 1784 dans
2321 1696 2392 1788 le
2421 1729 2835 1792 commun.

586 1799 791 1887 C’eft
832 1803 1017 1887 ainfi
1056 1803 1569 1921 qu’autrefois
1610 1811 1975 1938 j’amufay
2010 1821 2418 1920 Crifolite,

583 1925 792 2009 Mais
833 1925 1004 2009 ceft
1041 1924 1336 2010 d’autre
1371 1929 1616 2046 façon
1645 1935 1884 2046 qu’on
1921 1940 2094 2021 doit
2131 1942 2366 2025 servir
2395 1946 2703 2030 Melite.

578 2040 895 2162 Malgré
936 2071 1051 2130 tes
1088 2045 1509 2130 fentimens
1540 2045 1599 2131 il
1636 2080 1771 2137 me
1808 2049 1979 2137 faut
2022 2055 2401 2142 accorder

583 2166 773 2271 Que
815 2166 885 2251 le
923 2165 1331 2254 souverain
1371 2165 1559 2255 bien
1589 2168 1776 2255 n’eft
1813 2170 1996 2292 qu’à
2027 2175 2103 2262 la
2141 2175 2517 2292 posséder.

578 2294 696 2375 Le
730 2287 908 2400 jour
946 2287 1226 2404 quelle
1264 2291 1610 2408 nafquit,
1644 2296 1964 2392 Venus,
1998 2329 2218 2419 quoy
2256 2300 2914 2418 qu’immortelle,

579 2408 821 2497 Pcnfa
859 2413 1161 2497 mourir
1199 2412 1301 2496 de
1333 2409 1585 2500 bonté
1613 2445 1715 2500 en
1753 2417 1827 2503 la
1869 2446 2167 2539 voyant
2205 2421 2258 2505 fi
2307 2420 2547 2522 belle,

578 2536 730 2615 Les
764 2538 1054 2620 Grâces
1100 2529 1140 2615 à
1182 2528 1434 2654 l’envy
1472 2536 2012 2629 descendirent
2054 2541 2188 2628 des
2218 2545 2474 2633 Cieux

579 2654 795 2738 Pour
825 2654 899 2737 fe
933 2653 1239 2740 donner
1277 2653 1697 2746 l’honneur
1735 2659 2387 2789 d’accompagner
2425 2671 2533 2760 fes
2576 2704 2815 2792 yeux,

578 2778 680 2859 Et
720 2772 1080 2862 l’Amour
1121 2778 1262 2891 qui
1304 2809 1404 2861 ne
1441 2778 1580 2896 pût
1617 2808 1874 2872 entrer
1919 2786 2112 2872 dans
2149 2792 2296 2875 fon
2325 2822 2694 2918 courage,

578 2896 895 2983 Voulut
932 2890 1469 2984 obstinément
1500 2898 1731 3022 loger
1768 2903 1895 2992 fur
1932 2908 2081 2996 fon
2118 2912 2400 3036 vifage.

401 3010 536 3100 El
523 3016 624 3100 R.
663 3021 788 3100 Tu
815 3016 892 3104 le
919 3046 1144 3134 prens
1173 3016 1352 3105 d’un
1381 3019 1578 3108 haut
1609 3051 1791 3121 ton,
1829 3033 1914 3112 &
1947 3030 2020 3142 je
2045 3063 2238 3151 croy
2269 3034 2500 3152 qu’au
2527 3036 2806 3125 besoin

582 3142 701 3225 Ce
734 3135 1085 3225 discours
1114 3141 1623 3262 emphatique
1652 3149 1837 3237 iroit
1864 3180 2107 3238 encor
2134 3154 2323 3242 bien
2350 3154 2542 3243 loin.

587 3260 886 3350 Pauvre
929 3287 1239 3358 amant,
1273 3266 1344 3378 je
1371 3293 1452 3350 te
1485 3267 1783 3383 plains,
1825 3274 1966 3392 qui
2007 3305 2108 3362 ne
2153 3274 2346 3393 fçais
2387 3309 2522 3397 pas
2563 3310 2854 3368 encore

586 3382 773 3487 Que
810 3382 991 3471 bien
1022 3381 1313 3501 qu’une
1354 3387 1637 3476 beauté
1674 3395 1956 3479 mérité
1994 3396 2240 3513 qu'on
2278 3396 2608 3500 l’adore,

581 3504 795 3587 Pour
833 3534 929 3587 en
975 3503 1249 3622 perdre
1285 3506 1361 3591 le
1391 3513 1675 3626 gouft,
1717 3546 1831 3597 on
1859 3516 1977 3599 n’a
2007 3516 2190 3629 qu’à
2217 3515 2621 3630 l'époufer.

582 3624 718 3707 Vn
750 3624 930 3708 bien
972 3629 1111 3738 qui
1152 3657 1352 3709 nous
1390 3628 1495 3708 eft
1526 3629 1633 3712 dû
1662 3628 1736 3714 fe
1764 3633 1904 3716 fait
1946 3632 1999 3717 fi
2030 3664 2180 3748 peu
2222 3638 2496 3747 prifer,

583 3746 895 3849 Quune
927 3745 1223 3829 femme
1255 3744 1603 3833 fuft-elle
1635 3776 1853 3836 entre
1885 3779 2145 3837 toutes
2183 3752 2509 3849 choifie,

582 3870 722 3945 On
760 3896 856 3949 en
880 3866 1054 3949 voit
1096 3897 1192 3950 en
1234 3862 1338 3952 fix
1382 3865 1584 3955 mois
1627 3870 1870 3984 passer
1914 3870 1990 3958 la
2024 3873 2396 3962 fantaifie.

587 3983 731 4069 Tel
765 4016 861 4070 au
901 3983 1105 4070 bout
1139 3985 1239 4070 de
1277 4016 1365 4075 ce
1407 4016 1659 4105 temps
1695 3991 1873 4080 n’en
1907 3995 2085 4082 voit
2128 3994 2305 4112 plus
2347 3996 2421 4087 la
2459 3995 2747 4088 beauté

587 4103 934 4215 Qssavec
966 4138 1076 4191 un
1118 4111 1352 4226 esprit
1390 4111 1748 4209 fombre,
1788 4117 2134 4234 inquiet,
2170 4116 2414 4237 agité;

590 4232 719 4313 Au
754 4232 1081 4342 premier
1116 4232 1253 4345 qui
1290 4228 1421 4350 luy
1450 4233 1703 4350 parle,
1746 4267 1853 4320 ou
1894 4263 2081 4350 jette
2118 4236 2305 4328 l’œil
2334 4242 2461 4329 fur
2502 4242 2689 4341 elle,

587 4343 818 4433 Mille
859 4349 1092 4434 sottes
1129 4353 1474 4467 frayeurs
1509 4352 1646 4472 luy
1683 4354 2120 4446 brouillent
2165 4358 2242 4447 la
2283 4364 2616 4451 cervelle
2635 4409 2660 4467 ;

590 4474 713 4553 Ce
742 4466 921 4553 n’eft
958 4466 1129 4584 plus
1160 4469 1323 4556 lors
1356 4470 1641 4588 qu’une
1678 4478 1849 4566 aide
1880 4478 1927 4566 à
1958 4482 2151 4566 faire
2182 4513 2293 4565 un
2326 4482 2636 4604 favory,

591 4590 728 4673 Vn
767 4586 1082 4675 charme
1113 4620 1318 4703 pour
1355 4617 1538 4679 tout
1583 4625 1802 4683 autre
1833 4607 1918 4686 Le
1951 4632 2120 4688 non
2153 4633 2358 4717 pour
2407 4639 2518 4692 un
2551 4638 2789 4730 mary.

418 4707 684 4795 ERA.
712 4715 869 4795 Ces
906 4711 1239 4824 caprices
1274 4710 1672 4808 honteux,
1714 4720 1797 4799 &
1838 4753 1961 4809 ces
1994 4723 2375 4812 chimères
2400 4729 2665 4817 vaines

591 4836 722 4917 Ne
755 4832 1200 4946 fçauroient
1239 4832 1590 4924 ébranler
1627 4836 1762 4920 des
1795 4845 2159 4930 cervelles
2205 4847 2391 4933 bien
2437 4849 2711 4941 faines.

600 4956 696 5037 Et
734 4957 1192 5071 quiconque
1230 4984 1274 5040 a
1312 4957 1490 5042 feeu
1524 4958 1852 5075 prendre
1890 4992 2046 5049 une
2080 4966 2240 5050 fille
2270 4966 2740 5066 d’honneur,

601 5069 747 5156 N’a
785 5079 1007 5188 point
1045 5070 1094 5161 à
1127 5074 1489 5163 redouter
1533 5079 1813 5196 l’appas
1851 5078 2033 5166 d’un
2067 5082 2525 5171 suborneur.

424 5189 650 5279 TIR.
682 5193 1110 5281 Peut-eftre
1144 5199 1390 5282 dis-tu
1428 5228 1662 5317 vray,
1700 5203 1896 5288 mais
1938 5232 2024 5291 ce
2058 5204 2292 5291 choix
2330 5203 2654 5295 difficile

609 5311 839 5400 Assez
871 5319 955 5399 Le
997 5342 1175 5434 trop
1213 5320 1351 5403 fou
1359 5350 1545 5408 vent
1579 5345 1891 5437 trompe
1923 5324 1995 5408 le
2028 5324 2201 5442 plus
2227 5325 2529 5422 habile,

608 5440 710 5515 Et
742 5428 1114 5545 l’Hymen
1158 5437 1252 5524 de
1286 5441 1758 5558 foy-mefme
1796 5443 1900 5527 eft
1934 5476 2042 5529 un
2080 5444 2134 5528 fi
2170 5444 2404 5533 lourd
2434 5445 2776 5546 fardeau,

616 5551 831 5657 QssU
863 5553 1033 5641 f»ut
1067 5553 1641 5674 l’apprchender
1683 5562 1731 5649 à
1768 5557 1995 5684 l'égal
2028 5565 2137 5654 du
2170 5566 2569 5659 tombeau.

2657 5691 2734 5770 A
2822 5677 2902 5787 iij
