4267 6735
1006 336 1131 459 ^
1874 343 2055 445 M
2134 335 3034 474 ELITE,

1571 602 2808 789 SCENE
3083 619 3295 784 V-

1000 931 1205 1040 TI
1216 937 1433 1043 RC
1452 939 1709 1065 IS,
1820 938 2169 1045 PHI
2188 940 2601 1050 LAN
2616 942 2993 1044 DRE
3044 1022 3081 1071 ,
3204 952 3856 1070 CLORIS.

990 1259 1221 1348 TIR.
2644 1267 2677 1348 I
2714 1262 2869 1378 j’en
2902 1294 3097 1388 croy
3132 1268 3646 1392 l’apparence,

1175 1389 1392 1471 Mon
1431 1382 1726 1476 arrivée
1763 1391 1892 1510 icy
1925 1386 2072 1475 fait
2109 1386 2458 1507 quelque
2499 1416 3111 1509 contre-temps.

986 1507 1230 1595 PHI.
1280 1512 1463 1619 Que
1504 1509 1661 1598 t’en
1694 1512 2036 1608 semble,
2074 1513 2373 1599 Tircis?
2434 1513 2664 1603 TIR.
2710 1522 2795 1598 le
2828 1548 3033 1604 vous
3070 1547 3229 1639 voy
3262 1517 3317 1606 fi
3350 1552 3712 1628 contens,

1171 1635 1334 1738 QA
1343 1637 1384 1721 à
1413 1666 1515 1721 ne
1551 1666 1755 1725 vous
1789 1638 1961 1722 rien
1995 1632 2199 1722 celer
2233 1637 2629 1725 touchant
2667 1670 2755 1724 ce
2785 1636 2976 1755 qu’il
3013 1671 3141 1726 me
3171 1640 3471 1737 semble

1166 1759 1304 1838 Du
1342 1757 1966 1848 divertiffement
1999 1789 2158 1878 que
2188 1790 2396 1847 vous
2433 1758 2742 1878 preniés
2780 1763 3216 1861 ensemble,

1163 1877 1299 1962 De
1324 1882 1593 1963 moins
1618 1881 1949 1967 sorciers
1982 1908 2141 1998 que
2175 1912 2369 1997 moy
2404 1886 2879 1998 pourroicnt
2916 1882 3107 1975 bien
3144 1890 3465 1980 deviner

1157 2000 1440 2106 Qufun
1477 1996 1874 2089 troifiéme
1911 2031 2016 2089 ne
2051 2000 2198 2089 fait
2231 2034 2392 2120 que
2429 2038 2642 2094 vous
2671 2008 3203 2129 importuner.

974 2121 1230 2208 CLO.
1290 2126 1423 2244 Dy
1464 2152 1555 2212 ce
1584 2156 1743 2244 que
1780 2153 1871 2212 tu
1908 2122 2294 2220 voudras,
2336 2158 2489 2216 nos
2526 2130 2709 2220 feux
2746 2131 2971 2221 n'ont
3010 2136 3243 2255 point
3276 2135 3375 2224 de
3412 2144 3720 2244 crimes.

1153 2255 1259 2336 Et
1295 2276 1501 2367 pour
1543 2245 2137 2369 t’apprehender
2179 2249 2277 2337 ils
2311 2250 2493 2340 font
2535 2284 2715 2374 trop
2755 2254 3185 2380 légitimés,

1154 2372 1340 2458 Puis
1373 2368 1620 2494 qu’un
1658 2376 1988 2493 Hymen
2018 2371 2231 2465 sacré
2263 2382 2566 2492 promis
2600 2411 2730 2466 ces
2763 2381 2988 2497 jours
3025 2384 3282 2502 pafTez

1159 2499 1361 2581 Sous
1399 2521 1547 2585 ton
1593 2499 2203 2590 consentement
2245 2500 2353 2586 les
2390 2500 2795 2593 authorife
2832 2504 3059 2595 assez.

969 2613 1200 2703 TIR.
1263 2622 1406 2703 Ou
1439 2618 1514 2734 je
1539 2649 1620 2708 te
1657 2627 2002 2711 connois
2031 2623 2248 2722 mal,
2281 2657 2396 2712 ou
2433 2627 2580 2713 son
2617 2627 2864 2716 heure
2903 2631 3206 2722 tardive

1152 2745 1275 2826 Te
1310 2741 1721 2864 desoblige
1758 2745 1927 2830 fort
1966 2745 2063 2834 de
2106 2780 2199 2835 ce
2236 2745 2527 2864 qu’elle
2566 2749 2922 2839 n’arrive.

965 2863 1192 2949 CLO
1197 2933 1217 2952 .
1259 2872 1376 2949 Ta
1415 2863 1623 2953 belle
1659 2868 2005 2954 humeur
2035 2896 2115 2958 te
2145 2873 2387 2965 tient,
2421 2903 2623 2959 mon
2653 2871 2881 2963 frcre.
2945 2878 3177 2963 TIR.
3223 2886 3799 2978 Affairement.

960 2986 1212 3072 CLO.
1254 2986 1633 3102 Eesujet?
1696 2990 1930 3078 TIR.
1974 2991 2138 3080 I’en
2166 3025 2264 3116 ay
2294 3022 2474 3116 trop
2504 2996 2702 3086 dans
2732 3026 2878 3086 ton
2912 3030 3550 3098 contentement.

961 3109 1213 3194 CLO.
1255 3114 1369 3195 Le
1409 3140 1637 3200 cœur
1675 3108 1835 3203 t’en
1873 3118 1993 3203 dit
2039 3114 2375 3205 ailleurs.
2441 3117 2677 3208 TIR.
2729 3123 2795 3211 Il
2829 3128 2937 3208 eft
2972 3157 3207 3246 vray,
3250 3131 3321 3245 je
3354 3162 3435 3221 te
3474 3135 3667 3252 jure,

1139 3227 1296 3352 l’ay
1323 3267 1480 3325 veu
1513 3237 1936 3361 jenefçay
1969 3244 2278 3361 quoy...
2337 3244 2578 3329 CLO.
2649 3249 2786 3365 Dy
2819 3277 3046 3343 tout,
3079 3250 3154 3364 je
3189 3259 3348 3342 t’en
3381 3262 3737 3374 conjure.

960 3355 1190 3439 TIR.
1232 3362 1387 3443 Ma
1416 3360 1602 3479 foy,
1640 3360 1699 3448 fi
1732 3391 1879 3449 ton
1916 3363 2347 3453 Phiiandre
2380 3368 2607 3456 avoir
2640 3398 2799 3462 yeu
2828 3371 2931 3462 de
2968 3407 3137 3462 mes
3166 3411 3400 3497 yeux,

1139 3485 1296 3564 Tes
1329 3477 1681 3580 affaires,
1719 3517 1852 3576 ma
1885 3490 2145 3585 sœur,
2183 3486 2362 3577 n’en
2395 3495 2689 3580 iroient
2721 3526 3001 3621 gueres
3047 3500 3335 3590 mieux.

952 3600 1194 3685 CLO.
1240 3600 1396 3725 I'ay
1430 3632 1616 3726 trop
1650 3606 1752 3693 de
1784 3609 2053 3700 vanité
2092 3643 2300 3729 pour
2334 3618 2594 3703 croire
2627 3648 2782 3734 que
2814 3618 3242 3711 Phiiandre

1137 3727 1467 3816 Trouve
1501 3758 1751 3817 encor
1781 3762 2001 3848 apres
2039 3766 2237 3852 moy
2270 3737 2413 3852 qui
2456 3741 2699 3852 puifïe
2737 3740 2809 3827 le
2851 3745 3335 3861 surprendre.

946 3849 1186 3935 TIR.
1238 3854 1392 3935 Tes
1433 3853 1752 3940 vanitez
1785 3849 1832 3940 à
1863 3881 2080 3970 part,
2117 3854 2598 3970 repose-t’en
2635 3863 2764 3949 fur
2799 3895 3022 3985 moy,

1136 3973 1325 4080 Que
1360 3972 1555 4064 celle
1592 4004 1747 4094 que
1798 3974 1945 4099 j’ay
1978 3987 2177 4067 veuë
2214 3982 2323 4066 eft
2364 3977 2545 4068 bien
2584 4012 2809 4075 autre
2846 4018 3007 4106 que
3048 4013 3214 4081 tov.

943 4095 1191 4182 PHI.
1249 4096 1480 4184 Parle
1513 4101 1782 4185 mieux
1811 4099 1914 4186 de
1947 4097 2222 4217 l’objet
2259 4104 2466 4191 dont
2509 4140 2712 4195 mon
2745 4144 2918 4199 ame
2957 4113 3064 4199 eft
3095 4121 3335 4216 ravie,

1128 4223 1246 4304 Ce
1284 4218 1778 4339 blasphefme
1816 4217 1861 4308 à
1894 4254 2084 4313 tout
2122 4253 2344 4317 autre
2378 4233 2642 4317 auroit
2684 4232 2919 4322 coûté
2960 4236 3032 4325 la
3070 4240 3220 4330 vie.

947 4337 1189 4427 TIR.
1237 4346 1471 4431 Nous
1505 4346 1979 4436 tomberons
2015 4346 2388 4440 d’accord
2421 4353 2589 4444 fans
2627 4389 2835 4445 nous
2871 4389 3155 4449 mettre
3185 4399 3285 4454 en
3318 4373 3779 4492 pourpoint.

940 4463 1186 4547 CLO.
1232 4474 1502 4554 Encor
1540 4496 1746 4559 cette
1786 4469 2116 4570 beauté,
2150 4503 2248 4561 ne
2286 4474 2360 4563 la
2399 4477 2950 4572 nomme-t’on
2983 4490 3260 4605 point?

942 4587 1181 4672 TIR.
1222 4596 1423 4676 Non
1460 4592 1923 4707 pasfi-toft,
1960 4596 2269 4694 Adieu,
2310 4634 2445 4691 ma
2486 4605 2853 4724 prefence
2890 4614 3347 4729 importune

1123 4715 1240 4798 Te
1279 4710 1490 4800 laifTe
1535 4715 1580 4803 à
1621 4714 1698 4804 la
1745 4750 2018 4839 mercy
2065 4722 2509 4826 d’Amour,
2571 4737 2660 4817 ôc
2697 4736 2796 4821 de
2829 4731 2906 4820 la
2935 4740 3221 4833 Brune,

1124 4837 1589 4927 Continuez
1630 4838 1743 4927 les
1786 4841 1966 4957 jeux
2008 4876 2168 4966 que
2214 4880 2422 4936 vous
2464 4882 2654 4941 avez
2702 4855 3032 4975 quittez.

933 4956 1187 5040 CLO.
1237 4964 1365 5045 Ne
1399 4990 1593 5083 croy
1630 4998 1765 5084 pas
1803 4961 2053 5055 éviter
2097 4999 2265 5058 mes
2303 4974 2923 5092 importunitez;

1118 5083 1260 5164 Ou
1298 5105 1388 5163 tu
1434 5082 1638 5172 diras
1678 5086 1752 5175 le
1790 5121 1992 5177 nom
2036 5092 2132 5181 de
2180 5122 2386 5182 cette
2426 5099 3068 5217 incomparable,

1115 5205 1261 5286 Ou
1302 5201 1375 5317 je
1408 5227 1567 5325 vay*
1593 5209 1695 5290 de
1732 5237 1843 5295 tes
1878 5245 2015 5329 pas
2060 5248 2187 5299 me
2228 5217 2507 5304 rendre
2548 5219 3055 5339 inséparable.

937 5323 1181 5410 TIR.
1227 5320 1296 5409 Il
1333 5319 1516 5412 n’eft
1551 5360 1690 5443 pas
1727 5329 1896 5418 fort
1933 5332 2086 5422 aisé
2121 5337 2558 5426 d’arracher
2597 5371 2686 5426 ce
2723 5344 3009 5439 secret.

1118 5442 1426 5544 Adieu,
1460 5480 1563 5535 ne
1596 5451 1823 5568 perds
1858 5459 2089 5570 point
2128 5463 2408 5579 temps.
2472 5464 2712 5548 CLO.
2758 5469 2839 5549 O
2872 5468 3364 5566 l’amoureux
3398 5477 3712 5572 discret!

1115 5579 1218 5654 Et
1259 5566 1493 5668 bien,
1529 5603 1733 5659 nous
1773 5574 2027 5664 allons
2065 5583 2243 5668 voir
2285 5582 2336 5669 fi
2377 5609 2465 5668 tu
2503 5582 2807 5703 fçauras
2841 5617 2917 5676 te
2947 5595 3159 5681 taire.
