4267 6701
873 459 935 521 I
943 463 997 517 O

1789 415 1965 507 M
2029 407 2127 507 E
2211 411 2309 507 L
2405 415 2477 507 I
2571 401 2689 507 T
2763 407 2861 507 E
2881 489 2917 529 3

1057 599 1153 673 Et
1195 585 1305 673 les
1349 585 1751 673 meilleurs
1781 589 1973 673 amis
2011 585 2175 677 lors
2203 615 2361 709 que
2391 585 2537 673 Ton
2565 585 2701 673 feu
2741 589 2851 673 les
2879 585 3125 703 prette

1057 721 1263 799 Font
1305 711 1695 799 bien-toft
1733 707 1999 805 vanité
2037 711 2427 799 d'oublier
2469 711 2641 799 leur
2679 707 3095 831 promette.

1446 978 2662 1154 SCENE
2922 978 3214 1150 IV

1118 1310 1214 1410 P
1262 1306 1390 1410 H
1438 1310 1658 1402 IL
1714 1306 2022 1410 AN
2058 1306 2174 1410 D
2218 1306 2482 1410 RE
2530 1382 2566 1430 ,
2694 1302 2782 1402 C
2842 1306 2938 1398 L
3014 1306 3094 1398 O
3162 1310 3266 1414 R
3330 1302 3406 1398 I
3458 1298 3562 1410 S.

881 1579 1123 1663 PHI
1179 1579 1273 1805 T
1297 1585 1353 1663 E
1401 1605 1717 1673 meure,
1749 1605 1951 1659 mon
1981 1575 2271 1695 foucy,
2303 1601 2393 1659 tu
2431 1571 2605 1659 dois
2645 1567 2833 1659 bien
2871 1605 2999 1659 me
3029 1571 3235 1669 haïr,

1287 1707 1507 1785 Tous
1545 1729 1717 1785 mes
1749 1697 1961 1785 foins
1989 1697 2261 1817 depuis
2291 1729 2445 1813 peu
2475 1723 2575 1781 ne
2605 1729 2807 1785 vont
2845 1693 3029 1817 qu'à
3059 1723 3133 1781 te
3163 1693 3431 1785 trahir.

879 1825 1129 1907 CLO.
1169 1829 1301 1907 Ne
1331 1819 1891 1939 m'épouvante
1921 1825 2195 1935 point,
2239 1815 2283 1903 à
2313 1845 2393 1903 ta
2417 1819 2637 1903 mine
2661 1819 2737 1935 je
2779 1819 3011 1935 penfe

1069 1947 1253 2051 Que
1297 1941 1367 2031 le
1405 1941 1721 2061 pardon
1759 1941 2017 2025 suivra
2059 1937 2157 2025 de
2199 1941 2361 2025 fort
2405 1933 2579 2057 prés
2619 1969 2829 2025 cette
2853 1937 3181 2035 offenfe,

1069 2069 1345 2157 Si-toft
1387 2095 1545 2183 que
1579 2095 1865 2183 )auray
1893 2065 2079 2183 fiçeu
2117 2059 2305 2183 quel
2343 2065 2449 2147 eft
2491 2095 2579 2147 ce
2619 2065 2973 2153 mauvais
3011 2091 3221 2147 tour.

883 2195 1129 2279 PHI.
1169 2187 1471 2309 Sçache
1509 2187 1725 2275 donc
1755 2187 1947 2305 qu’il
1981 2221 2083 2275 ne
2117 2191 2339 2275 vient
2383 2187 2605 2271 finon
2645 2187 2745 2275 de
2789 2217 2973 2305 trop
3011 2187 3401 2275 d’amour.

881 2317 1129 2401 CLO.
1175 2313 1441 2401 I’euffe
1479 2309 1611 2397 ofé
1649 2309 1725 2397 le
1763 2339 2051 2435 gager,
2095 2343 2205 2431 qu
2229 2309 2415 2397 ainfi
2461 2339 2601 2427 par
2635 2313 2985 2431 quelque
3023 2309 3199 2397 rufe

1069 2443 1263 2523 Ton
1305 2439 1559 2523 crime
1601 2431 1977 2523 officieux
2021 2435 2409 2553 porteroit
2453 2435 2597 2519 fon
2639 2435 2937 2523 excuse.

887 2561 1129 2645 PHI.
1169 2565 1353 2645 Ton
1387 2557 1769 2645 adorable
1803 2557 2069 2667 objet,
2113 2587 2313 2645 mon
2351 2557 2649 2675 unique
2687 2561 3169 2681 vainqueur,

1069 2687 1241 2771 Fait
1275 2683 1555 2767 naiftre
1601 2679 1907 2803 chaque
1941 2687 2121 2785 jour
2161 2709 2331 2767 tant
2369 2683 2467 2767 de
2501 2679 2685 2767 feux
2715 2715 2811 2767 en
2849 2719 3051 2767 mon
3093 2709 3343 2781 cœur,

1073 2815 1263 2915 Que
1305 2805 1477 2889 leur
1523 2837 1755 2889 excez
1797 2801 2279 2899 m’accable,
2317 2811 2405 2885 &
2447 2831 2605 2921 que
2649 2837 2855 2921 pour
2897 2805 3107 2889 m’en
3145 2801 3439 2893 défaire

1069 2933 1131 3021 T
1135 2963 1183 3051 y
1213 2923 1551 3017 cherche
1585 2927 1721 3011 des
1759 2927 2069 3011 defauts
2103 2927 2243 3043 qui
2287 2927 2627 3043 puissent
2667 2959 2793 3017 me
2827 2923 3169 3047 déplaire
3193 2963 3209 3003 :

1073 3049 1497 3143 l'examine
1541 3077 1689 3139 ton
1737 3049 1939 3139 teint
1977 3049 2183 3139 dont
2221 3045 2479 3139 l'éclat
2523 3085 2653 3139 me
2693 3055 3017 3173 surprit.

1073 3181 1227 3265 Tes
1275 3177 1493 3261 traits
1537 3173 1633 3261 de
1671 3199 1821 3261 ton
1855 3177 2165 3295 visage,
2213 3177 2301 3261 Le
2347 3207 2545 3261 ceux
2583 3177 2681 3261 de
2723 3207 2867 3265 ton
2911 3177 3187 3295 esprit,

1073 3303 1289 3387 Mais
1327 3311 1397 3409 je
1441 3295 1615 3387 n’en
1659 3303 1829 3417 puis
1873 3325 2201 3387 trouver
2243 3329 2357 3383 un
2387 3299 2549 3387 seul
2587 3303 2729 3417 qui
2757 3333 2859 3387 ne
2893 3333 3025 3387 me
3059 3299 3383 3395 charme

891 3425 1141 3509 CLO.
1179 3429 1279 3509 Et
1313 3455 1507 3539 moy
1545 3433 1615 3531 je
1649 3425 1803 3509 fuis
1833 3425 2087 3517 ravie,
2121 3421 2339 3539 après
2379 3455 2471 3509 ce
2505 3455 2653 3539 peu
2693 3421 3103 3527 d’alarme,

1073 3543 1433 3653 Quainfi
1471 3573 1585 3631 res
1623 3547 1795 3631 sens
1833 3573 2205 3661 trompez
2247 3573 2327 3631 te
2365 3547 2701 3661 puissent
2741 3547 3059 3671 obliger

1083 3679 1153 3757 A
1205 3665 1459 3757 chérir
1501 3695 1581 3753 ta
1615 3665 1929 3763 Cloris,
1973 3673 2057 3753 Le
2103 3669 2379 3771 jamais
2417 3701 2519 3753 ne
2557 3669 2933 3793 changer.

899 3797 1145 3879 PHI.
1183 3797 1305 3875 Ta
1339 3787 1629 3875 beauté
1667 3817 1747 3875 te
1789 3787 2099 3901 répond
2143 3791 2235 3871 de
2277 3817 2409 3871 ma
2457 3823 2593 3907 per
2601 3801 2811 3875 lever
2819 3823 3051 3885 ance,

1083 3923 1183 4003 Et
1223 3945 1359 4003 ma
1397 3909 1537 4029 foy
1579 3909 1721 4029 qui
1759 3905 1917 3997 t'en
1955 3909 2227 3997 donne
2265 3939 2423 3993 une
2457 3913 2759 3997 entière
2793 3913 3257 4003 atteurance.

899 4041 1145 4125 CLO,
1183 4035 1433 4125 Voila
1475 4035 1641 4119 fort
1681 4031 2169 4119 doucement
2213 4031 2379 4119 dire
2417 4063 2575 4151 que
2609 4035 2785 4119 fans
2823 4067 2903 4119 ta
2941 4035 3085 4159 foy

1091 4167 1237 4247 Ma
1275 4153 1563 4247 beauté
1601 4189 1703 4247 ne
1741 4159 2109 4277 pourroit
2155 4185 2231 4243 te
2273 4159 2693 4247 conserver
2731 4159 2777 4247 à
2815 4189 3033 4277 moy.

905 4289 1149 4373 PHI.
1191 4289 1271 4373 le
1305 4285 1567 4369 traiter
1575 4285 1695 4369 ois
1729 4311 1913 4399 trop
1947 4281 2109 4365 mal
2143 4311 2301 4369 une
2335 4281 2519 4369 telle
2553 4281 3025 4377 Maiftrette,

1091 4411 1219 4491 De
1261 4403 1559 4491 l’aimer
1597 4403 2031 4491 feulement
2069 4437 2275 4521 pour
2321 4407 2523 4491 tenir
2565 4437 2697 4491 ma
2741 4403 3169 4525 promette,

1091 4537 1241 4617 Ma
1279 4529 1573 4647 paffion
1611 4559 1711 4613 en
1749 4529 1855 4617 eft
1893 4525 1973 4613 la
2017 4529 2283 4625 cause,
2335 4533 2423 4613 Le
2465 4559 2637 4613 non
2675 4529 2959 4635 l'effet;

1095 4655 1353 4739 Outre
1397 4685 1555 4775 que
1589 4681 1677 4739 tu
1711 4685 1869 4739 nas
1903 4651 2073 4739 rien
2107 4651 2243 4769 qui
2283 4681 2383 4739 ne
2413 4651 2567 4739 soit
2601 4651 2653 4739 fi
2701 4651 3021 4769 parfait,

1095 4773 1381 4883 Qu'on
1419 4809 1519 4865 ne
1563 4803 1751 4897 peut
1785 4803 1865 4865 te
1899 4777 2179 4871 servir,
2213 4773 2383 4861 fans
2413 4777 2593 4865 voir
2627 4777 2749 4861 fur
2793 4809 2933 4861 ton
2971 4773 3229 4897 visage

1095 4901 1449 5019 Dequoy
1489 4899 1769 4989 rendre
1815 4925 2191 4989 constant
2229 4895 2615 4989 l’homme
2657 4899 2729 4983 le
2771 4899 2951 5015 plus
2985 4895 3299 5019 volage.

913 5021 1157 5105 CLO.
1201 5027 1327 5111 Ne
1371 5057 1455 5105 m
1483 5057 1581 5111 en
1619 5049 1859 5111 conte
1907 5021 2135 5141 point
2177 5049 2353 5111 tant
2395 5027 2493 5111 de
2535 5057 2667 5105 ma
2701 5021 3181 5137 perfection,

1099 5149 1227 5227 Tu
1265 5145 1441 5233 dois
1483 5145 1991 5233 eftreatteuré
2037 5145 2135 5233 de
2173 5179 2371 5233 mon
2413 5145 2837 5241 attention,

1099 5275 1201 5355 Et
1243 5297 1333 5355 tu
1375 5267 1599 5385 perds
1641 5293 1825 5355 tout
1867 5267 2161 5355 l’effort
2203 5271 2301 5355 de
2343 5297 2427 5351 ta
2465 5267 2899 5389 galanterie

1105 5393 1179 5477 Si
1227 5419 1319 5477 tu
1353 5393 1559 5477 crois
1597 5389 2117 5511 l’augmenter
2165 5423 2301 5507 par
2331 5423 2489 5477 une
2535 5393 2855 5477 flaterie.

1105 5515 1289 5599 Vne
1335 5515 1577 5599 fausse
1615 5511 1965 5633 louange
2003 5515 2109 5599 eft
2151 5545 2261 5599 un
2303 5511 2601 5599 blafme
2639 5515 2915 5607 secret,

1105 5641 1743 5761 Epargne-moy,
1781 5633 1877 5721 de
1907 5667 2179 5755 grâce,
2221 5641 2309 5721 6c
2343 5637 2593 5755 songe
2631 5641 2811 5755 plus
2849 5633 3169 5729 discret,
