4267 6587
1033 345 1146 415 IV
1833 328 2107 429 AV
2239 337 3179 452 LECTEVR.

1155 491 1384 573 Nous
1426 495 1936 611 prononçons
1973 496 2017 585 Y
2012 495 2095 617 fi
2105 501 2198 590 de
2230 537 2502 624 quatre
2531 510 2862 603 diverses
2891 523 3270 610 maniérés
3299 558 3314 602 :
3352 535 3638 615 tantoft
3666 566 3868 625 nous

1030 606 1468 718 l'aspirons,
1522 642 1837 700 comme
1874 651 1971 706 en
2012 651 2133 706 ces
2171 655 2424 747 mots,
2461 629 2692 748 pefie,
2725 630 2965 751 chafie
2977 682 3000 740 ;
3039 647 3325 728 tantoft
3369 648 3511 732 elle
3551 656 3867 776 allonge

1031 726 1104 808 la
1135 725 1459 825 fyllabe,
1501 762 1820 823 comme
1853 771 1946 822 en
1984 770 2357 863 ceux-cy,
2394 729 2645 864 pafie,
2690 754 2901 866 tefie-,
2924 762 3214 848 tantoft
3250 763 3396 851 elle
3430 801 3528 854 ne
3562 771 3702 856 fait
3726 807 3861 860 au¬

1025 875 1179 933 cun
1214 845 1396 941 ton,
1441 882 1757 939 comme
1797 858 1844 942 à
1881 858 2002 980 ejb
2007 857 2209 945 loisir
2207 895 2232 960 ,
2267 858 2698 986 ejbranler,
2737 871 2806 954 tl
2839 873 3049 989 efiott
3071 887 3094 984 $
3129 888 3217 967 6c
3263 891 3553 972 tantoft
3597 892 3742 980 elle
3785 909 3860 983 le

1020 995 1426 1083 prononce
1454 1002 1770 1058 comme
1808 1008 1912 1061 vn
1952 1012 2024 1082 L
2046 1024 2069 1083 5
2096 1011 2416 1069 comme
2460 987 2506 1103 à
2539 990 2897 1104 prefider,
2919 998 3333 1118 prefumer.
3428 1014 3655 1095 Nous
3696 1012 3857 1104 n’a-

1019 1115 1221 1174 uons
1247 1119 1405 1203 que
1431 1088 1631 1177 deux
1663 1092 2027 1182 differens
2057 1107 2477 1198 caractères
2501 1105 2625 1221 ,f
2659 1116 2749 1193 6c
2783 1145 2874 1211 s,
2912 1149 3114 1234 pour
3153 1155 3276 1211 ces
3314 1157 3592 1242 quatre
3629 1133 3856 1224 diffe¬

1016 1231 1272 1293 rentes
1305 1215 1993 1322 prononciations;
2028 1218 2078 1301 il
2110 1222 2278 1307 faut
2306 1225 2516 1311 donc
2550 1230 2854 1319 eftablir
2893 1240 3269 1356 quelques
3302 1251 3677 1339 maximes
3715 1286 3853 1374 ge¬

1015 1324 1307 1410 nerales
1342 1358 1541 1439 pour
1575 1330 1760 1417 faire
1791 1334 1896 1421 les
1935 1337 2424 1427 diftinCtions
2453 1352 2798 1438 entières.
2889 1364 3124 1446 Cette
3157 1365 3384 1451 lettre
3409 1371 3480 1455 te
3511 1402 3852 1463 rencon¬

1014 1472 1133 1529 tre
1166 1475 1263 1529 au
1298 1475 1983 1541 commencement
2036 1458 2167 1546 des
2214 1492 2601 1559 mots,ou
2638 1501 2735 1558 au
2770 1475 3076 1575 milieu,
3110 1513 3219 1567 ou
3260 1483 3306 1569 à
3352 1488 3425 1572 la
3466 1491 3604 1577 fin.
3718 1505 3849 1585 Au

1015 1591 1700 1654 commencement
1745 1574 1890 1662 elle
1935 1579 2172 1693 aspire
2225 1583 2580 1695 toujours
2620 1590 2644 1708 ;
2664 1590 3067 1714 foy,ften,
3096 1603 3423 1717 fauuer,
3448 1609 3848 1728 fuborner:

1012 1682 1062 1769 à
1100 1682 1173 1765 la
1214 1685 1366 1777 fin,
1398 1685 1541 1769 elle
1590 1686 1709 1774 n’a
1745 1694 2065 1812 presque
2097 1703 2327 1813 point
2358 1706 2455 1789 de
2486 1708 2672 1802 fon,
2714 1720 2804 1796 ik
2840 1750 2939 1803 ne
2976 1720 3119 1804 fait
3147 1724 3637 1851 qu’allonger
3677 1762 3849 1826 tant

1007 1802 1158 1885 foit
1192 1831 1340 1914 peu
1381 1805 1456 1885 la
1497 1804 1782 1898 fyllabe
1823 1853 1846 1909 ;
1886 1818 2157 1928 quand
2203 1818 2278 1903 le
2321 1853 2494 1907 mot
2530 1832 2671 1944 qui
2715 1834 2858 1919 fuit
2899 1840 2970 1922 te
3009 1871 3476 1935 commence
3512 1883 3650 1967 par
3692 1887 3848 1949 vnc

1008 1920 1386 2014 conforte,
1424 1924 1474 2006 6
1472 1952 1511 2005 c
1551 1929 1818 2039 quand
1852 1930 1908 2017 il
1946 1964 2409 2026 commence
2455 1976 2591 2060 par
2636 1980 2789 2039 vne
2829 1960 3176 2076 voyelle,
3215 1968 3361 2052 elle
3405 1973 3481 2056 fe
3515 1972 3845 2067 détache

1003 2036 1100 2121 de
1131 2037 1352 2156 celuy
1380 2045 1658 2159 quelle
1695 2049 1868 2134 finit
1902 2084 2102 2168 pour
2127 2058 2198 2142 fc
2222 2059 2524 2171 joindre
2556 2101 2746 2159 auec
2782 2075 2965 2176 elle,
3002 2087 3090 2165 &
3122 2084 3198 2168 fe
3225 2118 3633 2202 prononce
3660 2128 3835 2186 tou¬

999 2158 1211 2270 jours
1252 2190 1567 2249 comme
1594 2199 1697 2260 vn
1725 2202 1834 2265 z,,
1864 2174 2013 2258 foit
2045 2178 2323 2292 quelle
2357 2182 2507 2271 foit
2543 2188 2915 2306 précédée
2942 2233 3081 2319 par
3111 2234 3260 2292 vne
3307 2217 3690 2313 confone,
3725 2252 3836 2306 ou

996 2306 1134 2391 par
1171 2310 1318 2366 vne
1359 2286 1687 2379 voyelle.

1114 2397 1331 2485 Dans
1360 2401 1435 2489 le
1454 2406 1719 2494 milieu
1741 2413 1845 2498 du
1873 2448 2090 2516 mot,
2127 2423 2271 2511 elle
2293 2426 2438 2523 eft,
2461 2461 2566 2516 ou
2589 2461 2807 2524 entre
2839 2439 3038 2529 deux
3075 2449 3453 2567 voyelles,
3483 2487 3592 2545 ou
3619 2461 3836 2575 après

990 2546 1144 2605 vne
1163 2520 1541 2622 confone,
1578 2560 1688 2614 ou
1724 2564 1956 2622 auant
1990 2572 2137 2627 vne
2164 2550 2533 2636 confone.
2594 2563 2833 2647 Entre
2870 2564 3069 2649 deux
3108 2573 3455 2686 voyelles
3486 2577 3631 2665 elle
3659 2587 3827 2695 pas¬

989 2637 1061 2721 se
1097 2638 1473 2730 toufiours
1507 2680 1705 2760 pour
1745 2662 1854 2747 L,,
1891 2663 1981 2742 6c
2021 2662 2236 2776 après
2273 2700 2420 2756 vne
2453 2675 2798 2768 confone
2831 2680 2978 2769 elle
3015 2689 3256 2803 afpire
3289 2696 3711 2797 toufiours,
3735 2710 3828 2789 ôc

986 2783 1190 2845 cette
1208 2761 1624 2854 différence
1646 2770 1718 2854 fe
1740 2803 2147 2897 remarque
2166 2816 2383 2875 entre
2402 2792 2511 2880 les
2542 2797 2811 2885 verbes
2834 2813 3257 2923 compofez
3279 2817 3418 2932 qui
3455 2822 3827 2914 viennent

985 2875 1083 2962 de
1107 2877 1181 2964 la
1205 2882 1490 2969 mefme
1517 2891 1799 2978 racine.
1877 2898 2016 2988 On
2054 2932 2460 3028 prononce
2478 2938 2939 3029 présumer,
2989 2927 3331 3057 reTffier,
3366 2942 3692 3029 maison
3722 2979 3824 3034 ne

977 3027 1383 3112 prononce
1403 3036 1533 3119 pas
1558 3040 2012 3118 consumer,
2054 3053 2159 3142 ny
2165 3033 2591 3145 persifler:
2616 3045 2771 3128 Ces
2811 3043 3059 3168 régies
3099 3053 3325 3142 n’ont
3365 3087 3667 3149 aucune
3689 3099 3818 3159 ex¬

977 3122 1331 3231 ception,
1377 3130 1465 3210 &
1488 3125 1622 3239 j’ay
1647 3130 2120 3231 abandonne
2141 3177 2236 3232 en
2273 3182 2396 3236 ces
2413 3185 2862 3249 rencontres
2884 3168 2962 3252 le
2980 3170 3214 3259 choix
3234 3177 3367 3264 des
3392 3190 3817 3278 caraétcres

978 3233 1024 3320 à
1062 3239 1622 3355 l’Imprimeur,
1665 3284 1863 3364 pour
1892 3259 1967 3347 fe
1998 3264 2227 3351 feruir
2263 3272 2365 3356 du
2389 3279 2640 3395 grand
2675 3315 2785 3368 ou
2821 3285 2927 3371 du
2956 3294 3192 3403 petit,
3229 3297 3442 3387 félon
3480 3306 3704 3421 qu’ils
3739 3310 3814 3398 fe

969 3357 1148 3442 font
1169 3358 1240 3444 le
1261 3367 1524 3451 mieux
1549 3383 2120 3469 accommodez
2142 3417 2330 3476 auec
2352 3393 2464 3481 les
2490 3396 2752 3489 lettres
2781 3438 2919 3523 qui
2942 3410 3051 3497 les
3067 3413 3454 3535 joignent.
3504 3428 3711 3514 Mais
3738 3430 3811 3518 ie

962 3483 1143 3562 n'en
1166 3508 1263 3595 ay
1289 3513 1421 3595 pas
1462 3486 1605 3570 fait
1634 3490 1731 3575 de
1754 3499 2078 3596 mefme,
2105 3512 2371 3622 quand
2405 3516 2429 3599 1
2437 3517 2623 3631 '/eft
2659 3554 2896 3614 auant
2929 3562 3082 3617 vne
3121 3543 3468 3630 confone
3503 3546 3690 3635 dans
3735 3550 3810 3637 le

965 3594 1234 3682 milieu
1255 3603 1358 3682 du
1381 3636 1605 3702 mot,
1643 3615 1727 3691 &
1755 3615 1822 3697 ie
1847 3615 2012 3738 n’ay
2038 3658 2138 3738 pu
2160 3628 2476 3720 souffrir
2495 3670 2643 3754 que
2666 3674 2789 3729 ces
2812 3654 3005 3734 trois
3044 3682 3294 3756 mots,
3336 3665 3560 3778 refie,
3604 3695 3769 3755 tem
3774 3717 3805 3734 -

951 3713 1149 3832 pefie
1163 3747 1194 3816 ,
1230 3748 1433 3805 vous
1462 3724 1686 3837 efies,
1728 3731 2288 3831 fuffenteferits
2325 3752 2482 3841 l’vn
2509 3787 2828 3848 comme
2847 3766 3153 3869 l’autre,
3199 3809 3432 3893 ayant
3465 3785 3600 3875 des
3628 3821 3801 3905 pro¬

961 3839 1456 3926 nonciations
1479 3842 1535 3928 fi
1552 3845 2017 3944 differentes.
2032 3860 2179 3982 I’ay
2200 3871 2494 3960 referué
2516 3877 2589 3963 la
2607 3885 2845 3995 petite
2864 3924 2905 3969 s
2923 3923 3125 4005 pour
3146 3898 3339 3986 celle
3358 3902 3472 3990 où
3489 3906 3565 3994 la
3579 3910 3796 4030 fylla¬

953 3949 1057 4038 be
1076 3957 1182 4041 eft
1206 3958 1524 4072 aspirée,
1551 3966 1623 4050 la
1646 3978 1940 4088 grande
1968 4013 2170 4094 pour
2195 3991 2386 4077 celle
2423 3992 2533 4080 où
2569 4000 2712 4088 elle
2749 4008 2855 4090 eft
2877 4008 3364 4127 simplement
3404 4027 3793 4153 allongée,

952 4077 1044 4156 èc
1072 4074 1216 4192 l'ay
1238 4078 1668 4197 supprimée
1694 4099 2199 4191 entièrement
2218 4141 2319 4192 au
2350 4116 2735 4209 troisième
2756 4157 2931 4214 mot
2964 4130 3074 4218 où
3099 4138 3245 4226 elle
3263 4176 3361 4231 ne
3383 4147 3527 4234 fait
3558 4159 3795 4269 point

951 4193 1045 4277 de
1081 4194 1266 4289 fon,
1305 4198 1379 4283 la
1415 4236 1829 4325 marquant
1881 4219 2306 4316 feulement
2346 4266 2484 4346 par
2521 4271 2622 4324 vn
2667 4275 2940 4336 accent
2988 4253 3112 4342 fur
3160 4262 3232 4346 la
3272 4263 3498 4354 lettre
3541 4280 3678 4389 qui
3716 4276 3789 4364 la

941 4309 1293 4428 précédé.
1350 4326 1501 4441 I’ay
1526 4328 1733 4419 donc
1768 4334 1909 4424 fait
1950 4352 2467 4467 ortographer
2490 4362 2670 4445 ainfi
2709 4364 2819 4453 les
2851 4404 3065 4457 mots
3095 4378 3432 4474 fuiuants
3469 4396 3554 4475 6c
3587 4395 3788 4484 leurs

943 4435 1448 4560 semblables,
1472 4472 1680 4562 peste
1699 4520 1727 4547 ,
1738 4461 2091 4571 funeste,
2119 4468 2429 4573 chaste,
2467 4479 2757 4596 refiste,
2792 4497 3040 4608 espoir
3070 4534 3099 4576 :
3136 4507 3524 4624 tempefie,
3552 4510 3780 4630 hafie,

940 4552 1115 4668 tefie
1132 4594 1157 4636 :
1184 4587 1385 4643 vous
1416 4563 1604 4668 êtes,
1634 4567 1702 4654 il
1732 4575 1950 4677 étoit,
1982 4581 2298 4690 éblouir,
2327 4596 2652 4703 écouter,
2683 4604 3048 4731 épargner
3047 4652 3072 4711 ,
3109 4626 3421 4715 arrêter.
3465 4640 3578 4719 Ce
3603 4639 3776 4724 der¬

935 4674 1104 4762 nier
1131 4679 1366 4766 verbe
1401 4716 1500 4770 ne
1527 4688 1730 4779 laiffe
1768 4730 1898 4809 pas
1931 4700 2222 4792 d’auoir
2246 4717 2623 4835 quelques
2646 4751 2895 4846 temps
2916 4734 3107 4824 dans
3138 4743 3215 4829 fa
3242 4748 3770 4869 conjugaison,

934 4790 1050 4878 où
1088 4795 1140 4878 il
1162 4799 1327 4883 faut
1362 4804 1493 4921 luy
1530 4815 1803 4902 rendre
1836 4816 1954 4939 Yf
1993 4857 2219 4939 parce
2246 4837 2523 4950 quelle
2557 4846 2872 4971 allonge
2913 4854 2986 4941 la
3019 4858 3304 4960 fyllabe
3332 4910 3356 4967 ;
3383 4901 3698 4964 comme
3724 4877 3773 4968 à

931 4911 965 4997 1
987 4914 1391 5032 impératif
1411 4931 1670 5043 arrefie
1690 4969 1709 5023 ,
1741 4944 1884 5053 cjui
1908 4947 2106 5029 rime
2148 4944 2318 5036 bien
2350 4991 2545 5042 auec
2574 4968 2751 5077 tefie
2780 5008 2807 5053 :
2844 5004 3035 5063 mais
3070 4980 3116 5067 à
3146 4980 3522 5080 l’infinitif
3542 5000 3631 5079 6c
3671 5031 3767 5088 en

929 5035 1307 5153 quelques
1334 5072 1585 5134 autres
1603 5048 1714 5135 où
1737 5057 1881 5143 elle
1907 5093 2001 5148 ne
2023 5065 2167 5153 fait
2192 5103 2322 5186 pas
2353 5107 2476 5166 cet
2499 5081 2707 5182 effet,
2735 5090 2787 5174 il
2813 5098 2919 5178 eft
2941 5094 3102 5182 bon
3127 5103 3218 5191 de
3239 5108 3312 5194 la
3336 5111 3762 5230 supprimer

927 5159 1014 5238 6c
1039 5159 1339 5268 efenre,
1364 5166 1775 5272 farrêtais,
1796 5180 1970 5303 j'ay
1990 5190 2288 5290 arrêté,
2311 5199 2814 5326 farréteray,
2848 5248 3043 5303 nom
3070 5223 3458 5328 arrêtons,
3507 5236 3674 5334 (fie.

1037 5278 1319 5384 Quant
1359 5281 1406 5366 à
1439 5282 1533 5367 Ye
1581 5321 1783 5379 nous
1831 5326 1929 5384 en
1973 5334 2218 5396 auons
2255 5313 2352 5401 de
2393 5322 2580 5405 trois
2619 5326 2883 5419 fortes.
2979 5339 3108 5423 L’e
3142 5344 3472 5436 féminin
3507 5360 3640 5474 qui
3678 5363 3754 5445 fe

921 5419 1332 5485 rencontre
1368 5404 1787 5509 toufiours,
1822 5449 1927 5504 ou
1950 5423 2142 5522 feul,
2170 5462 2275 5518 ou
2306 5466 2399 5521 en
2424 5441 2909 5569 diphtongue
2945 5459 3133 5547 dans
3159 5494 3417 5556 toutes
3443 5471 3552 5563 les
3577 5479 3746 5564 der-
