4267 6527
3142 289 3268 419 iij
679 635 1163 869 AV
1350 588 3003 847 LECTEVR

1018 1002 1149 1081 ES
1189 995 1391 1078 deux
1433 983 1817 1070 Volumes
1860 973 2369 1060 contiennent
2410 986 2679 1048 autant
2733 956 2833 1043 de
2877 952 3135 1040 Pièces
3179 948 3275 1036 de

1020 1117 1350 1201 Theatre
1381 1136 1536 1224 que
1580 1105 1690 1189 les
1730 1101 1917 1184 trois
1954 1122 2110 1209 que
2150 1114 2347 1175 vous
2392 1113 2581 1170 auez
2632 1108 2819 1167 veus
2856 1072 3283 1191 cy-deuanc

1019 1232 1426 1349 imprimez
1498 1229 1578 1308 in
1638 1224 1992 1302 Oâauo.
2146 1208 2250 1294 Ils
2336 1204 2514 1291 font
2585 1198 2844 1318 réglez
2910 1194 2956 1277 à
3024 1193 3284 1277 douze

1020 1355 1361 1444 chacun,
1385 1350 1469 1430 Ôc
1509 1342 1621 1430 les
1654 1367 1907 1426 autres
1937 1333 1979 1418 à
2013 1329 2210 1418 huit.
2265 1327 2650 1413 Sertorius
2677 1331 2760 1404 ôc
2791 1308 3286 1429 Sophonisbe

1018 1509 1119 1563 ne
1156 1510 1187 1556 s
1206 1504 1258 1591 y
1286 1465 1693 1584 joindront
1726 1457 1995 1574 point,
2036 1445 2215 1570 qu’il
2240 1446 2362 1562 n’y
2384 1478 2479 1532 en
2500 1471 2637 1561 aye
2656 1436 2853 1524 affez
2876 1461 3079 1550 pour
3097 1432 3291 1516 faire

459 1641 562 1701 vn
595 1599 984 1693 troisième
1010 1599 1108 1686 de
1147 1619 1350 1682 cette
1384 1580 1876 1703 Impreflion,
1911 1605 2020 1658 ou
2049 1601 2148 1659 vn
2181 1564 2616 1687 quatrième
2648 1560 2742 1647 de
2774 1555 3061 1642 l’autre.
3128 1555 3291 1635 Ce¬

462 1725 799 1851 pendant
819 1747 1137 1808 comme
1170 1717 1223 1800 il
1245 1743 1340 1799 ne
1377 1734 1562 1824 peut
1585 1730 1838 1788 entrer
1861 1729 1956 1783 en
1993 1690 2319 1803 celle-cy
2341 1717 2496 1805 que
2522 1686 2726 1769 deux
2744 1679 2880 1763 des
2907 1674 3096 1761 trois
3116 1669 3292 1753 vif-

464 1875 691 1939 cours
722 1845 859 1962 qui
892 1867 1043 1926 ont
1087 1837 1304 1948 feruy
1329 1832 1427 1915 de
1457 1824 1813 1914 Préfacés
1843 1815 1889 1906 à
1921 1820 1995 1902 la
2030 1810 2487 1932 precedente
2524 1871 2543 1901 ,
2601 1811 2689 1886 ôc
2732 1828 2887 1915 que
2923 1794 3113 1881 dans
3170 1820 3295 1876 ces

465 1972 652 2059 trois
688 1963 1098 2050 Discours,
1138 1956 1278 2071 j’ay
1322 1944 1580 2037 tafché
1610 1939 2085 2055 d’expliquer
2116 1963 2245 2016 ma
2272 1926 2543 2047 pensée
2566 1921 2951 2008 touchant
2987 1913 3095 1999 les
3126 1909 3299 2028 plus

467 2083 838 2177 curieuses
871 2088 954 2166 ôc
1002 2077 1112 2162 les
1155 2077 1324 2191 plus
1366 2074 1880 2182 importantes
1909 2054 2304 2174 questions
2336 2052 2434 2131 de
2468 2044 2670 2127 l’Art
2706 2037 3134 2152 Poétique,
3179 2057 3302 2114 cet

471 2214 839 2321 Ouurage
871 2202 967 2285 de
1004 2227 1167 2284 mes
1208 2192 1613 2279 reflexions
1653 2172 2175 2268 demeureroit
2213 2164 2604 2284 imparfait
2648 2224 2667 2255 ,
2727 2158 2780 2242 fi
2817 2155 2964 2267 j’en
3005 2180 3304 2237 retran-

476 2329 691 2417 chois
726 2325 797 2408 le
836 2316 1239 2407 troisième.
1334 2316 1433 2395 Et
1466 2305 1635 2394 c’est
1670 2333 1757 2387 ce
1788 2300 1927 2417 qui
1962 2325 2089 2382 me
2123 2291 2263 2378 fait
2296 2316 2497 2378 vous
2523 2283 2599 2369 le
2631 2282 2939 2366 donner
2980 2303 3075 2360 en
3115 2274 3309 2355 fuite

474 2452 580 2535 du
608 2444 890 2532 fécond
926 2438 1324 2526 Volume,
1361 2427 1766 2518 attendant
1803 2414 2046 2535 qu’on
2082 2414 2158 2501 le
2205 2410 2446 2526 puiffe
2484 2427 2832 2518 reporter
2872 2426 2973 2481 au
3016 2394 3307 2480 deuant

479 2574 577 2658 de
596 2566 819 2683 celuy
837 2563 971 2679 qui
999 2558 1073 2645 le
1101 2557 1393 2644 fuiura,
1431 2545 1682 2637 fl-tost
1703 2538 1888 2659 qu’il
1911 2564 2194 2655 pourra
2217 2532 2404 2617 eftre
2431 2520 2806 2641 complet.

599 2691 825 2773 Vous
876 2704 1285 2765 trouuerez
1348 2669 1689 2791 quelque
1748 2660 1979 2747 chose
2025 2652 2417 2770 d'étrange
2466 2677 2615 2735 aux
2663 2635 3168 2727 innouations
3217 2656 3317 2714 en

482 2800 1030 2925 l’Ortographe
1067 2825 1222 2915 que
1248 2792 1388 2909 j’ay
1422 2780 1833 2876 hazardées
1870 2785 2030 2896 icy,
2070 2780 2153 2861 Ôc
2196 2776 2267 2859 ie
2312 2800 2515 2858 veux
2563 2762 2743 2849 bien
2780 2788 2977 2848 vous
3012 2784 3109 2841 en
3142 2779 3317 2836 ren¬

483 2932 622 3019 dre
653 2927 932 3012 raifon.
1023 2916 1336 3033 L’vfage
1372 2911 1468 2998 de
1499 2906 1758 2993 noftre
1792 2906 2114 3016 Langue
2151 2893 2258 2982 est
2302 2889 2348 2978 à
2389 2887 2688 3002 présent
2732 2880 2790 2964 fi
2830 2874 3138 2994 épandu
3187 2897 3322 2985 par

490 3076 711 3137 toute
755 3042 1165 3156 l’Europe,
1232 3027 1873 3151 principalement
1933 3046 2102 3104 vers
2159 3013 2233 3101 le
2265 3008 2543 3100 Nord,
2597 2999 2836 3122 qu’on
2873 3031 2923 3112 y
2959 2998 3134 3082 voit
3173 3017 3324 3104 peu

488 3169 805 3257 d'Eftats
832 3161 945 3250 où
976 3159 1123 3245 elle
1156 3187 1251 3241 ne
1287 3153 1435 3239 foie
1470 3175 1783 3236 connue
1810 3186 1834 3245 ;
1870 3136 2041 3228 c’est
2082 3166 2169 3223 ce
2198 3132 2335 3253 qui
2370 3129 2521 3215 m’a
2549 3128 2689 3211 fait
2720 3124 2973 3206 croire
3006 3111 3189 3231 qu'il
3230 3136 3329 3195 ne

492 3289 724 3376 feroit
759 3315 890 3401 pas
925 3280 1082 3368 mal
1108 3275 1154 3364 à
1195 3302 1486 3392 propos
1520 3264 1688 3355 d’en
1730 3261 2060 3347 faciliter
2088 3254 2164 3342 la
2205 3248 2815 3370 prononciation
2852 3268 2997 3325 aux
3021 3220 3329 3321 Êftran-

493 3437 707 3529 gers,
739 3405 876 3526 qui
905 3401 1009 3515 s’y
1041 3421 1410 3483 trouuent
1437 3392 1770 3475 forment
1801 3377 2314 3466 embarrassez
2341 3400 2472 3488 par
2494 3366 2604 3452 les
2624 3366 2880 3449 diuers
2898 3357 3080 3441 fons
3103 3382 3210 3465 qu
3235 3345 3333 3431 el¬

499 3532 575 3615 le
611 3528 873 3613 donne
902 3514 1397 3636 quelquefois
1424 3539 1573 3597 aux
1612 3506 1937 3593 mefmes
1967 3497 2253 3584 lettres.
2357 3496 2505 3572 Les
2549 3476 3032 3567 Hollandois
3075 3472 3338 3554 m’ont

504 3650 712 3762 fraye
744 3645 818 3730 le
855 3641 1206 3729 chemin,
1248 3641 1335 3717 &
1360 3625 1627 3717 donné
1656 3642 2077 3708 ouuerture
2111 3612 2151 3699 à
2182 3642 2234 3729 y
2256 3633 2539 3695 mettre
2565 3596 3023 3687 diftinétion
3064 3615 3203 3702 par
3237 3584 3339 3669 de

508 3769 904 3855 differents
942 3761 1438 3844 Caraéteres,
1467 3775 1620 3866 que
1672 3735 2038 3856 jufqu’icy
2069 3764 2220 3818 nos
2260 3726 2766 3843 Imprimeurs
2797 3741 2944 3802 ont
2970 3700 3339 3821 employé

511 3883 1195 3975 indifféremment.
1305 3871 1405 3954 Ils
1435 3892 1583 3954 ont
1619 3854 1876 3975 feparé
1929 3854 2038 3942 les
2073 3855 2106 3937 i
2151 3855 2236 3934 Ôc
2273 3851 2382 3936 les
2413 3877 2466 3930 u
2503 3842 2880 3929 confones
2924 3830 3190 3916 d’auec
3230 3824 3342 3911 les

518 4012 551 4091 i
590 4012 673 4091 Ôc
717 4004 823 4090 les
858 4032 911 4085 u
940 3994 1319 4115 voyelles,
1364 4020 1459 4073 en
1509 3987 1587 4069 fe
1619 3986 1923 4065 feruant
1968 3969 2357 4060 toufiours
2413 3961 2509 4052 de
2547 3960 2631 4072 Xj
2681 3965 2769 4042 ôc
2807 3957 2905 4043 de
2943 3946 3101 4042 IV,
3139 3972 3347 4061 pour

518 4126 626 4213 les
677 4122 1128 4239 premières,
1168 4122 1256 4197 ôc
1310 4103 1608 4196 laissant
1644 4102 1728 4189 Xi
1764 4093 1851 4184 ôc
1908 4092 2011 4179 Vu
2060 4117 2263 4206 pour
2320 4088 2425 4172 les
2484 4109 2739 4171 autres
2779 4140 2797 4170 ,
2860 4072 2997 4189 qui
3057 4068 3277 4184 jufqu
3302 4092 3351 4145 a

523 4275 648 4333 ces
681 4241 1012 4329 derniers
1049 4262 1298 4346 temps
1343 4227 1658 4312 auoient
1699 4216 1846 4307 esté
1903 4211 2382 4303 confondus.
2480 4199 2688 4289 Ainfi
2750 4195 2824 4281 la
2871 4182 3345 4306 prononcia¬

528 4369 703 4451 tion
751 4361 847 4444 de
888 4389 1009 4443 ces
1061 4356 1259 4439 deux
1305 4352 1565 4434 lettres
1610 4373 1707 4426 ne
1756 4364 1937 4450 peut
1979 4335 2165 4418 eftre
2209 4323 2625 4416 douteufe,
2665 4318 2854 4401 dans
2889 4314 2998 4396 les
3033 4301 3346 4417 impref-

528 4484 733 4571 fions
774 4475 889 4565 où
924 4475 1081 4561 l’on
1120 4472 1353 4592 garde
1393 4466 1467 4549 le
1516 4462 1805 4549 mefmc
1844 4453 2077 4540 ordre
2113 4512 2135 4545 »
2180 4474 2501 4535 comme
2550 4471 2645 4527 en
2694 4433 3045 4548 celle-cy.
3145 4427 3355 4507 Leur

535 4598 882 4714 exemple
917 4598 1064 4678 m’a
1097 4586 1438 4702 enhardy
1474 4579 1518 4668 à
1551 4577 1784 4697 passer
1827 4573 1996 4689 plus
2031 4597 2294 4655 auant.
2346 4561 2494 4680 I’ay
2524 4589 2674 4650 veu
2698 4580 2973 4672 quatre
3004 4569 3355 4664 pronon¬

543 4721 872 4809 ciations
905 4709 1342 4799 differentes
1377 4710 1562 4790 dans
1595 4699 1740 4813 nos
1749 4697 1842 4813 f,
1887 4701 1974 4778 ôc
2003 4692 2194 4778 trois
2226 4687 2416 4771 dans
2439 4712 2582 4767 nos
2617 4713 2658 4762 e
2678 4742 2700 4769 ,
2736 4678 2824 4757 Ôc
2858 4670 3002 4783 j’ay
3033 4654 3360 4753 cherché

543 4840 653 4926 les
676 4863 997 4953 moyens
1023 4829 1191 4916 d’en
1214 4828 1409 4911 ofter
1446 4848 1703 4907 routes
1738 4811 2255 4926 ambiguitez,
2292 4835 2403 4889 ou
2440 4829 2573 4916 par
2609 4795 2739 4882 des
2771 4793 3188 4877 caraéfcres
3213 4777 3362 4865 dif¬

548 4963 798 5046 férons
819 5018 840 5046 ,
880 4981 987 5037 ou
1012 4976 1142 5062 par
1172 4948 1303 5030 des
1326 4942 1571 5060 régies
1592 4931 2025 5056 generales,
2052 4955 2237 5012 avec
2256 4922 2633 5040 quelques
2652 4913 3121 5025 exceptions.
3165 4906 3245 4987 le
3268 4926 3367 4983 ne

550 5083 721 5194 fçay
764 5075 822 5158 fi
862 5071 963 5182 j’y
995 5095 1227 5181 auray
1271 5060 1528 5152 rcüflî,
1563 5057 1754 5141 mais
1796 5052 1852 5136 fi
1883 5074 2084 5136 cette
2124 5040 2476 5132 ébauche
2515 5066 2612 5123 ne
2656 5031 2966 5147 déplaift
3009 5053 3182 5140 pas,
3220 5019 3367 5103 elle

558 5222 839 5314 pourra
857 5189 1155 5273 donner
1189 5188 1362 5267 iour
1397 5179 1442 5264 à
1477 5180 1660 5264 faire
1683 5205 1782 5260 vn
1811 5164 2080 5256 trauail
2119 5163 2288 5277 plus
2325 5156 2612 5246 acheué
2642 5155 2768 5239 fur
2801 5176 2998 5233 cette
3021 5142 3368 5230 matière,

564 5321 651 5398 ôc
696 5308 1103 5429 peut-eftre
1140 5332 1291 5420 que
1322 5329 1409 5386 ce
1454 5325 1549 5381 ne
1597 5295 1749 5378 fera
1796 5321 1927 5404 pas
1972 5286 2243 5370 rendre
2296 5311 2399 5369 vn
2448 5275 2641 5396 petit
2685 5271 2973 5358 feruice
3025 5261 3071 5347 à
3117 5256 3376 5343 noftre

568 5439 890 5548 Langue
926 5431 1014 5510 ôc
1062 5451 1158 5509 au
1210 5417 1511 5510 Public.

2729 5498 2902 5616 ã ij
