4267 6763
1018 454 1142 543 go
1822 436 1911 533 C
1958 423 2355 530 LIT
2370 425 2667 530 AN
2714 427 3186 554 DRE,

1202 609 1578 725 Non-pas
1616 635 1776 728 que
1820 621 1886 715 je
1924 601 2238 723 foùpire
2272 599 2494 723 après
2528 634 2688 693 une
2722 634 3216 729 vangeance,

1203 731 1372 837 Qui
1413 763 1511 817 ne
1551 762 1737 852 peut
1779 762 1909 817 me
1937 730 2251 817 donner
2291 727 2587 847 qu’une
2615 731 2863 818 faufle
2903 731 3383 852 allégeance,

1198 859 1314 940 Le
1348 859 1636 944 Prince
1674 859 1886 941 aime
1920 850 2384 949 Clitandre,
2426 860 2514 940 Le
2554 885 2758 941 mon
2800 864 3115 976 respect
3154 860 3489 945 consent

1207 983 1398 1085 Que
1439 978 1584 1063 son
1621 978 2018 1069 afteétion
2055 979 2130 1063 le
2165 978 2478 1064 déclaré
2519 982 2908 1067 innocent
2933 1013 2948 1059 :

1198 1106 1411 1191 Mais
1448 1101 1499 1185 fi
1540 1100 1891 1223 quelque
1924 1101 2119 1222 pitié
2154 1096 2389 1191 d’une
2422 1102 2609 1195 telle
2642 1102 3061 1192 infortune

1197 1229 1406 1314 Peut
1435 1224 1760 1314 souffrir
1795 1224 2322 1345 aujourd’huy
2359 1259 2520 1345 que
2557 1247 2626 1341 je
2663 1258 2868 1320 vous
2909 1229 3414 1348 importune,

1199 1347 1495 1437 Oftant
1532 1384 1671 1473 par
1712 1383 1821 1437 un
1862 1356 2189 1472 Hymen
2233 1348 2547 1471 l’espoir
2584 1353 2627 1441 à
2668 1384 2833 1442 mes
2870 1357 3177 1451 rivaux,

1202 1475 1408 1574 Sire,
1444 1506 1650 1565 vous
1686 1479 1996 1566 taririez
2034 1475 2110 1565 la
2144 1480 2424 1566 source
2462 1476 2560 1565 de
2598 1510 2750 1570 nos
2784 1510 3052 1566 maux.

1015 1598 1277 1684 ALC.
1317 1604 1441 1684 Tu
1479 1603 1631 1688 fuis
1669 1598 1715 1688 à
1749 1631 1825 1687 te
1863 1629 2209 1723 vanger,
2245 1598 2521 1710 l’objet
2551 1602 2653 1689 de
2691 1633 2767 1688 ta
2799 1603 3203 1693 Maitreffe

1198 1726 1366 1811 Fait
1410 1723 1658 1843 qu’un
1696 1727 1798 1811 tel
1836 1725 2032 1812 défit
2074 1726 2264 1812 cede
2304 1727 2344 1811 à
2380 1725 2722 1813 l’amour
2756 1731 2894 1846 qui
2936 1757 3014 1816 te
3052 1729 3340 1846 presse:

1203 1844 1420 1931 Aulfi
1463 1845 1781 1931 n’eft-ce
1823 1844 2006 1966 qu’à
2039 1876 2233 1966 moy
2269 1846 2365 1931 de
2413 1855 2647 1966 punir
2691 1879 2819 1934 ces
2853 1849 3211 1947 forfaits,

1194 1973 1296 2053 Et
1340 1968 1440 2054 de
1480 1999 1842 2055 montrer
1886 1964 1931 2054 à
1972 1996 2154 2055 tous
2198 1999 2336 2088 par
2374 1973 2476 2058 de
2510 1973 2854 2089 puiflans
2888 1973 3118 2063 effets

1199 2092 1732 2212 Qa'attaquer
1767 2090 2116 2182 Rofidor
2149 2092 2326 2182 c’eft
2361 2097 2438 2182 fe
2471 2097 2808 2216 prendre
2849 2097 2896 2185 à
2929 2104 3511 2221 moy-mefme,

1192 2219 1407 2300 Tant
1440 2216 1509 2331 je
1550 2249 1755 2308 veux
1792 2249 1953 2339 que
1986 2215 2297 2306 chacun
2338 2229 2697 2340 respeéte
2738 2250 2825 2308 ce
2862 2255 3023 2343 que
3060 2224 3352 2340 j'aime,

1193 2343 1276 2427 le
1317 2338 1392 2424 le
1431 2342 1648 2464 feray
1681 2338 1870 2429 bien
1903 2343 2108 2433 voir.
2209 2348 2516 2459 Quand
2549 2378 2640 2433 ce
2673 2346 2974 2464 perfide
3007 2378 3198 2437 tour

1198 2466 1495 2551 Auroit
1532 2501 1627 2555 eu
1670 2497 1877 2586 pour
1910 2466 2137 2577 objet
2174 2468 2251 2560 le
2294 2470 2667 2557 moindre
2704 2470 2803 2560 de
2840 2505 2975 2560 ma
3012 2480 3281 2572 Cour,

1192 2593 1278 2675 le
1312 2586 1630 2679 devrois
1664 2624 1764 2678 au
1806 2590 2098 2683 Public
2139 2624 2278 2714 par
2320 2625 2434 2680 un
2476 2594 2838 2684 honteux
2876 2598 3230 2720 supplice

1193 2713 1327 2798 De
1369 2713 1591 2801 telles
1639 2713 2027 2802 trahisons
2065 2713 2591 2833 l’exemplaire
2638 2721 2943 2831 justice.

1190 2836 1402 2921 Mais
1436 2835 1780 2926 Rofidor
1820 2839 2150 2957 surpris,
2194 2850 2282 2926 6c
2320 2841 2560 2930 bielle
2598 2875 2926 2931 comme
2964 2844 3022 2930 il
3056 2844 3242 2943 l’elf.

1189 2963 1323 3045 Au
1361 2962 1643 3049 devoir
1679 2959 1869 3050 d’un
1911 2994 2101 3057 vrav
2131 2971 2317 3089 Roy
2357 2968 2565 3079 joint
2607 2999 2807 3054 mon
2845 3000 3133 3089 propre
3175 2973 3515 3061 intereft.

1180 3087 1264 3167 le
1304 3080 1442 3203 luy
1480 3087 1696 3206 feray
1730 3087 2014 3185 sentir,
2056 3087 2103 3171 à
2132 3121 2220 3176 ce
2260 3091 2560 3177 traiftre
2590 3095 3044 3194 Clitandre,

1185 3206 1565 3325 Quelque
1607 3240 1780 3326 part
1819 3242 1975 3332 que
2021 3211 2093 3299 le
2135 3214 2423 3301 Prince
2453 3250 2503 3334 y
2537 3219 2823 3335 puisse,
2867 3251 2979 3309 ou
3021 3219 3313 3312 vueille
3347 3220 3723 3345 prendre,

1180 3330 1601 3420 Combien
1642 3333 1803 3419 mal
1844 3333 1891 3422 à
1934 3364 2231 3454 propos
2276 3339 2353 3427 fa
2378 3338 2581 3428 folle
2614 3343 2885 3433 vanité

1183 3457 1534 3572 Croyoit
1569 3455 1764 3543 dans
1795 3457 1870 3542 fa
1901 3462 2186 3548 faveur
2215 3492 2544 3554 trouver
2577 3465 3053 3586 l’impunité,

1180 3585 1269 3661 le
1298 3580 1495 3665 tiens
1522 3575 1649 3666 cét
1690 3580 2027 3679 alfafiin,
2068 3615 2177 3670 un
2206 3588 2579 3706 foupçon
2606 3593 3041 3692 véritable,

1179 3703 1372 3811 Que
1410 3707 1670 3790 m’ont
1714 3702 1986 3793 donné
2018 3703 2128 3797 les
2162 3739 2396 3827 corps
2428 3712 2614 3799 d’un
2651 3717 2942 3833 couple
2977 3716 3454 3815 détestable,

1177 3827 1305 3912 De
1339 3826 1477 3912 fon
1515 3823 1767 3913 lafehe
1811 3858 2145 3916 attentat
2193 3833 2521 3923 m’avoit
2563 3835 2617 3921 fi
2661 3839 2851 3925 bien
2889 3845 3247 3938 instruit,

1176 3951 1366 4057 Que
1406 3945 1574 4061 déjà
1612 3950 1806 4039 dans
1844 3951 1952 4040 les
1990 3954 2142 4043 fers
2184 3954 2242 4040 il
2282 3989 2380 4043 en
2422 3963 2678 4079 reçoit
2726 3964 2798 4052 le
2832 3963 3052 4052 fruit.

1303 4074 1485 4189 Toy
1527 4070 1855 4194 qu’avec
1893 4077 2233 4166 Rofidor
2281 4079 2353 4167 le
2399 4081 2771 4176 bonheur
2809 4118 2855 4173 a
2889 4086 3207 4189 sauvée.

1176 4197 1304 4278 Tu
1352 4224 1432 4276 te
1472 4227 1674 4313 peux
1714 4197 2048 4291 alfeurer
2092 4235 2252 4322 que
2290 4205 2582 4295 Dorife
2624 4209 2996 4308 trouvée,

1171 4325 1530 4405 Comme
1571 4319 1661 4406 ils
1695 4324 2019 4411 avoient
2061 4325 2306 4414 choifi
2343 4334 2639 4423 mefme
2677 4333 2921 4424 heure
2955 4333 3002 4422 à
3037 4337 3299 4428 voftre
3339 4372 3595 4440 mort,

1168 4447 1293 4527 En
1334 4443 1627 4532 mefme
1668 4444 1913 4533 heure
1952 4478 2139 4538 tous
2176 4452 2385 4537 deux
2422 4486 2715 4546 auront
2756 4492 2869 4546 un
2910 4460 3203 4550 mefme
3236 4465 3422 4555 fort.

991 4565 1245 4648 CAL.
1311 4566 1517 4661 Sire,
1553 4598 1654 4656 ne
1691 4570 1988 4692 songez
2025 4606 2164 4691 pas
2201 4570 2248 4660 à
2291 4606 2500 4666 cette
2533 4583 2983 4684 miferable,

1168 4686 1509 4776 Rofidor
1550 4720 1887 4814 garantv
1920 4729 2057 4785 me
2092 4698 2293 4787 rend
2320 4699 2397 4787 fa
2430 4706 2898 4805 redevable,

1168 4817 1270 4897 Et
1307 4822 1376 4916 je
1418 4848 1548 4903 me
1582 4818 1750 4903 fens
1780 4816 2050 4907 forcée
2083 4817 2130 4912 à
2171 4822 2308 4947 luy
2347 4830 2674 4919 vouloir
2717 4836 2824 4920 du
2861 4835 3088 4934 bien,

1167 4933 1495 5026 D’avoir
1537 4935 1583 5026 à
1617 4941 1877 5030 voftre
1913 4950 2101 5035 Etat
2141 4948 2521 5040 confiervé
2559 4989 2647 5043 ce
2687 4958 3023 5048 soutien.

982 5056 1236 5140 ALC.
1278 5065 1388 5144 Le
1431 5094 1824 5185 genereux
1864 5071 2176 5193 orgueil
2210 5072 2348 5163 des
2382 5109 2600 5164 âmes
2630 5086 3176 5202 magnanimes

1163 5183 1313 5267 Par
1355 5214 1459 5269 un
1507 5188 1753 5277 noble
1787 5187 2071 5281 dédain
2109 5195 2299 5312 fçait
2339 5204 2797 5317 pardonner
2831 5205 2943 5293 les
2973 5212 3255 5296 crimes
3281 5250 3295 5290 :

1168 5306 1376 5388 Mais
1414 5309 1674 5396 voftre
1708 5324 1971 5431 aspect
2012 5315 2484 5439 m’emporte
2520 5320 2565 5413 à
2602 5323 2942 5417 d’autres
2982 5332 3432 5431 fentimens,

1159 5427 1398 5510 Dont
1431 5426 1498 5537 je
1537 5463 1631 5516 ne
1669 5439 1837 5547 puis
1871 5439 2155 5528 cacher
2193 5442 2299 5529 les
2335 5451 2573 5549 justes
2607 5482 3181 5559 mouuemens;

1162 5553 1287 5629 Ce
1316 5552 1513 5635 teint
1550 5558 1751 5668 pafle
1784 5553 1829 5641 à
1866 5588 2049 5647 tous
2084 5565 2293 5651 deux
2330 5601 2463 5656 me
2496 5580 2772 5696 rougit
2814 5574 2912 5663 de
2956 5580 3260 5678 colere,

1159 5677 1266 5757 Et
1303 5671 1626 5762 vouloir
1665 5679 2151 5784 madoucir,
2193 5688 2370 5779 c’eft
2409 5693 2736 5784 vouloir
2771 5733 2904 5791 me
2937 5698 3303 5822 déplaire.
