4267 6763
949 463 1097 569 78

1735 441 1821 535 C
1899 427 2309 529 LIT
2343 427 3163 547 ANDRE,

1149 625 1313 707 Son
1357 613 1617 701 indice
1651 609 2057 701 douteux,
2105 635 2313 723 pour
2347 639 2503 723 peu
2549 603 2741 723 qu’il
2783 609 2889 693 ait
2933 603 3031 693 de
3069 603 3291 719 jour,

1145 735 1657 829 N’éclaircira
1687 767 1843 855 que
1885 763 2067 851 trop
2105 763 2305 817 mon
2343 731 2621 821 forfait
2661 727 2705 817 à
2735 727 2811 817 la
2841 735 3097 817 Cour.

1149 863 1489 983 Simple,
1523 859 1675 979 j'ay
1713 885 1903 979 peur
1943 885 2185 943 encor
2225 885 2379 975 que
2417 885 2507 939 ce
2541 855 2903 943 malheur
2941 851 3423 949 m'avienne,

1145 1001 1247 1075 Et
1291 991 1367 1103 je
1397 987 1569 1103 puis
1607 983 1851 1071 éviter
1885 1013 2019 1067 ma
2061 1005 2283 1097 perte
2321 1009 2459 1097 par
2497 979 2573 1063 la
2611 979 2907 1063 fienne!

1145 1123 1247 1203 Et
1295 1111 1627 1199 mefmes
1665 1141 1781 1195 on
1819 1105 2063 1195 diroit
2101 1101 2349 1225 qu’un
2383 1127 2609 1191 antre
2647 1133 2833 1185 tout
2881 1097 3149 1221 exprès

1149 1243 1297 1323 Me
1335 1233 1583 1357 garde
1621 1259 1825 1319 mon
1859 1225 2049 1349 épée
2093 1255 2195 1313 au
2219 1229 2427 1313 fond
2467 1229 2565 1313 de
2607 1259 2731 1313 ces
2775 1225 3079 1313 forefts.

1149 1357 1353 1445 C’eft
1401 1391 1499 1445 en
1547 1387 1635 1441 ce
1679 1357 1837 1441 lieu
1881 1353 2075 1441 fatal
2115 1347 2309 1473 qu’il
2347 1383 2481 1437 me
2523 1353 2595 1437 le
2633 1353 2807 1441 faut
2853 1353 3281 1445 conduire,

1149 1479 1357 1569 C’eft
1397 1479 1473 1569 là
1507 1475 1753 1599 qu’un
1793 1475 2141 1565 heureux
2175 1507 2389 1595 coup
2431 1475 2895 1595 l’empcfche
2925 1479 3027 1565 de
3051 1507 3185 1561 me
3211 1475 3463 1565 nuire,

1145 1613 1229 1693 le
1259 1639 1357 1693 ne
1397 1603 1547 1723 m’y
1585 1603 1763 1723 puis
1797 1603 2173 1693 refoudre
2193 1665 2217 1697 >
2255 1635 2365 1683 un
2401 1629 2603 1687 reste
2637 1603 2735 1687 de
2775 1599 2965 1719 pitié

1149 1727 1533 1815 Violente
1573 1757 1775 1811 mon
1811 1753 2035 1811 cœur
2075 1723 2119 1811 à
2159 1727 2295 1811 des
2325 1727 2543 1811 traits
2577 1723 2965 1821 d’amitié,

1145 1859 1269 1939 En
1313 1855 1495 1943 vain
1533 1859 1605 1957 je
1643 1849 1785 1965 luy
1819 1845 2123 1939 refiste,
2167 1849 2255 1931 ôc
2295 1845 2559 1931 tafehe
2589 1845 2635 1931 à
2673 1881 2801 1935 me
2837 1845 3221 1935 défendre

1149 1973 1367 2063 D’un
1401 1973 1643 2057 fecret
1683 1995 2221 2057 mouvement
2259 1999 2419 2089 que
2449 1969 2521 2085 je
2559 1999 2661 2053 ne
2695 1973 2867 2089 puis
2907 1969 3471 2093 comprendre,

1159 2105 1323 2185 Son
1353 2097 1539 2221 âge,
1581 2097 1657 2181 fa
1691 2091 2027 2189 beauté,
2061 2091 2137 2181 fa
2175 2123 2455 2217 grâce,
2489 2091 2635 2181 fon
2661 2097 3071 2189 maintien,

1149 2233 1489 2313 Forcent
1533 2251 1701 2309 mes
1731 2219 2159 2309 fentimens
2197 2225 2243 2305 à
2277 2219 2415 2339 luy
2449 2219 2775 2309 vouloir
2809 2219 2917 2305 du
2963 2219 3189 2317 bien,

1149 2357 1257 2433 Et
1291 2343 1455 2433 l’air
1497 2347 1595 2433 de
1639 2347 1781 2433 fon
1823 2343 2085 2467 vifage
2127 2373 2173 2427 a
2207 2343 2555 2463 quelque
2589 2347 3071 2467 mignardife

1149 2475 1323 2581 Qui
1369 2501 1467 2555 ne
1511 2471 1657 2559 tire
1695 2501 1829 2587 pas
1871 2471 2035 2555 mal
2083 2461 2123 2551 à
2167 2467 2365 2555 celle
2409 2471 2507 2555 de
2541 2471 2855 2555 Donfe.

1155 2599 1287 2683 Ah
1331 2625 1345 2675 i
1387 2625 1543 2713 que
1581 2615 1753 2679 tant
1797 2593 1899 2679 de
1933 2589 2335 2679 malheurs
2369 2593 2851 2679 m’auroient
2893 2589 3269 2691 favorisé.

1155 2721 1229 2807 Si
1273 2753 1319 2807 c
1339 2717 1543 2807 étoic
1591 2717 2085 2801 clle-mefme
2119 2749 2217 2801 en
2259 2713 2485 2801 habit
2523 2713 2845 2837 déguifé
2871 2739 2885 2797 I

1149 2841 1309 2929 l’en
1343 2871 1609 2925 meurs
1643 2841 1815 2951 déjà
1855 2837 1953 2925 de
1991 2837 2221 2957 joye,
2263 2845 2353 2921 Lc
2395 2867 2595 2925 mon
2637 2871 2815 2925 ame
2849 2841 3067 2929 ravie

1155 2963 1675 3053 Abandonne
1709 2963 1785 3049 le
1827 2963 2005 3049 foin
2047 2963 2155 3049 du
2193 2991 2397 3049 reste
2435 2959 2537 3053 de
2571 2995 2705 3049 ma
2739 2963 2899 3061 vie,

1149 3095 1235 3177 le
1269 3123 1367 3177 ne
1401 3087 1551 3171 fuis
1591 3087 1763 3207 plus
1797 3083 1843 3171 à
1877 3117 2111 3207 moy,
2145 3087 2419 3207 quand
2449 3087 2525 3199 je
2567 3091 2785 3177 viens
2819 3083 2863 3171 à
2897 3087 3171 3207 penfer

1155 3219 1229 3299 A
1269 3241 1489 3331 quov
1523 3211 1953 3299 l’occafion
1981 3241 2115 3299 me
2149 3215 2525 3331 pourroit
2571 3215 2987 3331 dispenser.

1149 3343 1411 3453 Quoy
1445 3333 1639 3453 qu’il
1673 3369 1771 3423 en
1801 3339 2001 3431 soit,
2043 3365 2349 3457 voyant
2391 3365 2569 3423 tant
2603 3339 2701 3423 de
2731 3339 2841 3423 fes
2881 3339 3101 3423 traits
3135 3329 3573 3435 ensemble,

1149 3465 1235 3551 le
1269 3487 1503 3577 porte
1551 3457 1657 3547 du
1695 3465 2005 3577 respeét
2043 3457 2089 3547 à
2131 3493 2221 3547 ce
2251 3461 2389 3581 qui
2427 3461 2565 3581 luy
2589 3461 3031 3551 relfemble.

1273 3581 1705 3669 Miferable
1749 3585 2185 3705 Pymante,
2233 3585 2419 3669 ainfi
2461 3585 2679 3669 donc
2713 3615 2807 3673 tu
2837 3611 2917 3673 te
2963 3611 3171 3705 pers!

1149 3713 1423 3793 Encor
1453 3703 1643 3823 qu’il
1695 3707 1965 3793 tienne
1999 3739 2107 3793 un
2149 3739 2299 3823 peu
2347 3707 2445 3793 de
2483 3707 2679 3797 celle
2717 3739 2877 3827 que
2915 3739 3005 3797 tu
3039 3707 3221 3805 fers,

1149 3827 1485 3915 Etouffe
1515 3863 1605 3915 ce
1639 3827 1947 3915 témoin
1991 3863 2199 3947 pour
2233 3831 2569 3915 affeurer
2607 3863 2687 3915 ta
2727 3835 2947 3921 tefte:

1159 3951 1287 4043 S’il
1331 3955 1481 4049 eft,
1523 3985 1851 4039 comme
1881 3955 1939 4039 il
1981 3955 2053 4039 le
2093 3955 2251 4049 dit,
2299 3955 2493 4039 batu
2537 3955 2767 4039 dune
2801 3959 3215 4075 tempefte,

1159 4083 1291 4163 Au
1331 4077 1485 4163 lieu
1529 4073 1763 4197 qu’en
1797 4105 1877 4163 ta
1915 4073 2211 4163 cabane
2251 4077 2305 4163 il
2343 4077 2679 4167 cherche
2713 4077 3067 4203 quelque
3105 4105 3325 4197 port,

1159 4209 1309 4321 Fay
1343 4231 1499 4321 que
1537 4205 1731 4285 dans
1771 4231 1979 4285 cette
2013 4227 2283 4321 grotte
2321 4201 2375 4285 il
2417 4231 2845 4291 rencontre
2881 4205 2957 4291 fa
2985 4231 3229 4291 mort.

1159 4325 1507 4409 Modéré
1541 4351 1727 4427 toy,
1761 4325 2023 4423 cruel,
2059 4333 2147 4409 &c
2185 4325 2471 4445 plûtoft
2515 4355 2881 4413 examine

1163 4453 1257 4537 Sa
1295 4447 1613 4567 parole,
1651 4447 1797 4537 fon
1833 4447 2071 4545 teint,
2115 4457 2203 4537 Le
2233 4453 2313 4537 fa
2357 4447 2609 4545 taille,
2661 4457 2745 4537 &
2783 4453 2863 4537 fa
2893 4483 3149 4555 mine;

1163 4575 1243 4661 Si
1287 4571 1459 4661 c’eft
1507 4575 1789 4661 Dorife
1819 4637 1843 4669 >
1877 4571 2089 4661 alors
2123 4601 2481 4695 révoqué
2511 4571 2639 4665 cét
2673 4579 2947 4673 arreft,

1163 4695 1467 4793 Sinon,
1507 4729 1665 4819 que
1701 4695 1775 4787 la
1815 4695 2005 4819 pitié
2043 4699 2233 4787 cede
2263 4695 2309 4787 à
2347 4725 2493 4787 ton
2533 4699 2731 4787 inter
2743 4703 2873 4793 eft*
