4267 6626
1207 367 2340 480 COMEDIE.
3135 387 3264 488 //

561 570 766 650 Mais
803 562 860 648 il
890 582 1082 648 vaut
1114 557 1378 640 mieux
1411 551 1564 635 t’en
1591 553 1784 640 rire,
1825 551 1908 632 &
1945 574 2150 661 pour
2187 545 2492 628 dernier
2523 539 2762 628 effort

560 696 739 807 Luy
777 708 1137 773 montrer
1179 708 1275 761 en
1311 673 1623 760 raillant
1664 669 2043 757 combien
2080 665 2227 753 elle
2264 700 2309 752 a
2360 665 2457 748 de
2494 690 2681 748 tort.

1007 932 2153 1118 SCENE
2423 932 2629 1097 II

714 1263 811 1360 E
874 1262 983 1363 R
1054 1257 1151 1357 A
1234 1255 1315 1360 S
1386 1250 1511 1355 T
1566 1256 1663 1349 E
1719 1328 1759 1372 ,
1906 1253 2083 1346 M
2138 1248 2235 1340 E
2314 1246 2411 1339 L
2486 1249 2563 1342 I
2634 1239 2751 1344 T
2810 1246 2931 1347 E.

397 1540 658 1628 ERA.
945 1527 1184 1649 /\Voy,
1225 1524 1430 1615 feule
1457 1527 1544 1607 Sc
1569 1519 2474 1608 fansTircisvraiment
2501 1510 2676 1598 c’eft
2715 1540 2822 1595 un
2855 1510 3216 1632 prodige,

966 1663 1063 1741 Et
1105 1683 1189 1736 ce
1225 1644 1521 1736 nouvel
1557 1670 1831 1732 amant
1868 1643 2043 1757 déjà
2078 1670 2263 1757 trop
2300 1670 2505 1728 vous
2544 1631 2909 1757 négligé,

573 1783 912 1868 Laiflant
950 1774 1132 1865 ainfi
1170 1774 1440 1861 couler
1479 1769 1554 1857 la
1593 1769 1800 1856 belle
1826 1760 2194 1853 occafion

570 1908 701 1990 De
733 1933 933 1991 vous
971 1927 1249 1985 conter
1282 1894 1309 1980 l
1337 1924 1571 1982 excez
1608 1893 1707 1978 de
1748 1890 1891 1978 fon
1935 1886 2349 1977 affection.

397 2029 696 2116 MEL.
739 2028 968 2107 Vous
997 2022 1270 2137 fçavez
1304 2049 1460 2132 que
1497 2016 1640 2099 fon
1678 2044 1858 2095 ame
1890 2041 1990 2093 en
2024 2012 2128 2094 eft
2165 2011 2332 2090 fort
2367 2011 2900 2119 depourveue.

396 2153 667 2238 ERA.
712 2144 1213 2237 Toutesfois,
1255 2170 1343 2223 ce
1372 2135 1679 2227 dit-on,
1720 2132 1995 2250 depuis
2033 2127 2223 2250 qu’il
2256 2157 2461 2211 vous
2495 2158 2539 2210 a
2576 2130 2801 2214 veué,

577 2270 644 2358 Il
686 2305 778 2357 en
820 2295 1046 2386 porte
1079 2266 1270 2349 dans
1307 2256 1534 2346 famé
1566 2291 1676 2344 un
1703 2257 1758 2339 6
1795 2256 2016 2340 doux
2055 2251 2460 2345 fouvenir,

586 2391 803 2500 Qu’il
841 2390 959 2478 n’a
997 2386 1167 2509 plus
1204 2387 1301 2471 de
1343 2380 1627 2500 plaifirs
1661 2374 1839 2499 qu’à
1873 2407 2077 2465 vous
2107 2375 2557 2462 entretenir.

401 2519 706 2608 MEL.
751 2514 816 2599 Il
854 2546 898 2598 a
937 2511 1092 2597 lieu
1129 2511 1226 2596 de
1260 2506 1364 2595 s’v
1402 2506 1640 2621 plaire
1680 2532 1870 2591 avec
1908 2498 2250 2621 quelque
2289 2498 2594 2612 justice,

586 2636 991 2724 L’Amour
1031 2633 1213 2720 ainfi
1255 2627 1433 2751 qu’à
1468 2627 1607 2724 luy
1653 2658 1779 2711 me
1821 2626 2077 2740 paroit
2123 2653 2231 2711 un
2266 2621 2655 2737 fupplice,

583 2770 688 2848 Et
725 2761 800 2845 fa
837 2756 1194 2844 froideur
1234 2752 1792 2871 qu’augmente
1834 2780 1942 2832 un
1979 2748 2034 2831 fi
2067 2744 2310 2832 lourd
2348 2739 2736 2828 entretien

590 2890 705 2970 Le
747 2882 1007 2966 refont
1048 2874 1395 2961 d’autant
1433 2903 1697 2957 mieux
1734 2868 1779 2957 à
1813 2870 2133 2956 n’aimer
2172 2869 2439 2979 jamais
2473 2866 2663 2953 rien.

413 3010 674 3094 ERA.
725 3006 946 3090 Dites
987 2995 1032 3087 à
1070 2998 1394 3086 n’aimer
1424 2999 1590 3082 rien
1632 3024 1788 3112 que
1829 2994 1900 3078 la
1945 2990 2146 3079 belle
2183 2990 2490 3074 Mclite.

414 3127 689 3216 MEL
699 3193 713 3211 .
758 3128 973 3215 Pour
1011 3153 1179 3207 tant
1220 3121 1317 3207 de
1347 3116 1611 3206 vanité
1648 3115 1797 3237 j’ay
1829 3145 2011 3233 trop
2049 3145 2197 3232 peu
2234 3114 2333 3199 de
2369 3110 2667 3200 mérité.

417 3253 684 3337 ERA.
725 3257 842 3337 En
875 3244 1148 3334 faut-il
1182 3270 1352 3329 tant
1394 3244 1614 3328 avoir
1652 3270 1856 3357 pour
1896 3271 1982 3323 ce
2028 3266 2400 3324 nouveau
2438 3241 2686 3323 venu?

422 3369 731 3458 MEL.
778 3374 911 3458 Vn
949 3400 1093 3487 peu
1117 3365 1291 3484 plus
1313 3395 1469 3488 que
1493 3395 1697 3483 pour
1717 3363 1943 3449 vous.
2006 3362 2281 3447 ERA.
2320 3361 2707 3472 Devray,
2748 3352 2889 3472 j’ay
2913 3374 3301 3444 reconnu,

595 3494 826 3577 Vous
864 3520 1092 3584 avant
1136 3521 1240 3608 pu
1277 3490 1512 3574 fervir
1557 3486 1762 3574 deux
1790 3516 1974 3577 ans,
2015 3490 2102 3564 &
2139 3483 2608 3595 davantage,

600 3614 821 3722 Qml
858 3616 1025 3700 faut
1066 3612 1119 3694 fi
1157 3641 1309 3724 peu
1347 3637 1503 3724 que
1541 3612 1705 3690 rien
1742 3602 1783 3691 à
1825 3602 2159 3686 toucher
2197 3631 2395 3683 mon
2429 3624 2797 3711 courage.

427 3739 724 3824 MEL.
760 3744 1028 3821 Encor
1061 3732 1114 3816 fi
1152 3762 1300 3846 peu
1338 3759 1494 3846 que
1528 3726 1696 3811 c'efi:
1740 3757 1938 3811 vous
1975 3722 2194 3807 étant
2236 3715 2520 3811 refufé,

604 3853 1019 3946 Préfumez
1067 3884 1383 3940 comme
1429 3848 1741 3935 ailleurs
1777 3877 1977 3932 vous
2016 3844 2227 3928 ferez
2267 3836 2621 3957 meprifé.

427 3983 692 4071 ERA.
737 3982 908 4066 Vos
946 3974 1228 4092 mépris
1264 4004 1360 4057 ne
1393 3973 1572 4057 font
1614 3999 1744 4086 pas
1781 3970 1878 4052 de
1916 3965 2210 4087 grande
2252 3965 2836 4079 conséquence.

609 4112 709 4188 Et
747 4134 843 4187 ne
877 4098 1279 4188 vaudront
1318 4094 1589 4208 jamais
1626 4091 1701 4178 la
1735 4094 1961 4207 peine
1997 4120 2155 4207 que
2186 4085 2287 4203 j'y
2335 4086 2599 4204 penfej

617 4224 998 4338 Sçachant
1044 4219 1232 4341 qu’il
1268 4249 1468 4307 vous
1502 4217 1830 4332 voyoit,
1867 4216 1942 4324 je
1980 4206 2288 4299 m’étois
2321 4208 2508 4295 bien
2545 4202 2794 4290 douté

620 4349 809 4454 Que
844 4350 917 4458 je
949 4375 1045 4427 ne
1082 4344 1313 4428 ferois
1355 4339 1529 4454 plus
1563 4367 1719 4458 que
1756 4336 1917 4421 fort
1955 4332 2115 4420 mal
2156 4327 2465 4419 écouté.

439 4466 744 4553 MEL.
786 4474 968 4553 Sans
1002 4496 1162 4583 que
1192 4495 1356 4549 mes
1394 4462 1702 4545 aéfions
1739 4456 1830 4545 de
1868 4457 2042 4574 plus
2084 4453 2250 4570 prés
2285 4452 2738 4562 j’examine,

621 4599 691 4678 A
732 4587 809 4673 la
847 4586 1249 4674 meilleure
1280 4578 1621 4669 humeur
1660 4577 1731 4687 je
1764 4582 1905 4666 fais
1941 4573 2349 4665 meilleure
2381 4577 2637 4666 mine,

622 4719 722 4798 Et
764 4708 872 4795 s’il
916 4707 1226 4796 m’ofoic
1278 4703 1472 4791 tenir
1513 4698 1610 4786 de
1651 4698 2116 4786 semblables
2157 4699 2556 4790 discours,

623 4841 855 4920 Nous
893 4831 1343 4946 romprions
1385 4819 1779 4912 ensemble
1821 4850 2055 4910 avant
2101 4819 2293 4936 qu’il
2324 4819 2477 4903 fuft
2524 4816 2725 4898 deux
2760 4810 3005 4922 jours.

449 4957 718 5041 ERA.
768 4958 838 5041 Si
882 4953 1188 5071 chaque
1222 4948 1446 5062 objet
1484 4974 1856 5032 nouveau
1893 4945 1986 5028 de
2024 4943 2318 5024 mefme
2352 4970 2552 5024 vous
2594 4961 2936 5054 engage,

635 5073 697 5162 Il
739 5078 1127 5195 changera
1164 5069 1545 5162 bien-toft
1588 5069 2003 5153 d’humeur
2044 5066 2133 5144 &
2178 5057 2271 5143 de
2312 5056 2647 5179 langage
2671 5091 2685 5131 :

634 5199 942 5286 Caressé
984 5200 1482 5283 maintenant
1520 5189 1904 5278 auifi-toft
1942 5178 2444 5303 qu’aperceu,

639 5319 1153 5426 Qu’auroit-il
1190 5315 1235 5403 à
1277 5320 1347 5403 fe
1385 5312 1775 5432 plaindre,
1817 5311 2061 5394 eftant
2098 5303 2149 5386 fi
2200 5303 2379 5386 bien
2417 5311 2693 5387 receu?

462 5444 770 5529 MEL.
816 5448 1124 5532 Eraste,
1166 5466 1706 5559 voyez-vous,
1756 5428 1968 5520 trêve
2005 5424 2106 5511 de
2143 5423 2500 5533 jaloufîe,

643 5565 949 5685 Purgcz
989 5562 1249 5653 voftre
1281 5590 1611 5654 cerveau
1648 5557 1745 5645 de
1777 5579 1981 5641 cette
2018 5544 2369 5644 freneTie,
