<?xml version="1.0" encoding="UTF-8" standalone="yes"?>
<PcGts xmlns="http://schema.primaresearch.org/PAGE/gts/pagecontent/2013-07-15" xmlns:xsi="http://www.w3.org/2001/XMLSchema-instance" xsi:schemaLocation="http://schema.primaresearch.org/PAGE/gts/pagecontent/2013-07-15 http://schema.primaresearch.org/PAGE/gts/pagecontent/2013-07-15/pagecontent.xsd">
    <Metadata>
        <Creator></Creator>
        <Created>2018-12-28T15:05:40.895+01:00</Created>
        <LastChange>2019-08-11T00:02:30.697+02:00</LastChange>
        <Comments>
                Measurement unit: pixel
                PrimaryLanguage: English
                Language: FrenchStandard
                Producer: ABBYY FineReader Engine 11</Comments>
        <TranskribusMetadata docId="194228" pageId="7653841" pageNr="158" tsid="13550323" status="DONE" userId="10612" imgUrl="https://files.transkribus.eu/Get?id=NKGEBNUSEYFNMBBELFZMNELC&amp;fileType=view" xmlUrl="https://files.transkribus.eu/Get?id=ROXANEHMGXTFYUPVULIEPFXV" imageId="2059251"/>
    </Metadata>
    <Page imageFilename="Corneille1664_Theatre_bpt6k10403751_corrected_0158.png" imageWidth="4267" imageHeight="6834">
        <PrintSpace>
            <Coords points="909,146 4181,146 4181,5999 909,5999"/>
        </PrintSpace>
        <ReadingOrder>
            <OrderedGroup id="ro_1604236249970" caption="Regions reading order">
                <RegionRefIndexed index="0" regionRef="r_1_1"/>
                <RegionRefIndexed index="2" regionRef="r_3_1"/>
                <RegionRefIndexed index="3" regionRef="r_5_1"/>
                <RegionRefIndexed index="4" regionRef="r_5_2"/>
                <RegionRefIndexed index="5" regionRef="r_5_3"/>
                <RegionRefIndexed index="6" regionRef="r_5_4"/>
                <RegionRefIndexed index="7" regionRef="r_5_5"/>
                <RegionRefIndexed index="8" regionRef="r_5_6"/>
                <RegionRefIndexed index="9" regionRef="r_5_7"/>
                <RegionRefIndexed index="10" regionRef="r_5_8"/>
                <RegionRefIndexed index="11" regionRef="r_5_9"/>
                <RegionRefIndexed index="12" regionRef="r_5_10"/>
                <RegionRefIndexed index="13" regionRef="r_5_11"/>
                <RegionRefIndexed index="14" regionRef="r_5_12"/>
                <RegionRefIndexed index="15" regionRef="r_5_13"/>
                <RegionRefIndexed index="16" regionRef="r_5_14"/>
                <RegionRefIndexed index="17" regionRef="r_5_15"/>
                <RegionRefIndexed index="18" regionRef="r_5_16"/>
                <RegionRefIndexed index="19" regionRef="r_5_17"/>
                <RegionRefIndexed index="20" regionRef="r_5_18"/>
                <RegionRefIndexed index="21" regionRef="r_5_19"/>
                <RegionRefIndexed index="22" regionRef="r_5_20"/>
                <RegionRefIndexed index="23" regionRef="r_5_21"/>
                <RegionRefIndexed index="24" regionRef="r_5_22"/>
                <RegionRefIndexed index="25" regionRef="r_5_23"/>
                <RegionRefIndexed index="26" regionRef="r_5_24"/>
                <RegionRefIndexed index="27" regionRef="r_5_25"/>
                <RegionRefIndexed index="28" regionRef="r_5_26"/>
            </OrderedGroup>
        </ReadingOrder>
        <TextRegion type="paragraph" id="r_1_1" custom="readingOrder {index:0;}">
            <Coords points="1756,410 3102,410 3102,538 1756,538"/>
            <TextLine id="tl_1" primaryLanguage="English" custom="readingOrder {index:0;}">
                <Coords points="1757,411 3101,411 3101,537 1757,537"/>
                <Baseline points="1757,523 1841,523 1985,515 2265,516 2597,520 2753,516 3101,537"/>
                <Word id="w_w2aab1b1b2b1b1ab1" language="English" custom="readingOrder {index:0;}">
                    <Coords points="1757,423 1841,423 1841,523 1757,523"/>
                    <TextEquiv>
                        <Unicode>C</Unicode>
                    </TextEquiv>
                    <TextStyle fontFamily="Times New Roman" fontSize="13.0" italic="true"/>
                </Word>
                <Word id="w_w2aab1b1b2b1b1b1b1" language="English" custom="readingOrder {index:1;}">
                    <Coords points="1881,419 1985,419 1985,515 1881,515"/>
                    <TextEquiv>
                        <Unicode>L</Unicode>
                    </TextEquiv>
                    <TextStyle fontFamily="Times New Roman" fontSize="11.5" italic="true"/>
                </Word>
                <Word id="w_w2aab1b1b2b1b1b2b1" language="English" custom="readingOrder {index:2;}">
                    <Coords points="2041,412 2265,412 2265,516 2041,516"/>
                    <TextEquiv>
                        <Unicode>IT</Unicode>
                    </TextEquiv>
                    <TextStyle fontFamily="Times New Roman" fontSize="13.0" italic="true"/>
                </Word>
                <Word id="w_w2aab1b1b2b1b1b2b7" language="English" custom="readingOrder {index:3;}">
                    <Coords points="2297,420 2597,420 2597,520 2297,520"/>
                    <TextEquiv>
                        <Unicode>AN</Unicode>
                    </TextEquiv>
                    <TextStyle fontFamily="Times New Roman" fontSize="13.0" italic="true"/>
                </Word>
                <Word id="w_w2aab1b1b2b1b1b2c13" language="English" custom="readingOrder {index:4;}">
                    <Coords points="2637,416 2753,416 2753,516 2637,516"/>
                    <TextEquiv>
                        <Unicode>D</Unicode>
                    </TextEquiv>
                    <TextStyle fontFamily="Times New Roman" fontSize="13.0" italic="true"/>
                </Word>
                <Word id="w_w2aab1b1b2b1b1b2c17" language="English" custom="readingOrder {index:5;}">
                    <Coords points="2809,412 3101,412 3101,537 2809,537"/>
                    <TextEquiv>
                        <Unicode>RE,</Unicode>
                    </TextEquiv>
                    <TextStyle fontFamily="Times New Roman" fontSize="13.0" italic="true"/>
                </Word>
                <TextEquiv>
                    <Unicode>CLITANDRE,</Unicode>
                </TextEquiv>
            </TextLine>
            <TextEquiv>
                <Unicode>CLITANDRE,</Unicode>
            </TextEquiv>
        </TextRegion>
        <GraphicRegion id="r_2" custom="readingOrder {index:1;}">
            <Coords points="943,444 3911,444 3911,847 943,847"/>
        </GraphicRegion>
        <TextRegion type="paragraph" id="r_3_1" custom="readingOrder {index:2;}">
            <Coords points="1393,952 3428,952 3428,1204 1393,1204"/>
            <TextLine id="tl_2" primaryLanguage="English" custom="readingOrder {index:0;}">
                <Coords points="1394,953 3427,953 3427,1203 1394,1203"/>
                <Baseline points="1394,1193 2731,1194 3427,1187"/>
                <Word id="w_w2aab1b5b2b1b1ab1" language="English" custom="readingOrder {index:0;}">
                    <Coords points="1394,961 2731,961 2731,1202 1394,1202"/>
                    <TextEquiv>
                        <Unicode>ACTE</Unicode>
                    </TextEquiv>
                    <TextStyle fontFamily="Times New Roman" fontSize="32.0"/>
                </Word>
                <Word id="w_w2aab1b5b2b1b1ac11" language="English" custom="readingOrder {index:1;}">
                    <Coords points="3002,954 3427,954 3427,1187 3002,1187"/>
                    <TextEquiv>
                        <Unicode>IV</Unicode>
                    </TextEquiv>
                    <TextStyle fontFamily="Times New Roman" fontSize="32.0"/>
                </Word>
                <TextEquiv>
                    <Unicode>ACTE IV</Unicode>
                </TextEquiv>
                <TextStyle fontFamily="Times New Roman" fontSize="32.0"/>
            </TextLine>
            <TextEquiv>
                <Unicode>ACTE IV</Unicode>
            </TextEquiv>
        </TextRegion>
        <TextRegion type="paragraph" id="r_5_1" custom="readingOrder {index:3;}">
            <Coords points="985,1487 3859,1487 3859,1684 985,1684"/>
            <TextLine id="tl_3" primaryLanguage="English" custom="readingOrder {index:0;}">
                <Coords points="986,1488 3858,1488 3858,1683 986,1683"/>
                <Baseline points="986,1672 1962,1673 3858,1627"/>
                <Word id="w_w2aab1b9b2b1b1ab1" language="English" custom="readingOrder {index:0;}">
                    <Coords points="986,1496 1962,1496 1962,1681 986,1681"/>
                    <TextEquiv>
                        <Unicode>SCENE</Unicode>
                    </TextEquiv>
                    <TextStyle fontFamily="Times New Roman" fontSize="23.0"/>
                </Word>
                <Word id="w_w2aab1b9b2b1b1ac13" language="English" custom="readingOrder {index:1;}">
                    <Coords points="2218,1491 3858,1491 3858,1675 2218,1675"/>
                    <TextEquiv>
                        <Unicode>PREMIERE-</Unicode>
                    </TextEquiv>
                    <TextStyle fontFamily="Times New Roman" fontSize="23.0"/>
                </Word>
                <TextEquiv>
                    <Unicode>SCENE PREMIERE</Unicode>
                </TextEquiv>
                <TextStyle fontFamily="Times New Roman" fontSize="23.0"/>
            </TextLine>
            <TextEquiv>
                <Unicode>SCENE PREMIERE</Unicode>
            </TextEquiv>
        </TextRegion>
        <TextRegion type="paragraph" id="r_5_2" custom="readingOrder {index:4;}">
            <Coords points="1312,1827 3526,1827 3526,1957 1312,1957"/>
            <TextLine id="tl_4" primaryLanguage="English" custom="readingOrder {index:0;}">
                <Coords points="1313,1828 3525,1828 3525,1956 1313,1956"/>
                <Baseline points="1313,1936 1587,1936 2437,1929 2549,1955 2955,1927 3241,1932 3525,1928"/>
                <Word id="w_w2aab1b9b2b3b1ab1" language="English" custom="readingOrder {index:0;}">
                    <Coords points="1313,1838 1587,1838 1587,1936 1313,1936"/>
                    <TextEquiv>
                        <Unicode>PV</Unicode>
                    </TextEquiv>
                    <TextStyle fontFamily="Times New Roman" fontSize="13.0" italic="true"/>
                </Word>
                <Word id="w_w2aab1b9b2b3b1ab7" language="English" custom="readingOrder {index:1;}">
                    <Coords points="1625,1829 2437,1829 2437,1937 1625,1937"/>
                    <TextEquiv>
                        <Unicode>MANTE</Unicode>
                    </TextEquiv>
                    <TextStyle fontFamily="Times New Roman" fontSize="13.0" italic="true"/>
                </Word>
                <Word id="w_w2aab1b9b2b3b1ac19" language="English" custom="readingOrder {index:2;}">
                    <Coords points="2511,1913 2549,1913 2549,1955 2511,1955"/>
                    <TextEquiv>
                        <Unicode>,</Unicode>
                    </TextEquiv>
                    <TextStyle fontFamily="Times New Roman" fontSize="13.0" italic="true"/>
                </Word>
                <Word id="w_w2aab1b9b2b3b1ac23" language="English" custom="readingOrder {index:3;}">
                    <Coords points="2697,1833 2955,1833 2955,1927 2697,1927"/>
                    <TextEquiv>
                        <Unicode>DO</Unicode>
                    </TextEquiv>
                    <TextStyle fontFamily="Times New Roman" fontSize="13.0" italic="true"/>
                </Word>
                <Word id="w_w2aab1b9b2b3b1ac29" language="English" custom="readingOrder {index:4;}">
                    <Coords points="3015,1833 3241,1833 3241,1934 3015,1934"/>
                    <TextEquiv>
                        <Unicode>RI</Unicode>
                    </TextEquiv>
                    <TextStyle fontFamily="Times New Roman" fontSize="13.0" italic="true"/>
                </Word>
                <Word id="w_w2aab1b9b2b3b1ac35" language="English" custom="readingOrder {index:5;}">
                    <Coords points="3283,1834 3525,1834 3525,1936 3283,1936"/>
                    <TextEquiv>
                        <Unicode>SE.</Unicode>
                    </TextEquiv>
                    <TextStyle fontFamily="Times New Roman" fontSize="13.0" italic="true"/>
                </Word>
                <TextEquiv>
                    <Unicode>PYMANTE, DORISE.</Unicode>
                </TextEquiv>
                <TextStyle fontFamily="Times New Roman" fontSize="13.0" italic="true"/>
            </TextLine>
            <TextEquiv>
                <Unicode>PYMANTE, DORISE.</Unicode>
            </TextEquiv>
        </TextRegion>
        <TextRegion type="paragraph" id="r_5_3" custom="readingOrder {index:5;}">
            <Coords points="947,2096 3707,2096 3707,2227 947,2227"/>
            <TextLine id="tl_5" primaryLanguage="English" custom="readingOrder {index:0;}">
                <Coords points="951,2097 3709,2097 3706,2226 948,2226"/>
                <Baseline points="948,2191 1048,2191 1904,2194 2008,2190 2168,2195 2488,2199 2612,2191 2872,2191 3160,2192 3228,2190 3388,2192 3706,2208"/>
                <Word id="w_w2aab1b9b2b5b1ab1" language="English" custom="readingOrder {index:0;}">
                    <Coords points="948,2101 1238,2101 1238,2193 948,2193"/>
                    <TextEquiv>
                        <Unicode>DOR.</Unicode>
                    </TextEquiv>
                    <TextStyle fontFamily="Times New Roman" fontSize="11.5" italic="true"/>
                </Word>
                <Word id="w_w2aab1b9b2b5b1b1b3" language="English" custom="readingOrder {index:1;}">
                    <Coords points="1824,2136 1904,2136 1904,2194 1824,2194"/>
                    <TextEquiv>
                        <Unicode>te</Unicode>
                    </TextEquiv>
                    <TextStyle fontFamily="Times New Roman" fontSize="10.0"/>
                </Word>
                <Word id="w_w2aab1b9b2b5b1b1b9" language="English" custom="readingOrder {index:2;}">
                    <Coords points="1936,2104 2008,2104 2008,2194 1936,2194"/>
                    <TextEquiv>
                        <Unicode>le</Unicode>
                    </TextEquiv>
                    <TextStyle fontFamily="Times New Roman" fontSize="10.0"/>
                </Word>
                <Word id="w_w2aab1b9b2b5b1b1c15" language="English" custom="readingOrder {index:3;}">
                    <Coords points="2048,2104 2168,2104 2168,2195 2048,2195"/>
                    <TextEquiv>
                        <Unicode>dis</Unicode>
                    </TextEquiv>
                    <TextStyle fontFamily="Times New Roman" fontSize="10.0"/>
                </Word>
                <Word id="w_w2aab1b9b2b5b1b1c23" language="English" custom="readingOrder {index:4;}">
                    <Coords points="2194,2133 2488,2133 2488,2199 2194,2199"/>
                    <TextEquiv>
                        <Unicode>encor,</Unicode>
                    </TextEquiv>
                    <TextStyle fontFamily="Times New Roman" fontSize="10.0"/>
                </Word>
                <Word id="w_w2aab1b9b2b5b1b1c37" language="English" custom="readingOrder {index:5;}">
                    <Coords points="2526,2131 2612,2131 2612,2191 2526,2191"/>
                    <TextEquiv>
                        <Unicode>tu</Unicode>
                    </TextEquiv>
                    <TextStyle fontFamily="Times New Roman" fontSize="10.0"/>
                </Word>
                <Word id="w_w2aab1b9b2b5b1b1c43" language="English" custom="readingOrder {index:6;}">
                    <Coords points="2634,2101 2872,2101 2872,2221 2634,2221"/>
                    <TextEquiv>
                        <Unicode>perds</Unicode>
                    </TextEquiv>
                    <TextStyle fontFamily="Times New Roman" fontSize="10.0"/>
                </Word>
                <Word id="w_w2aab1b9b2b5b1b1c55" language="English" custom="readingOrder {index:7;}">
                    <Coords points="2896,2131 3160,2131 3160,2226 2896,2226"/>
                    <TextEquiv>
                        <Unicode>temps</Unicode>
                    </TextEquiv>
                    <TextStyle fontFamily="Times New Roman" fontSize="10.0"/>
                </Word>
                <Word id="w_w2aab1b9b2b5b1b1c67" language="English" custom="readingOrder {index:8;}">
                    <Coords points="3186,2100 3228,2100 3228,2190 3186,2190"/>
                    <TextEquiv>
                        <Unicode>à</Unicode>
                    </TextEquiv>
                    <TextStyle fontFamily="Times New Roman" fontSize="10.0"/>
                </Word>
                <Word id="w_w2aab1b9b2b5b1b1c71" language="English" custom="readingOrder {index:9;}">
                    <Coords points="3258,2138 3388,2138 3388,2192 3258,2192"/>
                    <TextEquiv>
                        <Unicode>me</Unicode>
                    </TextEquiv>
                    <TextStyle fontFamily="Times New Roman" fontSize="10.0"/>
                </Word>
                <Word id="w_w2aab1b9b2b5b1b1c77" language="English" custom="readingOrder {index:10;}">
                    <Coords points="3422,2104 3706,2104 3706,2208 3422,2208"/>
                    <TextEquiv>
                        <Unicode>suivre.</Unicode>
                    </TextEquiv>
                    <TextStyle fontFamily="Times New Roman" fontSize="10.0"/>
                </Word>
                <Word id="word_1546006893276_5343" custom="readingOrder {index:11;}">
                    <Coords points="1714,2107 1784,2107 1784,2192 1714,2192"/>
                    <TextEquiv>
                        <Unicode></Unicode>
                    </TextEquiv>
                </Word>
                <TextEquiv>
                    <Unicode>DOR. E te le dis encor, tu perds temps à me ſuivre.</Unicode>
                </TextEquiv>
            </TextLine>
            <TextEquiv>
                <Unicode>DOR. E te le dis encor, tu perds temps à me ſuivre.</Unicode>
            </TextEquiv>
        </TextRegion>
        <TextRegion type="paragraph" id="r_5_4" custom="readingOrder {index:6;}">
            <Coords points="1735,2227 3597,2227 3597,2357 1735,2357"/>
            <TextLine id="tl_6" primaryLanguage="English" custom="readingOrder {index:0;}">
                <Coords points="1736,2228 3596,2228 3596,2356 1736,2356"/>
                <Baseline points="1736,2320 2056,2320 2242,2319 2364,2319 2506,2315 2738,2315 2844,2319 3058,2320 3232,2320 3596,2332"/>
                <Word id="w_w2aab1b9b2b7b1ab1" language="English" custom="readingOrder {index:0;}">
                    <Coords points="1736,2230 2056,2230 2056,2324 1736,2324"/>
                    <TextEquiv>
                        <Unicode>Souffre</Unicode>
                    </TextEquiv>
                    <TextStyle fontFamily="Times New Roman" fontSize="10.0"/>
                </Word>
                <Word id="w_w2aab1b9b2b7b1ac17" language="English" custom="readingOrder {index:1;}">
                    <Coords points="2082,2265 2242,2265 2242,2355 2082,2355"/>
                    <TextEquiv>
                        <Unicode>que</Unicode>
                    </TextEquiv>
                    <TextStyle fontFamily="Times New Roman" fontSize="10.0"/>
                </Word>
                <Word id="w_w2aab1b9b2b7b1ac25" language="English" custom="readingOrder {index:2;}">
                    <Coords points="2268,2229 2364,2229 2364,2319 2268,2319"/>
                    <TextEquiv>
                        <Unicode>de</Unicode>
                    </TextEquiv>
                    <TextStyle fontFamily="Times New Roman" fontSize="10.0"/>
                </Word>
                <Word id="w_w2aab1b9b2b7b1ac31" language="English" custom="readingOrder {index:3;}">
                    <Coords points="2394,2261 2506,2261 2506,2319 2394,2319"/>
                    <TextEquiv>
                        <Unicode>tes</Unicode>
                    </TextEquiv>
                    <TextStyle fontFamily="Times New Roman" fontSize="10.0"/>
                </Word>
                <Word id="w_w2aab1b9b2b7b1ac39" language="English" custom="readingOrder {index:4;}">
                    <Coords points="2532,2265 2738,2265 2738,2351 2532,2351"/>
                    <TextEquiv>
                        <Unicode>yeux</Unicode>
                    </TextEquiv>
                    <TextStyle fontFamily="Times New Roman" fontSize="10.0"/>
                </Word>
                <Word id="w_w2aab1b9b2b7b1ac49" language="English" custom="readingOrder {index:5;}">
                    <Coords points="2766,2261 2844,2261 2844,2319 2766,2319"/>
                    <TextEquiv>
                        <Unicode>ta</Unicode>
                    </TextEquiv>
                    <TextStyle fontFamily="Times New Roman" fontSize="10.0"/>
                </Word>
                <Word id="w_w2aab1b9b2b7b1ac55" language="English" custom="readingOrder {index:6;}">
                    <Coords points="2870,2229 3058,2229 3058,2351 2870,2351"/>
                    <TextEquiv>
                        <Unicode>pitié</Unicode>
                    </TextEquiv>
                    <TextStyle fontFamily="Times New Roman" fontSize="10.0"/>
                </Word>
                <Word id="w_w2aab1b9b2b7b1ac67" language="English" custom="readingOrder {index:7;}">
                    <Coords points="3100,2266 3232,2266 3232,2320 3100,2320"/>
                    <TextEquiv>
                        <Unicode>me</Unicode>
                    </TextEquiv>
                    <TextStyle fontFamily="Times New Roman" fontSize="10.0"/>
                </Word>
                <Word id="w_w2aab1b9b2b7b1ac73" language="English" custom="readingOrder {index:8;}">
                    <Coords points="3266,2234 3596,2234 3596,2332 3266,2332"/>
                    <TextEquiv>
                        <Unicode>delivre,</Unicode>
                    </TextEquiv>
                    <TextStyle fontFamily="Times New Roman" fontSize="10.0"/>
                </Word>
                <TextEquiv>
                    <Unicode>Souffre que de tes yeux ta pitié me delivre,</Unicode>
                </TextEquiv>
                <TextStyle fontFamily="Times New Roman" fontSize="10.0"/>
            </TextLine>
            <TextEquiv>
                <Unicode>Souffre que de tes yeux ta pitié me delivre,</Unicode>
            </TextEquiv>
        </TextRegion>
        <TextRegion type="paragraph" id="r_5_5" custom="readingOrder {index:7;}">
            <Coords points="1725,2355 3727,2355 3727,2477 1725,2477"/>
            <TextLine id="tl_7" primaryLanguage="English" custom="readingOrder {index:0;}">
                <Coords points="1726,2356 3726,2356 3726,2476 1726,2476"/>
                <Baseline points="1726,2448 1856,2448 2320,2445 2520,2445 2796,2445 2954,2445 3080,2444 3250,2444 3726,2444"/>
                <Word id="w_w2aab1b9b2b9b1ab1" language="English" custom="readingOrder {index:0;}">
                    <Coords points="1726,2362 1856,2362 1856,2448 1726,2448"/>
                    <TextEquiv>
                        <Unicode>Tu</Unicode>
                    </TextEquiv>
                    <TextStyle fontFamily="Times New Roman" fontSize="10.0"/>
                </Word>
                <Word id="w_w2aab1b9b2b9b1ab7" language="English" custom="readingOrder {index:1;}">
                    <Coords points="1882,2358 2320,2358 2320,2449 1882,2449"/>
                    <TextEquiv>
                        <Unicode>redoubles</Unicode>
                    </TextEquiv>
                    <TextStyle fontFamily="Times New Roman" fontSize="10.0"/>
                </Word>
                <Word id="w_w2aab1b9b2b9b1ac27" language="English" custom="readingOrder {index:2;}">
                    <Coords points="2350,2389 2520,2389 2520,2445 2350,2445"/>
                    <TextEquiv>
                        <Unicode>mes</Unicode>
                    </TextEquiv>
                    <TextStyle fontFamily="Times New Roman" fontSize="10.0"/>
                </Word>
                <Word id="w_w2aab1b9b2b9b1ac35" language="English" custom="readingOrder {index:3;}">
                    <Coords points="2550,2389 2796,2389 2796,2445 2550,2445"/>
                    <TextEquiv>
                        <Unicode>maux</Unicode>
                    </TextEquiv>
                    <TextStyle fontFamily="Times New Roman" fontSize="10.0"/>
                </Word>
                <Word id="w_w2aab1b9b2b9b1ac45" language="English" custom="readingOrder {index:4;}">
                    <Coords points="2820,2389 2954,2389 2954,2475 2820,2475"/>
                    <TextEquiv>
                        <Unicode>par</Unicode>
                    </TextEquiv>
                    <TextStyle fontFamily="Times New Roman" fontSize="10.0"/>
                </Word>
                <Word id="w_w2aab1b9b2b9b1ac53" language="English" custom="readingOrder {index:5;}">
                    <Coords points="2982,2359 3080,2359 3080,2445 2982,2445"/>
                    <TextEquiv>
                        <Unicode>de</Unicode>
                    </TextEquiv>
                    <TextStyle fontFamily="Times New Roman" fontSize="10.0"/>
                </Word>
                <Word id="w_w2aab1b9b2b9b1ac59" language="English" custom="readingOrder {index:6;}">
                    <Coords points="3102,2358 3250,2358 3250,2446 3102,2446"/>
                    <TextEquiv>
                        <Unicode>tels</Unicode>
                    </TextEquiv>
                    <TextStyle fontFamily="Times New Roman" fontSize="10.0"/>
                </Word>
                <Word id="w_w2aab1b9b2b9b1ac69" language="English" custom="readingOrder {index:7;}">
                    <Coords points="3270,2362 3726,2362 3726,2448 3270,2448"/>
                    <TextEquiv>
                        <Unicode>entretiens.</Unicode>
                    </TextEquiv>
                    <TextStyle fontFamily="Times New Roman" fontSize="10.0"/>
                </Word>
                <TextEquiv>
                    <Unicode>Tu redoubles mes maux par de tels entretiens.</Unicode>
                </TextEquiv>
                <TextStyle fontFamily="Times New Roman" fontSize="10.0"/>
            </TextLine>
            <TextEquiv>
                <Unicode>Tu redoubles mes maux par de tels entretiens.</Unicode>
            </TextEquiv>
        </TextRegion>
        <TextRegion type="paragraph" id="r_5_6" custom="readingOrder {index:8;}">
            <Coords points="1135,2477 3851,2477 3851,2730 1135,2730"/>
            <TextLine id="tl_8" primaryLanguage="English" custom="readingOrder {index:0;}">
                <Coords points="1708,2478 3850,2478 3850,2606 1708,2606"/>
                <Baseline points="1708,2574 1782,2574 2200,2573 2274,2573 2560,2573 2786,2569 3170,2574 3388,2578 3552,2574 3850,2586"/>
                <Word id="w_w2aab1b9b2c11b1ab1" language="English" custom="readingOrder {index:0;}">
                    <Coords points="1708,2488 1862,2488 1862,2578 1708,2578"/>
                    <TextEquiv>
                        <Unicode>PT.</Unicode>
                    </TextEquiv>
                    <TextStyle fontFamily="Times New Roman" fontSize="11.5" italic="true"/>
                </Word>
                <Word id="w_w2aab1b9b2c11b1b1b3" language="English" custom="readingOrder {index:1;}">
                    <Coords points="1896,2492 2200,2492 2200,2576 1896,2576"/>
                    <TextEquiv>
                        <Unicode>Prenez</Unicode>
                    </TextEquiv>
                    <TextStyle fontFamily="Times New Roman" fontSize="10.0"/>
                </Word>
                <Word id="w_w2aab1b9b2c11b1b1c17" language="English" custom="readingOrder {index:2;}">
                    <Coords points="2230,2479 2274,2479 2274,2573 2230,2573"/>
                    <TextEquiv>
                        <Unicode>à</Unicode>
                    </TextEquiv>
                    <TextStyle fontFamily="Times New Roman" fontSize="10.0"/>
                </Word>
                <Word id="w_w2aab1b9b2c11b1b1c21" language="English" custom="readingOrder {index:3;}">
                    <Coords points="2300,2487 2560,2487 2560,2575 2300,2575"/>
                    <TextEquiv>
                        <Unicode>voftre</Unicode>
                    </TextEquiv>
                    <TextStyle fontFamily="Times New Roman" fontSize="10.0"/>
                </Word>
                <Word id="w_w2aab1b9b2c11b1b1c35" language="English" custom="readingOrder {index:4;}">
                    <Coords points="2598,2509 2786,2509 2786,2569 2598,2569"/>
                    <TextEquiv>
                        <Unicode>tour</Unicode>
                    </TextEquiv>
                    <TextStyle fontFamily="Times New Roman" fontSize="10.0"/>
                </Word>
                <Word id="w_w2aab1b9b2c11b1b1c45" language="English" custom="readingOrder {index:5;}">
                    <Coords points="2816,2483 3170,2483 3170,2606 2816,2606"/>
                    <TextEquiv>
                        <Unicode>quelque</Unicode>
                    </TextEquiv>
                    <TextStyle fontFamily="Times New Roman" fontSize="10.0"/>
                </Word>
                <Word id="w_w2aab1b9b2c11b1b1c61" language="English" custom="readingOrder {index:6;}">
                    <Coords points="3194,2488 3388,2488 3388,2604 3194,2604"/>
                    <TextEquiv>
                        <Unicode>pitié</Unicode>
                    </TextEquiv>
                    <TextStyle fontFamily="Times New Roman" fontSize="10.0"/>
                </Word>
                <Word id="w_w2aab1b9b2c11b1b1c73" language="English" custom="readingOrder {index:7;}">
                    <Coords points="3412,2492 3552,2492 3552,2578 3412,2578"/>
                    <TextEquiv>
                        <Unicode>des</Unicode>
                    </TextEquiv>
                    <TextStyle fontFamily="Times New Roman" fontSize="10.0"/>
                </Word>
                <Word id="w_w2aab1b9b2c11b1b1c81" language="English" custom="readingOrder {index:8;}">
                    <Coords points="3568,2518 3850,2518 3850,2586 3568,2586"/>
                    <TextEquiv>
                        <Unicode>miens,</Unicode>
                    </TextEquiv>
                    <TextStyle fontFamily="Times New Roman" fontSize="10.0"/>
                </Word>
                <TextEquiv>
                    <Unicode>PY. Prenez à voſtre tour quelque pitié des miens,</Unicode>
                </TextEquiv>
            </TextLine>
            <TextLine id="tl_9" primaryLanguage="English" custom="readingOrder {index:1;}">
                <Coords points="1136,2605 3028,2605 3028,2729 1136,2729"/>
                <Baseline points="1136,2698 1580,2708 1680,2698 1720,2694 2066,2698 2200,2699 2528,2697 2666,2693 3028,2707"/>
                <Word id="w_w2aab1b9b2c11b3ab1" language="English" custom="readingOrder {index:0;}">
                    <Coords points="1136,2607 1580,2607 1580,2708 1136,2708"/>
                    <TextEquiv>
                        <Unicode>Madame,</Unicode>
                    </TextEquiv>
                    <TextStyle fontFamily="Times New Roman" fontSize="10.0"/>
                </Word>
                <Word id="w_w2aab1b9b2c11b3ac17" language="English" custom="readingOrder {index:1;}">
                    <Coords points="1634,2616 1680,2616 1680,2698 1634,2698"/>
                    <TextEquiv>
                        <Unicode>5</Unicode>
                    </TextEquiv>
                    <TextStyle fontFamily="Times New Roman" fontSize="10.0"/>
                </Word>
                <Word id="w_w2aab1b9b2c11b3b1b1" language="English" custom="readingOrder {index:2;}">
                    <Coords points="1680,2644 1720,2644 1720,2694 1680,2694"/>
                    <TextEquiv>
                        <Unicode>c</Unicode>
                    </TextEquiv>
                    <TextStyle fontFamily="Times New Roman" fontSize="11.5" italic="true"/>
                </Word>
                <Word id="w_w2aab1b9b2c11b3b2b3" language="English" custom="readingOrder {index:3;}">
                    <Coords points="1758,2616 2066,2616 2066,2702 1758,2702"/>
                    <TextEquiv>
                        <Unicode>tardiez</Unicode>
                    </TextEquiv>
                    <TextStyle fontFamily="Times New Roman" fontSize="10.0"/>
                </Word>
                <Word id="w_w2aab1b9b2c11b3b2c19" language="English" custom="readingOrder {index:4;}">
                    <Coords points="2104,2644 2200,2644 2200,2699 2104,2699"/>
                    <TextEquiv>
                        <Unicode>ce</Unicode>
                    </TextEquiv>
                    <TextStyle fontFamily="Times New Roman" fontSize="10.0"/>
                </Word>
                <Word id="w_w2aab1b9b2c11b3b2c25" language="English" custom="readingOrder {index:5;}">
                    <Coords points="2234,2609 2528,2609 2528,2729 2234,2729"/>
                    <TextEquiv>
                        <Unicode>déluge</Unicode>
                    </TextEquiv>
                    <TextStyle fontFamily="Times New Roman" fontSize="10.0"/>
                </Word>
                <Word id="w_w2aab1b9b2c11b3b2c39" language="English" custom="readingOrder {index:6;}">
                    <Coords points="2568,2607 2666,2607 2666,2693 2568,2693"/>
                    <TextEquiv>
                        <Unicode>de</Unicode>
                    </TextEquiv>
                    <TextStyle fontFamily="Times New Roman" fontSize="10.0"/>
                </Word>
                <Word id="w_w2aab1b9b2c11b3b2c45" language="English" custom="readingOrder {index:7;}">
                    <Coords points="2714,2607 3028,2607 3028,2707 2714,2707"/>
                    <TextEquiv>
                        <Unicode>larmes,</Unicode>
                    </TextEquiv>
                    <TextStyle fontFamily="Times New Roman" fontSize="10.0"/>
                </Word>
                <TextEquiv>
                    <Unicode>Madame, &amp; tariſſez ce deluge de larmes,</Unicode>
                </TextEquiv>
            </TextLine>
            <TextEquiv>
                <Unicode>PY. Prenez à voſtre tour quelque pitié des miens,
Madame, &amp; tariſſez ce deluge de larmes,</Unicode>
            </TextEquiv>
        </TextRegion>
        <TextRegion type="paragraph" id="r_5_7" custom="readingOrder {index:9;}">
            <Coords points="1135,2730 3343,2730 3343,2857 1135,2857"/>
            <TextLine id="tl_10" primaryLanguage="English" custom="readingOrder {index:0;}">
                <Coords points="1136,2731 3342,2731 3342,2856 1136,2856"/>
                <Baseline points="1136,2825 1358,2824 1812,2822 1956,2822 2212,2823 2338,2823 2560,2823 2688,2817 3018,2821 3342,2836"/>
                <Word id="w_w2aab1b9b2c13b1ab1" language="English" custom="readingOrder {index:0;}">
                    <Coords points="1136,2741 1358,2741 1358,2826 1136,2826"/>
                    <TextEquiv>
                        <Unicode>Pour</Unicode>
                    </TextEquiv>
                    <TextStyle fontFamily="Times New Roman" fontSize="10.0"/>
                </Word>
                <Word id="w_w2aab1b9b2c13b1ac11" language="English" custom="readingOrder {index:1;}">
                    <Coords points="1394,2736 1812,2736 1812,2854 1394,2854"/>
                    <TextEquiv>
                        <Unicode>r’appeller</Unicode>
                    </TextEquiv>
                    <TextStyle fontFamily="Times New Roman" fontSize="10.0"/>
                </Word>
                <Word id="w_w2aab1b9b2c13b1ac33" language="English" custom="readingOrder {index:2;}">
                    <Coords points="1844,2772 1956,2772 1956,2822 1844,2822"/>
                    <TextEquiv>
                        <Unicode>un</Unicode>
                    </TextEquiv>
                    <TextStyle fontFamily="Times New Roman" fontSize="10.0"/>
                </Word>
                <Word id="w_w2aab1b9b2c13b1ac39" language="English" custom="readingOrder {index:3;}">
                    <Coords points="1994,2767 2212,2767 2212,2823 1994,2823"/>
                    <TextEquiv>
                        <Unicode>mort</Unicode>
                    </TextEquiv>
                    <TextStyle fontFamily="Times New Roman" fontSize="10.0"/>
                </Word>
                <Word id="w_w2aab1b9b2c13b1ac49" language="English" custom="readingOrder {index:4;}">
                    <Coords points="2248,2767 2338,2767 2338,2823 2248,2823"/>
                    <TextEquiv>
                        <Unicode>ce</Unicode>
                    </TextEquiv>
                    <TextStyle fontFamily="Times New Roman" fontSize="10.0"/>
                </Word>
                <Word id="w_w2aab1b9b2c13b1ac55" language="English" custom="readingOrder {index:5;}">
                    <Coords points="2372,2737 2560,2737 2560,2823 2372,2823"/>
                    <TextEquiv>
                        <Unicode>font</Unicode>
                    </TextEquiv>
                    <TextStyle fontFamily="Times New Roman" fontSize="10.0"/>
                </Word>
                <Word id="w_w2aab1b9b2c13b1ac65" language="English" custom="readingOrder {index:6;}">
                    <Coords points="2590,2737 2688,2737 2688,2817 2590,2817"/>
                    <TextEquiv>
                        <Unicode>de</Unicode>
                    </TextEquiv>
                    <TextStyle fontFamily="Times New Roman" fontSize="10.0"/>
                </Word>
                <Word id="w_w2aab1b9b2c13b1ac71" language="English" custom="readingOrder {index:7;}">
                    <Coords points="2724,2733 3018,2733 3018,2821 2724,2821"/>
                    <TextEquiv>
                        <Unicode>foibles</Unicode>
                    </TextEquiv>
                    <TextStyle fontFamily="Times New Roman" fontSize="10.0"/>
                </Word>
                <Word id="w_w2aab1b9b2c13b1ac87" language="English" custom="readingOrder {index:8;}">
                    <Coords points="3058,2768 3342,2768 3342,2836 3058,2836"/>
                    <TextEquiv>
                        <Unicode>armes,</Unicode>
                    </TextEquiv>
                    <TextStyle fontFamily="Times New Roman" fontSize="10.0"/>
                </Word>
                <TextEquiv>
                    <Unicode>Pour r’appeller un mort ce ſont de foibles armes,</Unicode>
                </TextEquiv>
                <TextStyle fontFamily="Times New Roman" fontSize="10.0"/>
            </TextLine>
            <TextEquiv>
                <Unicode>Pour r’appeller un mort ce ſont de foibles armes,</Unicode>
            </TextEquiv>
        </TextRegion>
        <TextRegion type="paragraph" id="r_5_8" custom="readingOrder {index:10;}">
            <Coords points="1134,2854 3157,2854 3157,2987 1134,2987"/>
            <TextLine id="tl_11" primaryLanguage="English" custom="readingOrder {index:0;}">
                <Coords points="1135,2855 3156,2855 3156,2986 1135,2986"/>
                <Baseline points="1136,2951 1240,2952 1500,2978 1692,2946 1932,2946 2342,2947 2498,2943 2818,2947 2956,2945 3072,2948 3156,2960"/>
                <Word id="w_w2aab1b9b2c15b1ab1" language="English" custom="readingOrder {index:0;}">
                    <Coords points="1136,2865 1240,2865 1240,2952 1136,2952"/>
                    <TextEquiv>
                        <Unicode>Et</Unicode>
                    </TextEquiv>
                    <TextStyle fontFamily="Times New Roman" fontSize="10.0"/>
                </Word>
                <Word id="w_w2aab1b9b2c15b1ab7" language="English" custom="readingOrder {index:1;}">
                    <Coords points="1271,2892 1500,2892 1500,2984 1271,2984"/>
                    <TextEquiv>
                        <Unicode>quoy</Unicode>
                    </TextEquiv>
                    <TextStyle fontFamily="Times New Roman" fontSize="10.0"/>
                </Word>
                <Word id="w_w2aab1b9b2c15b1ac17" language="English" custom="readingOrder {index:2;}">
                    <Coords points="1535,2892 1692,2892 1692,2982 1535,2982"/>
                    <TextEquiv>
                        <Unicode>que</Unicode>
                    </TextEquiv>
                    <TextStyle fontFamily="Times New Roman" fontSize="10.0"/>
                </Word>
                <Word id="w_w2aab1b9b2c15b1ac25" language="English" custom="readingOrder {index:3;}">
                    <Coords points="1724,2892 1932,2892 1932,2952 1724,2952"/>
                    <TextEquiv>
                        <Unicode>vous</Unicode>
                    </TextEquiv>
                    <TextStyle fontFamily="Times New Roman" fontSize="10.0"/>
                </Word>
                <Word id="w_w2aab1b9b2c15b1ac35" language="English" custom="readingOrder {index:4;}">
                    <Coords points="1966,2857 2342,2857 2342,2947 1966,2947"/>
                    <TextEquiv>
                        <Unicode>conseille</Unicode>
                    </TextEquiv>
                    <TextStyle fontFamily="Times New Roman" fontSize="10.0"/>
                </Word>
                <Word id="w_w2aab1b9b2c15b1ac55" language="English" custom="readingOrder {index:5;}">
                    <Coords points="2386,2893 2498,2893 2498,2943 2386,2943"/>
                    <TextEquiv>
                        <Unicode>un</Unicode>
                    </TextEquiv>
                    <TextStyle fontFamily="Times New Roman" fontSize="10.0"/>
                </Word>
                <Word id="w_w2aab1b9b2c15b1ac61" language="English" custom="readingOrder {index:6;}">
                    <Coords points="2534,2857 2818,2857 2818,2947 2534,2947"/>
                    <TextEquiv>
                        <Unicode>inutile</Unicode>
                    </TextEquiv>
                    <TextStyle fontFamily="Times New Roman" fontSize="10.0"/>
                </Word>
                <Word id="w_w2aab1b9b2c15b1ac77" language="English" custom="readingOrder {index:7;}">
                    <Coords points="2862,2893 2956,2893 2956,2947 2862,2947"/>
                    <TextEquiv>
                        <Unicode>en</Unicode>
                    </TextEquiv>
                    <TextStyle fontFamily="Times New Roman" fontSize="10.0"/>
                </Word>
                <Word id="w_w2aab1b9b2c15b1ac83" language="English" custom="readingOrder {index:8;}">
                    <Coords points="2970,2893 3072,2893 3072,2948 2970,2948"/>
                    <TextEquiv>
                        <Unicode>nu</Unicode>
                    </TextEquiv>
                    <TextStyle fontFamily="Times New Roman" fontSize="10.0"/>
                </Word>
                <Word id="w_w2aab1b9b2c15b1ac89" language="English" custom="readingOrder {index:9;}">
                    <Coords points="3083,2894 3156,2894 3156,2970 3083,2970"/>
                    <TextEquiv>
                        <Unicode>y,</Unicode>
                    </TextEquiv>
                    <TextStyle fontFamily="Times New Roman" fontSize="10.0"/>
                </Word>
                <TextEquiv>
                    <Unicode>Et quoy que vous conſeille un inutile ennuy,</Unicode>
                </TextEquiv>
                <TextStyle fontFamily="Times New Roman" fontSize="10.0"/>
            </TextLine>
            <TextEquiv>
                <Unicode>Et quoy que vous conſeille un inutile ennuy,</Unicode>
            </TextEquiv>
        </TextRegion>
        <TextRegion type="paragraph" id="r_5_9" custom="readingOrder {index:11;}">
            <Coords points="1134,2982 3406,2982 3406,3115 1134,3115"/>
            <TextLine id="tl_12" primaryLanguage="English" custom="readingOrder {index:0;}">
                <Coords points="1135,2983 3405,2983 3405,3114 1135,3114"/>
                <Baseline points="1135,3071 1313,3072 1435,3072 1595,3072 1813,3072 2199,3075 2341,3075 2587,3071 2853,3071 3129,3076 3199,3076 3405,3072"/>
                <Word id="w_w2aab1b9b2c17b1ab1" language="English" custom="readingOrder {index:0;}">
                    <Coords points="1135,2991 1313,2991 1313,3076 1135,3076"/>
                    <TextEquiv>
                        <Unicode>Vos</Unicode>
                    </TextEquiv>
                    <TextStyle fontFamily="Times New Roman" fontSize="10.0"/>
                </Word>
                <Word id="w_w2aab1b9b2c17b1ab9" language="English" custom="readingOrder {index:1;}">
                    <Coords points="1353,2994 1501,2994 1501,3072 1353,3072"/>
                    <TextEquiv>
                        <Unicode>cris</Unicode>
                    </TextEquiv>
                    <TextStyle fontFamily="Times New Roman" fontSize="10.0"/>
                </Word>
                <Word id="w_w2aab1b9b2c17b1b1b1" language="English" custom="readingOrder {index:2;}">
                    <Coords points="1539,2994 1629,2994 1629,3072 1539,3072"/>
                    <TextEquiv>
                        <Unicode>ôc</Unicode>
                    </TextEquiv>
                    <TextStyle fontFamily="Times New Roman" fontSize="11.5" italic="true"/>
                </Word>
                <Word id="w_w2aab1b9b2c17b1b2b3" language="English" custom="readingOrder {index:3;}">
                    <Coords points="1665,3016 1813,3016 1813,3076 1665,3076"/>
                    <TextEquiv>
                        <Unicode>vos</Unicode>
                    </TextEquiv>
                    <TextStyle fontFamily="Times New Roman" fontSize="10.0"/>
                </Word>
                <Word id="w_w2aab1b9b2c17b1b2c11" language="English" custom="readingOrder {index:4;}">
                    <Coords points="1843,2986 2199,2986 2199,3112 1843,3112"/>
                    <TextEquiv>
                        <Unicode>sanglots</Unicode>
                    </TextEquiv>
                    <TextStyle fontFamily="Times New Roman" fontSize="10.0"/>
                </Word>
                <Word id="w_w2aab1b9b2c17b1b2c29" language="English" custom="readingOrder {index:5;}">
                    <Coords points="2237,3017 2341,3017 2341,3075 2237,3075"/>
                    <TextEquiv>
                        <Unicode>ne</Unicode>
                    </TextEquiv>
                    <TextStyle fontFamily="Times New Roman" fontSize="10.0"/>
                </Word>
                <Word id="w_w2aab1b9b2c17b1b2c35" language="English" custom="readingOrder {index:6;}">
                    <Coords points="2379,3013 2587,3013 2587,3075 2379,3075"/>
                    <TextEquiv>
                        <Unicode>vont</Unicode>
                    </TextEquiv>
                    <TextStyle fontFamily="Times New Roman" fontSize="10.0"/>
                </Word>
                <Word id="w_w2aab1b9b2c17b1b2c45" language="English" custom="readingOrder {index:7;}">
                    <Coords points="2617,2985 2853,2985 2853,3107 2617,3107"/>
                    <TextEquiv>
                        <Unicode>point</Unicode>
                    </TextEquiv>
                    <TextStyle fontFamily="Times New Roman" fontSize="10.0"/>
                </Word>
                <Word id="w_w2aab1b9b2c17b1b2c57" language="English" custom="readingOrder {index:8;}">
                    <Coords points="2887,2985 3129,2985 3129,3112 2887,3112"/>
                    <TextEquiv>
                        <Unicode>jusqu</Unicode>
                    </TextEquiv>
                    <TextStyle fontFamily="Times New Roman" fontSize="10.0"/>
                </Word>
                <Word id="w_w2aab1b9b2c17b1b2c69" language="English" custom="readingOrder {index:9;}">
                    <Coords points="3151,3022 3199,3022 3199,3076 3151,3076"/>
                    <TextEquiv>
                        <Unicode>a</Unicode>
                    </TextEquiv>
                    <TextStyle fontFamily="Times New Roman" fontSize="10.0"/>
                </Word>
                <Word id="w_w2aab1b9b2c17b1b2c73" language="English" custom="readingOrder {index:10;}">
                    <Coords points="3243,2986 3405,2986 3405,3112 3243,3112"/>
                    <TextEquiv>
                        <Unicode>luy.</Unicode>
                    </TextEquiv>
                    <TextStyle fontFamily="Times New Roman" fontSize="10.0"/>
                </Word>
                <TextEquiv>
                    <Unicode>Vos cris &amp; vos ſanglots ne vont point jusqu'à luy.</Unicode>
                </TextEquiv>
            </TextLine>
            <TextEquiv>
                <Unicode>Vos cris &amp; vos ſanglots ne vont point jusqu'à luy.</Unicode>
            </TextEquiv>
        </TextRegion>
        <TextRegion type="paragraph" id="r_5_10" custom="readingOrder {index:12;}">
            <Coords points="952,3102 3454,3102 3454,3239 952,3239"/>
            <TextLine id="tl_13" primaryLanguage="English" custom="readingOrder {index:0;}">
                <Coords points="953,3103 3453,3103 3453,3238 953,3238"/>
                <Baseline points="953,3201 1051,3201 1371,3196 1563,3196 1951,3200 2075,3200 2307,3201 2449,3201 2689,3201 2951,3201 3085,3202 3453,3214"/>
                <Word id="w_w2aab1b9b2c19b1ab1" language="English" custom="readingOrder {index:0;}">
                    <Coords points="953,3111 1249,3111 1249,3201 953,3201"/>
                    <TextEquiv>
                        <Unicode>DOR.</Unicode>
                    </TextEquiv>
                    <TextStyle fontFamily="Times New Roman" fontSize="11.5" italic="true"/>
                </Word>
                <Word id="w_w2aab1b9b2c19b1b1b3" language="English" custom="readingOrder {index:1;}">
                    <Coords points="1295,3114 1371,3114 1371,3202 1295,3202"/>
                    <TextEquiv>
                        <Unicode>Si</Unicode>
                    </TextEquiv>
                    <TextStyle fontFamily="Times New Roman" fontSize="10.0"/>
                </Word>
                <Word id="w_w2aab1b9b2c19b1b1b9" language="English" custom="readingOrder {index:2;}">
                    <Coords points="1397,3142 1563,3142 1563,3200 1397,3200"/>
                    <TextEquiv>
                        <Unicode>mes</Unicode>
                    </TextEquiv>
                    <TextStyle fontFamily="Times New Roman" fontSize="10.0"/>
                </Word>
                <Word id="w_w2aab1b9b2c19b1b1c17" language="English" custom="readingOrder {index:3;}">
                    <Coords points="1589,3110 1951,3110 1951,3236 1589,3236"/>
                    <TextEquiv>
                        <Unicode>sanglots</Unicode>
                    </TextEquiv>
                    <TextStyle fontFamily="Times New Roman" fontSize="10.0"/>
                </Word>
                <Word id="w_w2aab1b9b2c19b1b1c35" language="English" custom="readingOrder {index:4;}">
                    <Coords points="1975,3146 2075,3146 2075,3200 1975,3200"/>
                    <TextEquiv>
                        <Unicode>ne</Unicode>
                    </TextEquiv>
                    <TextStyle fontFamily="Times New Roman" fontSize="10.0"/>
                </Word>
                <Word id="w_w2aab1b9b2c19b1b1c41" language="English" custom="readingOrder {index:5;}">
                    <Coords points="2101,3141 2307,3141 2307,3205 2101,3205"/>
                    <TextEquiv>
                        <Unicode>vont</Unicode>
                    </TextEquiv>
                    <TextStyle fontFamily="Times New Roman" fontSize="10.0"/>
                </Word>
                <Word id="w_w2aab1b9b2c19b1b1c51" language="English" custom="readingOrder {index:6;}">
                    <Coords points="2335,3105 2449,3105 2449,3201 2335,3201"/>
                    <TextEquiv>
                        <Unicode>où</Unicode>
                    </TextEquiv>
                    <TextStyle fontFamily="Times New Roman" fontSize="10.0"/>
                </Word>
                <Word id="w_w2aab1b9b2c19b1b1c57" language="English" custom="readingOrder {index:7;}">
                    <Coords points="2487,3147 2689,3147 2689,3201 2487,3201"/>
                    <TextEquiv>
                        <Unicode>mon</Unicode>
                    </TextEquiv>
                    <TextStyle fontFamily="Times New Roman" fontSize="10.0"/>
                </Word>
                <Word id="w_w2aab1b9b2c19b1b1c65" language="English" custom="readingOrder {index:8;}">
                    <Coords points="2723,3141 2951,3141 2951,3201 2723,3201"/>
                    <TextEquiv>
                        <Unicode>cœur</Unicode>
                    </TextEquiv>
                    <TextStyle fontFamily="Times New Roman" fontSize="10.0"/>
                </Word>
                <Word id="w_w2aab1b9b2c19b1b1c75" language="English" custom="readingOrder {index:9;}">
                    <Coords points="2973,3111 3085,3111 3085,3204 2973,3204"/>
                    <TextEquiv>
                        <Unicode>les</Unicode>
                    </TextEquiv>
                    <TextStyle fontFamily="Times New Roman" fontSize="10.0"/>
                </Word>
                <Word id="w_w2aab1b9b2c19b1b1c83" language="English" custom="readingOrder {index:10;}">
                    <Coords points="3111,3146 3453,3146 3453,3236 3111,3236"/>
                    <TextEquiv>
                        <Unicode>envoyé,</Unicode>
                    </TextEquiv>
                    <TextStyle fontFamily="Times New Roman" fontSize="10.0"/>
                </Word>
                <TextEquiv>
                    <Unicode>DOR. Si mes ſanglots ne vont où mon cœur les envoye,</Unicode>
                </TextEquiv>
            </TextLine>
            <TextEquiv>
                <Unicode>DOR. Si mes ſanglots ne vont où mon cœur les envoye,</Unicode>
            </TextEquiv>
        </TextRegion>
        <TextRegion type="paragraph" id="r_5_11" custom="readingOrder {index:13;}">
            <Coords points="1134,3236 3304,3236 3304,3367 1134,3367"/>
            <TextLine id="tl_14" primaryLanguage="English" custom="readingOrder {index:0;}">
                <Coords points="1135,3237 3303,3237 3303,3366 1135,3366"/>
                <Baseline points="1135,3321 1273,3324 1577,3324 1755,3324 1937,3324 2185,3325 2417,3325 2507,3361 2919,3329 3027,3329 3303,3338"/>
                <Word id="w_w2aab1b9b2c21b1ab1" language="English" custom="readingOrder {index:0;}">
                    <Coords points="1135,3239 1273,3239 1273,3324 1135,3324"/>
                    <TextEquiv>
                        <Unicode>Du</Unicode>
                    </TextEquiv>
                    <TextStyle fontFamily="Times New Roman" fontSize="10.0"/>
                </Word>
                <Word id="w_w2aab1b9b2c21b1ab7" language="English" custom="readingOrder {index:1;}">
                    <Coords points="1309,3240 1577,3240 1577,3324 1309,3324"/>
                    <TextEquiv>
                        <Unicode>moins</Unicode>
                    </TextEquiv>
                    <TextStyle fontFamily="Times New Roman" fontSize="10.0"/>
                </Word>
                <Word id="w_w2aab1b9b2c21b1ac19" language="English" custom="readingOrder {index:2;}">
                    <Coords points="1615,3270 1755,3270 1755,3356 1615,3356"/>
                    <TextEquiv>
                        <Unicode>par</Unicode>
                    </TextEquiv>
                    <TextStyle fontFamily="Times New Roman" fontSize="10.0"/>
                </Word>
                <Word id="w_w2aab1b9b2c21b1ac27" language="English" custom="readingOrder {index:3;}">
                    <Coords points="1789,3270 1937,3270 1937,3324 1789,3324"/>
                    <TextEquiv>
                        <Unicode>eux</Unicode>
                    </TextEquiv>
                    <TextStyle fontFamily="Times New Roman" fontSize="10.0"/>
                </Word>
                <Word id="w_w2aab1b9b2c21b1ac35" language="English" custom="readingOrder {index:4;}">
                    <Coords points="1985,3271 2185,3271 2185,3328 1985,3328"/>
                    <TextEquiv>
                        <Unicode>mon</Unicode>
                    </TextEquiv>
                    <TextStyle fontFamily="Times New Roman" fontSize="10.0"/>
                </Word>
                <Word id="w_w2aab1b9b2c21b1ac43" language="English" custom="readingOrder {index:5;}">
                    <Coords points="2233,3271 2417,3271 2417,3325 2233,3325"/>
                    <TextEquiv>
                        <Unicode>ame</Unicode>
                    </TextEquiv>
                    <TextStyle fontFamily="Times New Roman" fontSize="10.0"/>
                </Word>
                <Word id="w_w2aab1b9b2c21b1ac51" language="English" custom="readingOrder {index:6;}">
                    <Coords points="2451,3275 2507,3275 2507,3361 2451,3361"/>
                    <TextEquiv>
                        <Unicode>y</Unicode>
                    </TextEquiv>
                    <TextStyle fontFamily="Times New Roman" fontSize="10.0"/>
                </Word>
                <Word id="w_w2aab1b9b2c21b1ac55" language="English" custom="readingOrder {index:7;}">
                    <Coords points="2537,3267 2919,3267 2919,3329 2537,3329"/>
                    <TextEquiv>
                        <Unicode>trouvera</Unicode>
                    </TextEquiv>
                    <TextStyle fontFamily="Times New Roman" fontSize="10.0"/>
                </Word>
                <Word id="w_w2aab1b9b2c21b1ac73" language="English" custom="readingOrder {index:8;}">
                    <Coords points="2951,3239 3027,3239 3027,3329 2951,3329"/>
                    <TextEquiv>
                        <Unicode>la</Unicode>
                    </TextEquiv>
                    <TextStyle fontFamily="Times New Roman" fontSize="10.0"/>
                </Word>
                <Word id="w_w2aab1b9b2c21b1ac79" language="English" custom="readingOrder {index:9;}">
                    <Coords points="3065,3276 3303,3276 3303,3366 3065,3366"/>
                    <TextEquiv>
                        <Unicode>voye,</Unicode>
                    </TextEquiv>
                    <TextStyle fontFamily="Times New Roman" fontSize="10.0"/>
                </Word>
                <TextEquiv>
                    <Unicode>Du moins par eux mon ame y trouvera la voye,</Unicode>
                </TextEquiv>
                <TextStyle fontFamily="Times New Roman" fontSize="10.0"/>
            </TextLine>
            <TextEquiv>
                <Unicode>Du moins par eux mon ame y trouvera la voye,</Unicode>
            </TextEquiv>
        </TextRegion>
        <TextRegion type="paragraph" id="r_5_12" custom="readingOrder {index:14;}">
            <Coords points="1138,3358 2948,3358 2948,3492 1138,3492"/>
            <TextLine id="tl_15" primaryLanguage="English" custom="readingOrder {index:0;}">
                <Coords points="1139,3359 2947,3359 2947,3491 1139,3491"/>
                <Baseline points="1139,3453 1269,3450 1443,3486 1647,3450 1799,3452 2151,3455 2347,3453 2489,3453 2947,3459"/>
                <Word id="w_w2aab1b9b2c23b1ab1" language="English" custom="readingOrder {index:0;}">
                    <Coords points="1139,3359 1269,3359 1269,3453 1139,3453"/>
                    <TextEquiv>
                        <Unicode>S’il</Unicode>
                    </TextEquiv>
                    <TextStyle fontFamily="Times New Roman" fontSize="10.0"/>
                </Word>
                <Word id="w_w2aab1b9b2c23b1ac11" language="English" custom="readingOrder {index:1;}">
                    <Coords points="1305,3360 1443,3360 1443,3486 1305,3486"/>
                    <TextEquiv>
                        <Unicode>luy</Unicode>
                    </TextEquiv>
                    <TextStyle fontFamily="Times New Roman" fontSize="10.0"/>
                </Word>
                <Word id="w_w2aab1b9b2c23b1ac19" language="English" custom="readingOrder {index:2;}">
                    <Coords points="1473,3364 1647,3364 1647,3450 1473,3450"/>
                    <TextEquiv>
                        <Unicode>faut</Unicode>
                    </TextEquiv>
                    <TextStyle fontFamily="Times New Roman" fontSize="10.0"/>
                </Word>
                <Word id="w_w2aab1b9b2c23b1ac29" language="English" custom="readingOrder {index:3;}">
                    <Coords points="1687,3396 1799,3396 1799,3452 1687,3452"/>
                    <TextEquiv>
                        <Unicode>un</Unicode>
                    </TextEquiv>
                    <TextStyle fontFamily="Times New Roman" fontSize="10.0"/>
                </Word>
                <Word id="w_w2aab1b9b2c23b1ac35" language="English" custom="readingOrder {index:4;}">
                    <Coords points="1837,3368 2151,3368 2151,3490 1837,3490"/>
                    <TextEquiv>
                        <Unicode>passage</Unicode>
                    </TextEquiv>
                    <TextStyle fontFamily="Times New Roman" fontSize="10.0"/>
                </Word>
                <Word id="w_w2aab1b9b2c23b1ac51" language="English" custom="readingOrder {index:5;}">
                    <Coords points="2185,3365 2347,3365 2347,3453 2185,3453"/>
                    <TextEquiv>
                        <Unicode>afin</Unicode>
                    </TextEquiv>
                    <TextStyle fontFamily="Times New Roman" fontSize="10.0"/>
                </Word>
                <Word id="w_w2aab1b9b2c23b1ac61" language="English" custom="readingOrder {index:6;}">
                    <Coords points="2385,3365 2489,3365 2489,3453 2385,3453"/>
                    <TextEquiv>
                        <Unicode>de</Unicode>
                    </TextEquiv>
                    <TextStyle fontFamily="Times New Roman" fontSize="10.0"/>
                </Word>
                <Word id="w_w2aab1b9b2c23b1ac67" language="English" custom="readingOrder {index:7;}">
                    <Coords points="2527,3365 2947,3365 2947,3459 2527,3459"/>
                    <TextEquiv>
                        <Unicode>s’envoler,</Unicode>
                    </TextEquiv>
                    <TextStyle fontFamily="Times New Roman" fontSize="10.0"/>
                </Word>
                <TextEquiv>
                    <Unicode>S’il luy faut un paſſage afin de s’envoler,</Unicode>
                </TextEquiv>
                <TextStyle fontFamily="Times New Roman" fontSize="10.0"/>
            </TextLine>
            <TextEquiv>
                <Unicode>S’il luy faut un paſſage afin de s’envoler,</Unicode>
            </TextEquiv>
        </TextRegion>
        <TextRegion type="paragraph" id="r_5_13" custom="readingOrder {index:15;}">
            <Coords points="1134,3484 3056,3484 3056,3613 1134,3613"/>
            <TextLine id="tl_16" primaryLanguage="English" custom="readingOrder {index:0;}">
                <Coords points="1135,3485 3055,3485 3055,3612 1135,3612"/>
                <Baseline points="1135,3575 1239,3574 1349,3576 1527,3610 1777,3578 2093,3578 2231,3579 2351,3579 2743,3577 2827,3579 3055,3580"/>
                <Word id="w_w2aab1b9b2c25b1ab1" language="English" custom="readingOrder {index:0;}">
                    <Coords points="1135,3485 1239,3485 1239,3575 1135,3575"/>
                    <TextEquiv>
                        <Unicode>Ils</Unicode>
                    </TextEquiv>
                    <TextStyle fontFamily="Times New Roman" fontSize="10.0"/>
                </Word>
                <Word id="w_w2aab1b9b2c25b1ab9" language="English" custom="readingOrder {index:1;}">
                    <Coords points="1273,3486 1349,3486 1349,3576 1273,3576"/>
                    <TextEquiv>
                        <Unicode>le</Unicode>
                    </TextEquiv>
                    <TextStyle fontFamily="Times New Roman" fontSize="10.0"/>
                </Word>
                <Word id="w_w2aab1b9b2c25b1ac15" language="English" custom="readingOrder {index:2;}">
                    <Coords points="1389,3488 1527,3488 1527,3610 1389,3610"/>
                    <TextEquiv>
                        <Unicode>luy</Unicode>
                    </TextEquiv>
                    <TextStyle fontFamily="Times New Roman" fontSize="10.0"/>
                </Word>
                <Word id="w_w2aab1b9b2c25b1ac23" language="English" custom="readingOrder {index:3;}">
                    <Coords points="1571,3520 1777,3520 1777,3578 1571,3578"/>
                    <TextEquiv>
                        <Unicode>vont</Unicode>
                    </TextEquiv>
                    <TextStyle fontFamily="Times New Roman" fontSize="10.0"/>
                </Word>
                <Word id="w_w2aab1b9b2c25b1ac33" language="English" custom="readingOrder {index:4;}">
                    <Coords points="1813,3494 2093,3494 2093,3582 1813,3582"/>
                    <TextEquiv>
                        <Unicode>ouvrir</Unicode>
                    </TextEquiv>
                    <TextStyle fontFamily="Times New Roman" fontSize="10.0"/>
                </Word>
                <Word id="w_w2aab1b9b2c25b1ac47" language="English" custom="readingOrder {index:5;}">
                    <Coords points="2131,3524 2231,3524 2231,3579 2131,3579"/>
                    <TextEquiv>
                        <Unicode>en</Unicode>
                    </TextEquiv>
                    <TextStyle fontFamily="Times New Roman" fontSize="10.0"/>
                </Word>
                <Word id="w_w2aab1b9b2c25b1ac53" language="English" custom="readingOrder {index:6;}">
                    <Coords points="2273,3489 2351,3489 2351,3579 2273,3579"/>
                    <TextEquiv>
                        <Unicode>le</Unicode>
                    </TextEquiv>
                    <TextStyle fontFamily="Times New Roman" fontSize="10.0"/>
                </Word>
                <Word id="w_w2aab1b9b2c25b1ac59" language="English" custom="readingOrder {index:7;}">
                    <Coords points="2389,3489 2743,3489 2743,3579 2389,3579"/>
                    <TextEquiv>
                        <Unicode>fermant</Unicode>
                    </TextEquiv>
                    <TextStyle fontFamily="Times New Roman" fontSize="10.0"/>
                </Word>
                <Word id="w_w2aab1b9b2c25b1ac75" language="English" custom="readingOrder {index:8;}">
                    <Coords points="2781,3489 2827,3489 2827,3579 2781,3579"/>
                    <TextEquiv>
                        <Unicode>à</Unicode>
                    </TextEquiv>
                    <TextStyle fontFamily="Times New Roman" fontSize="10.0"/>
                </Word>
                <Word id="w_w2aab1b9b2c25b1ac79" language="English" custom="readingOrder {index:9;}">
                    <Coords points="2865,3489 3055,3489 3055,3580 2865,3580"/>
                    <TextEquiv>
                        <Unicode>l’air.</Unicode>
                    </TextEquiv>
                    <TextStyle fontFamily="Times New Roman" fontSize="10.0"/>
                </Word>
                <TextEquiv>
                    <Unicode>Ils le luy vont ouvrir en le fermant à l’air.</Unicode>
                </TextEquiv>
                <TextStyle fontFamily="Times New Roman" fontSize="10.0"/>
            </TextLine>
            <TextEquiv>
                <Unicode>Ils le luy vont ouvrir en le fermant à l’air.</Unicode>
            </TextEquiv>
        </TextRegion>
        <TextRegion type="paragraph" id="r_5_14" custom="readingOrder {index:16;}">
            <Coords points="1142,3612 3558,3612 3558,3745 1142,3745"/>
            <TextLine id="tl_17" primaryLanguage="English" custom="readingOrder {index:0;}">
                <Coords points="1143,3613 3557,3613 3557,3744 1143,3744"/>
                <Baseline points="1143,3703 1287,3698 1587,3712 1795,3712 1995,3704 2427,3713 2911,3703 3099,3704 3557,3720"/>
                <Word id="w_w2aab1b9b2c27b1ab1" language="English" custom="readingOrder {index:0;}">
                    <Coords points="1143,3617 1287,3617 1287,3703 1143,3703"/>
                    <TextEquiv>
                        <Unicode>Sus</Unicode>
                    </TextEquiv>
                    <TextStyle fontFamily="Times New Roman" fontSize="10.0"/>
                </Word>
                <Word id="w_w2aab1b9b2c27b1ab9" language="English" custom="readingOrder {index:1;}">
                    <Coords points="1327,3614 1587,3614 1587,3712 1327,3712"/>
                    <TextEquiv>
                        <Unicode>donc,</Unicode>
                    </TextEquiv>
                    <TextStyle fontFamily="Times New Roman" fontSize="10.0"/>
                </Word>
                <Word id="w_w2aab1b9b2c27b1ac21" language="English" custom="readingOrder {index:2;}">
                    <Coords points="1629,3618 1795,3618 1795,3712 1629,3712"/>
                    <TextEquiv>
                        <Unicode>fus,</Unicode>
                    </TextEquiv>
                    <TextStyle fontFamily="Times New Roman" fontSize="10.0"/>
                </Word>
                <Word id="w_w2aab1b9b2c27b1ac31" language="English" custom="readingOrder {index:3;}">
                    <Coords points="1821,3648 1995,3648 1995,3704 1821,3704"/>
                    <TextEquiv>
                        <Unicode>mes</Unicode>
                    </TextEquiv>
                    <TextStyle fontFamily="Times New Roman" fontSize="10.0"/>
                </Word>
                <Word id="w_w2aab1b9b2c27b1ac39" language="English" custom="readingOrder {index:4;}">
                    <Coords points="2021,3615 2427,3615 2427,3743 2021,3743"/>
                    <TextEquiv>
                        <Unicode>sanglots,</Unicode>
                    </TextEquiv>
                    <TextStyle fontFamily="Times New Roman" fontSize="10.0"/>
                </Word>
                <Word id="w_w2aab1b9b2c27b1ac59" language="English" custom="readingOrder {index:5;}">
                    <Coords points="2461,3617 2911,3617 2911,3703 2461,3703"/>
                    <TextEquiv>
                        <Unicode>redoublez</Unicode>
                    </TextEquiv>
                    <TextStyle fontFamily="Times New Roman" fontSize="10.0"/>
                </Word>
                <Word id="w_w2aab1b9b2c27b1ac79" language="English" custom="readingOrder {index:6;}">
                    <Coords points="2951,3649 3099,3649 3099,3708 2951,3708"/>
                    <TextEquiv>
                        <Unicode>vos</Unicode>
                    </TextEquiv>
                    <TextStyle fontFamily="Times New Roman" fontSize="10.0"/>
                </Word>
                <Word id="w_w2aab1b9b2c27b1ac87" language="English" custom="readingOrder {index:7;}">
                    <Coords points="3139,3618 3557,3618 3557,3720 3139,3720"/>
                    <TextEquiv>
                        <Unicode>secousses.</Unicode>
                    </TextEquiv>
                    <TextStyle fontFamily="Times New Roman" fontSize="10.0"/>
                </Word>
                <TextEquiv>
                    <Unicode>Sus donc, ſus, mes ſanglots, redoublez vos ſecouſſes,</Unicode>
                </TextEquiv>
                <TextStyle fontFamily="Times New Roman" fontSize="10.0"/>
            </TextLine>
            <TextEquiv>
                <Unicode>Sus donc, ſus, mes ſanglots, redoublez vos ſecouſſes,</Unicode>
            </TextEquiv>
        </TextRegion>
        <TextRegion type="paragraph" id="r_5_15" custom="readingOrder {index:17;}">
            <Coords points="1130,3736 3294,3736 3294,3865 1130,3865"/>
            <TextLine id="tl_18" primaryLanguage="English" custom="readingOrder {index:0;}">
                <Coords points="1131,3737 3293,3737 3293,3864 1131,3864"/>
                <Baseline points="1131,3827 1359,3828 1497,3824 1639,3828 2067,3828 2315,3829 2463,3827 2695,3827 2925,3863 3293,3842"/>
                <Word id="w_w2aab1b9b2c29b1ab1" language="English" custom="readingOrder {index:0;}">
                    <Coords points="1131,3741 1359,3741 1359,3828 1131,3828"/>
                    <TextEquiv>
                        <Unicode>Pour</Unicode>
                    </TextEquiv>
                    <TextStyle fontFamily="Times New Roman" fontSize="10.0"/>
                </Word>
                <Word id="w_w2aab1b9b2c29b1ac11" language="English" custom="readingOrder {index:1;}">
                    <Coords points="1385,3770 1497,3770 1497,3824 1385,3824"/>
                    <TextEquiv>
                        <Unicode>un</Unicode>
                    </TextEquiv>
                    <TextStyle fontFamily="Times New Roman" fontSize="10.0"/>
                </Word>
                <Word id="w_w2aab1b9b2c29b1ac17" language="English" custom="readingOrder {index:2;}">
                    <Coords points="1531,3738 1639,3738 1639,3828 1531,3828"/>
                    <TextEquiv>
                        <Unicode>tel</Unicode>
                    </TextEquiv>
                    <TextStyle fontFamily="Times New Roman" fontSize="10.0"/>
                </Word>
                <Word id="w_w2aab1b9b2c29b1ac25" language="English" custom="readingOrder {index:3;}">
                    <Coords points="1669,3738 2067,3738 2067,3862 1669,3862"/>
                    <TextEquiv>
                        <Unicode>desespoir</Unicode>
                    </TextEquiv>
                    <TextStyle fontFamily="Times New Roman" fontSize="10.0"/>
                </Word>
                <Word id="w_w2aab1b9b2c29b1ac45" language="English" custom="readingOrder {index:4;}">
                    <Coords points="2105,3776 2315,3776 2315,3833 2105,3833"/>
                    <TextEquiv>
                        <Unicode>vous</Unicode>
                    </TextEquiv>
                    <TextStyle fontFamily="Times New Roman" fontSize="10.0"/>
                </Word>
                <Word id="w_w2aab1b9b2c29b1ac55" language="English" custom="readingOrder {index:5;}">
                    <Coords points="2349,3743 2463,3743 2463,3833 2349,3833"/>
                    <TextEquiv>
                        <Unicode>les</Unicode>
                    </TextEquiv>
                    <TextStyle fontFamily="Times New Roman" fontSize="10.0"/>
                </Word>
                <Word id="w_w2aab1b9b2c29b1ac63" language="English" custom="readingOrder {index:6;}">
                    <Coords points="2501,3773 2695,3773 2695,3837 2501,3837"/>
                    <TextEquiv>
                        <Unicode>avez</Unicode>
                    </TextEquiv>
                    <TextStyle fontFamily="Times New Roman" fontSize="10.0"/>
                </Word>
                <Word id="w_w2aab1b9b2c29b1ac73" language="English" custom="readingOrder {index:7;}">
                    <Coords points="2737,3773 2925,3773 2925,3863 2737,3863"/>
                    <TextEquiv>
                        <Unicode>trop</Unicode>
                    </TextEquiv>
                    <TextStyle fontFamily="Times New Roman" fontSize="10.0"/>
                </Word>
                <Word id="w_w2aab1b9b2c29b1ac83" language="English" custom="readingOrder {index:8;}">
                    <Coords points="2963,3743 3293,3743 3293,3842 2963,3842"/>
                    <TextEquiv>
                        <Unicode>douces,</Unicode>
                    </TextEquiv>
                    <TextStyle fontFamily="Times New Roman" fontSize="10.0"/>
                </Word>
                <TextEquiv>
                    <Unicode>Pour un tel deſespoir vous les avez trop douces,</Unicode>
                </TextEquiv>
                <TextStyle fontFamily="Times New Roman" fontSize="10.0"/>
            </TextLine>
            <TextEquiv>
                <Unicode>Pour un tel deſespoir vous les avez trop douces,</Unicode>
            </TextEquiv>
        </TextRegion>
        <TextRegion type="paragraph" id="r_5_16" custom="readingOrder {index:18;}">
            <Coords points="1137,3860 3212,3860 3212,3989 1137,3989"/>
            <TextLine id="tl_19" primaryLanguage="English" custom="readingOrder {index:0;}">
                <Coords points="1138,3861 3211,3861 3211,3988 1138,3988"/>
                <Baseline points="1138,3951 1394,3948 1634,3948 2128,3956 2266,3953 2478,3953 2862,3953 3210,3954"/>
                <Word id="w_w2aab1b9b2c31b1ab1" language="English" custom="readingOrder {index:0;}">
                    <Coords points="1138,3866 1394,3866 1394,3952 1138,3952"/>
                    <TextEquiv>
                        <Unicode>Faites</Unicode>
                    </TextEquiv>
                    <TextStyle fontFamily="Times New Roman" fontSize="10.0"/>
                </Word>
                <Word id="w_w2aab1b9b2c31b1ac15" language="English" custom="readingOrder {index:1;}">
                    <Coords points="1424,3894 1634,3894 1634,3984 1424,3984"/>
                    <TextEquiv>
                        <Unicode>pour</Unicode>
                    </TextEquiv>
                    <TextStyle fontFamily="Times New Roman" fontSize="10.0"/>
                </Word>
                <Word id="w_w2aab1b9b2c31b1ac25" language="English" custom="readingOrder {index:2;}">
                    <Coords points="1664,3862 2128,3862 2128,3956 1664,3956"/>
                    <TextEquiv>
                        <Unicode>m’étouffer</Unicode>
                    </TextEquiv>
                    <TextStyle fontFamily="Times New Roman" fontSize="10.0"/>
                </Word>
                <Word id="w_w2aab1b9b2c31b1ac47" language="English" custom="readingOrder {index:3;}">
                    <Coords points="2166,3871 2266,3871 2266,3953 2166,3953"/>
                    <TextEquiv>
                        <Unicode>de</Unicode>
                    </TextEquiv>
                    <TextStyle fontFamily="Times New Roman" fontSize="10.0"/>
                </Word>
                <Word id="w_w2aab1b9b2c31b1ac53" language="English" custom="readingOrder {index:4;}">
                    <Coords points="2300,3867 2478,3867 2478,3987 2300,3987"/>
                    <TextEquiv>
                        <Unicode>plus</Unicode>
                    </TextEquiv>
                    <TextStyle fontFamily="Times New Roman" fontSize="10.0"/>
                </Word>
                <Word id="w_w2aab1b9b2c31b1ac63" language="English" custom="readingOrder {index:5;}">
                    <Coords points="2518,3871 2862,3871 2862,3975 2518,3975"/>
                    <TextEquiv>
                        <Unicode>puiflfans</Unicode>
                    </TextEquiv>
                    <TextStyle fontFamily="Times New Roman" fontSize="10.0"/>
                </Word>
                <Word id="w_w2aab1b9b2c31b1ac83" language="English" custom="readingOrder {index:6;}">
                    <Coords points="2902,3867 3210,3867 3210,3957 2902,3957"/>
                    <TextEquiv>
                        <Unicode>efforts.</Unicode>
                    </TextEquiv>
                    <TextStyle fontFamily="Times New Roman" fontSize="10.0"/>
                </Word>
                <TextEquiv>
                    <Unicode>Faites pour m’étouffer de plus puiſſans efforts.</Unicode>
                </TextEquiv>
                <TextStyle fontFamily="Times New Roman" fontSize="10.0"/>
            </TextLine>
            <TextEquiv>
                <Unicode>Faites pour m’étouffer de plus puiſſans efforts.</Unicode>
            </TextEquiv>
        </TextRegion>
        <TextRegion type="paragraph" id="r_5_17" custom="readingOrder {index:19;}">
            <Coords points="943,3986 3463,3986 3463,4365 943,4365"/>
            <TextLine id="tl_20" primaryLanguage="English" custom="readingOrder {index:0;}">
                <Coords points="944,3987 3462,3987 3462,4114 944,4114"/>
                <Baseline points="944,4073 1026,4073 1114,4077 1434,4076 1764,4076 2012,4090 2382,4077 2564,4081 2992,4081 3138,4082 3388,4082 3462,4076"/>
                <Word id="w_w2aab1b9b2c33b1ab1" language="English" custom="readingOrder {index:0;}">
                    <Coords points="944,3987 1026,3987 1026,4073 944,4073"/>
                    <TextEquiv>
                        <Unicode>P</Unicode>
                    </TextEquiv>
                    <TextStyle fontFamily="Times New Roman" fontSize="11.5" italic="true"/>
                </Word>
                <Word id="w_w2aab1b9b2c33b1ab5" language="English" custom="readingOrder {index:1;}">
                    <Coords points="1048,3991 1254,3991 1254,4078 1048,4078"/>
                    <TextEquiv>
                        <Unicode>TM.</Unicode>
                    </TextEquiv>
                    <TextStyle fontFamily="Times New Roman" fontSize="11.5" italic="true"/>
                </Word>
                <Word id="w_w2aab1b9b2c33b1b1b3" language="English" custom="readingOrder {index:2;}">
                    <Coords points="1300,3996 1434,3996 1434,4076 1300,4076"/>
                    <TextEquiv>
                        <Unicode>Ne</Unicode>
                    </TextEquiv>
                    <TextStyle fontFamily="Times New Roman" fontSize="10.0"/>
                </Word>
                <Word id="w_w2aab1b9b2c33b1b1b9" language="English" custom="readingOrder {index:3;}">
                    <Coords points="1464,3992 1764,3992 1764,4112 1464,4112"/>
                    <TextEquiv>
                        <Unicode>songez</Unicode>
                    </TextEquiv>
                    <TextStyle fontFamily="Times New Roman" fontSize="10.0"/>
                </Word>
                <Word id="w_w2aab1b9b2c33b1b1c23" language="English" custom="readingOrder {index:4;}">
                    <Coords points="1794,3992 2012,3992 2012,4112 1794,4112"/>
                    <TextEquiv>
                        <Unicode>plus,</Unicode>
                    </TextEquiv>
                    <TextStyle fontFamily="Times New Roman" fontSize="10.0"/>
                </Word>
                <Word id="w_w2aab1b9b2c33b1b1c35" language="English" custom="readingOrder {index:5;}">
                    <Coords points="2048,3991 2476,3991 2476,4091 2048,4091"/>
                    <TextEquiv>
                        <Unicode>Madame,</Unicode>
                    </TextEquiv>
                    <TextStyle fontFamily="Times New Roman" fontSize="10.0"/>
                </Word>
                <Word id="w_w2aab1b9b2c33b1b2b1" language="English" custom="readingOrder {index:6;}">
                    <Coords points="2522,3991 2564,3991 2564,4081 2522,4081"/>
                    <TextEquiv>
                        <Unicode>à</Unicode>
                    </TextEquiv>
                    <TextStyle fontFamily="Times New Roman" fontSize="12.0"/>
                </Word>
                <Word id="w_w2aab1b9b2c33b1b3b1" language="English" custom="readingOrder {index:7;}">
                    <Coords points="2588,3995 2992,3995 2992,4109 2588,4109"/>
                    <TextEquiv>
                        <Unicode>rejoindre</Unicode>
                    </TextEquiv>
                    <TextStyle fontFamily="Times New Roman" fontSize="10.0"/>
                </Word>
                <Word id="w_w2aab1b9b2c33b1b3c21" language="English" custom="readingOrder {index:8;}">
                    <Coords points="3026,3991 3138,3991 3138,4082 3026,4082"/>
                    <TextEquiv>
                        <Unicode>les</Unicode>
                    </TextEquiv>
                    <TextStyle fontFamily="Times New Roman" fontSize="10.0"/>
                </Word>
                <Word id="w_w2aab1b9b2c33b1b3c29" language="English" custom="readingOrder {index:9;}">
                    <Coords points="3172,4018 3426,4018 3426,4082 3172,4082"/>
                    <TextEquiv>
                        <Unicode>morts</Unicode>
                    </TextEquiv>
                    <TextStyle fontFamily="Times New Roman" fontSize="10.0"/>
                </Word>
                <Word id="w_w2aab1b9b2c33b1b4b1" language="English" custom="readingOrder {index:10;}">
                    <Coords points="3444,4018 3462,4018 3462,4076 3444,4076"/>
                    <TextEquiv>
                        <Unicode>i</Unicode>
                    </TextEquiv>
                    <TextStyle fontFamily="Times New Roman" fontSize="7.5" bold="true" italic="true"/>
                </Word>
                <TextEquiv>
                    <Unicode>PYM. Ne songez plus, Madame, à rejoindre les morts:</Unicode>
                </TextEquiv>
            </TextLine>
            <TextLine id="tl_21" primaryLanguage="English" custom="readingOrder {index:1;}">
                <Coords points="1136,4113 3422,4113 3422,4240 1136,4240"/>
                <Baseline points="1136,4201 1434,4198 1768,4202 1852,4202 2092,4202 2266,4205 2538,4205 2808,4205 3146,4206 3422,4206"/>
                <Word id="w_w2aab1b9b2c33b3ab1" language="English" custom="readingOrder {index:0;}">
                    <Coords points="1136,4115 1434,4115 1434,4202 1136,4202"/>
                    <TextEquiv>
                        <Unicode>Teniez</Unicode>
                    </TextEquiv>
                    <TextStyle fontFamily="Times New Roman" fontSize="10.0"/>
                </Word>
                <Word id="w_w2aab1b9b2c33b3ac15" language="English" custom="readingOrder {index:1;}">
                    <Coords points="1472,4116 1768,4116 1768,4232 1472,4232"/>
                    <TextEquiv>
                        <Unicode>plùcoft</Unicode>
                    </TextEquiv>
                    <TextStyle fontFamily="Times New Roman" fontSize="10.0"/>
                </Word>
                <Word id="w_w2aab1b9b2c33b3ac31" language="English" custom="readingOrder {index:2;}">
                    <Coords points="1806,4116 1852,4116 1852,4202 1806,4202"/>
                    <TextEquiv>
                        <Unicode>à</Unicode>
                    </TextEquiv>
                    <TextStyle fontFamily="Times New Roman" fontSize="10.0"/>
                </Word>
                <Word id="w_w2aab1b9b2c33b3ac35" language="English" custom="readingOrder {index:3;}">
                    <Coords points="1890,4148 2092,4148 2092,4204 1890,4204"/>
                    <TextEquiv>
                        <Unicode>ceux</Unicode>
                    </TextEquiv>
                    <TextStyle fontFamily="Times New Roman" fontSize="10.0"/>
                </Word>
                <Word id="w_w2aab1b9b2c33b3ac45" language="English" custom="readingOrder {index:4;}">
                    <Coords points="2128,4121 2266,4121 2266,4239 2128,4239"/>
                    <TextEquiv>
                        <Unicode>qui</Unicode>
                    </TextEquiv>
                    <TextStyle fontFamily="Times New Roman" fontSize="10.0"/>
                </Word>
                <Word id="w_w2aab1b9b2c33b3ac53" language="English" custom="readingOrder {index:5;}">
                    <Coords points="2310,4115 2538,4115 2538,4205 2310,4205"/>
                    <TextEquiv>
                        <Unicode>n’ont</Unicode>
                    </TextEquiv>
                    <TextStyle fontFamily="Times New Roman" fontSize="10.0"/>
                </Word>
                <Word id="w_w2aab1b9b2c33b3ac65" language="English" custom="readingOrder {index:6;}">
                    <Coords points="2572,4121 2808,4121 2808,4237 2572,4237"/>
                    <TextEquiv>
                        <Unicode>point</Unicode>
                    </TextEquiv>
                    <TextStyle fontFamily="Times New Roman" fontSize="10.0"/>
                </Word>
                <Word id="w_w2aab1b9b2c33b3ac77" language="English" custom="readingOrder {index:7;}">
                    <Coords points="2844,4115 3146,4115 3146,4206 2844,4206"/>
                    <TextEquiv>
                        <Unicode>d’autre</Unicode>
                    </TextEquiv>
                    <TextStyle fontFamily="Times New Roman" fontSize="10.0"/>
                </Word>
                <Word id="w_w2aab1b9b2c33b3ac93" language="English" custom="readingOrder {index:8;}">
                    <Coords points="3190,4152 3422,4152 3422,4210 3190,4210"/>
                    <TextEquiv>
                        <Unicode>envie</Unicode>
                    </TextEquiv>
                    <TextStyle fontFamily="Times New Roman" fontSize="10.0"/>
                </Word>
                <TextEquiv>
                    <Unicode>Penſez plûtoſt à ceux qui n’ont point d’autre envie</Unicode>
                </TextEquiv>
                <TextStyle fontFamily="Times New Roman" fontSize="10.0"/>
            </TextLine>
            <TextLine id="tl_22" primaryLanguage="English" custom="readingOrder {index:2;}">
                <Coords points="1136,4235 3188,4235 3188,4364 1136,4364"/>
                <Baseline points="1136,4343 1332,4326 1856,4326 2098,4330 2332,4331 2444,4331 2670,4335 2796,4331 2992,4333 3138,4334 3188,4350"/>
                <Word id="w_w2aab1b9b2c33b5ab1" language="English" custom="readingOrder {index:0;}">
                    <Coords points="1136,4243 1332,4243 1332,4343 1136,4343"/>
                    <TextEquiv>
                        <Unicode>Que</Unicode>
                    </TextEquiv>
                    <TextStyle fontFamily="Times New Roman" fontSize="10.0"/>
                </Word>
                <Word id="w_w2aab1b9b2c33b5ab9" language="English" custom="readingOrder {index:1;}">
                    <Coords points="1362,4236 1856,4236 1856,4358 1362,4358"/>
                    <TextEquiv>
                        <Unicode>d’employer</Unicode>
                    </TextEquiv>
                    <TextStyle fontFamily="Times New Roman" fontSize="10.0"/>
                </Word>
                <Word id="w_w2aab1b9b2c33b5ac31" language="English" custom="readingOrder {index:2;}">
                    <Coords points="1892,4272 2098,4272 2098,4362 1892,4362"/>
                    <TextEquiv>
                        <Unicode>pour</Unicode>
                    </TextEquiv>
                    <TextStyle fontFamily="Times New Roman" fontSize="10.0"/>
                </Word>
                <Word id="w_w2aab1b9b2c33b5ac41" language="English" custom="readingOrder {index:3;}">
                    <Coords points="2128,4276 2332,4276 2332,4335 2128,4335"/>
                    <TextEquiv>
                        <Unicode>vous</Unicode>
                    </TextEquiv>
                    <TextStyle fontFamily="Times New Roman" fontSize="10.0"/>
                </Word>
                <Word id="w_w2aab1b9b2c33b5ac51" language="English" custom="readingOrder {index:4;}">
                    <Coords points="2368,4241 2444,4241 2444,4331 2368,4331"/>
                    <TextEquiv>
                        <Unicode>le</Unicode>
                    </TextEquiv>
                    <TextStyle fontFamily="Times New Roman" fontSize="10.0"/>
                </Word>
                <Word id="w_w2aab1b9b2c33b5ac57" language="English" custom="readingOrder {index:5;}">
                    <Coords points="2466,4271 2670,4271 2670,4335 2466,4335"/>
                    <TextEquiv>
                        <Unicode>reste</Unicode>
                    </TextEquiv>
                    <TextStyle fontFamily="Times New Roman" fontSize="10.0"/>
                </Word>
                <Word id="w_w2aab1b9b2c33b5ac69" language="English" custom="readingOrder {index:6;}">
                    <Coords points="2696,4245 2796,4245 2796,4331 2696,4331"/>
                    <TextEquiv>
                        <Unicode>de</Unicode>
                    </TextEquiv>
                    <TextStyle fontFamily="Times New Roman" fontSize="10.0"/>
                </Word>
                <Word id="w_w2aab1b9b2c33b5ac75" language="English" custom="readingOrder {index:7;}">
                    <Coords points="2816,4245 2992,4245 2992,4333 2816,4333"/>
                    <TextEquiv>
                        <Unicode>leur</Unicode>
                    </TextEquiv>
                    <TextStyle fontFamily="Times New Roman" fontSize="10.0"/>
                </Word>
                <Word id="w_w2aab1b9b2c33b5ac85" language="English" custom="readingOrder {index:8;}">
                    <Coords points="3012,4250 3138,4250 3138,4334 3012,4334"/>
                    <TextEquiv>
                        <Unicode>vie</Unicode>
                    </TextEquiv>
                    <TextStyle fontFamily="Times New Roman" fontSize="10.0"/>
                </Word>
                <Word id="w_w2aab1b9b2c33b5ac93" language="English" custom="readingOrder {index:9;}">
                    <Coords points="3164,4290 3188,4290 3188,4350 3164,4350"/>
                    <TextEquiv>
                        <Unicode>&gt;</Unicode>
                    </TextEquiv>
                    <TextStyle fontFamily="Times New Roman" fontSize="10.0"/>
                </Word>
                <TextEquiv>
                    <Unicode>Que d’employer pour vous le reste de leur vie;</Unicode>
                </TextEquiv>
                <TextStyle fontFamily="Times New Roman" fontSize="10.0"/>
            </TextLine>
            <TextEquiv>
                <Unicode>PYM. Ne songez plus, Madame, à rejoindre les morts:
Penſez plûtoſt à ceux qui n’ont point d’autre envie
Que d’employer pour vous le reste de leur vie;</Unicode>
            </TextEquiv>
        </TextRegion>
        <TextRegion type="paragraph" id="r_5_18" custom="readingOrder {index:20;}">
            <Coords points="1135,4364 3063,4364 3063,4485 1135,4485"/>
            <TextLine id="tl_23" primaryLanguage="English" custom="readingOrder {index:0;}">
                <Coords points="1136,4365 3062,4365 3062,4484 1136,4484"/>
                <Baseline points="1136,4451 1434,4450 1760,4450 1838,4456 2066,4456 2306,4455 2418,4455 2752,4459 3062,4470"/>
                <Word id="w_w2aab1b9b2c35b1ab1" language="English" custom="readingOrder {index:0;}">
                    <Coords points="1136,4365 1434,4365 1434,4452 1136,4452"/>
                    <TextEquiv>
                        <Unicode>Pensez</Unicode>
                    </TextEquiv>
                    <TextStyle fontFamily="Times New Roman" fontSize="10.0"/>
                </Word>
                <Word id="w_w2aab1b9b2c35b1ac15" language="English" custom="readingOrder {index:1;}">
                    <Coords points="1464,4366 1760,4366 1760,4482 1464,4482"/>
                    <TextEquiv>
                        <Unicode>plùtoft</Unicode>
                    </TextEquiv>
                    <TextStyle fontFamily="Times New Roman" fontSize="10.0"/>
                </Word>
                <Word id="w_w2aab1b9b2c35b1ac31" language="English" custom="readingOrder {index:2;}">
                    <Coords points="1794,4366 1838,4366 1838,4456 1794,4456"/>
                    <TextEquiv>
                        <Unicode>à</Unicode>
                    </TextEquiv>
                    <TextStyle fontFamily="Times New Roman" fontSize="10.0"/>
                </Word>
                <Word id="w_w2aab1b9b2c35b1ac35" language="English" custom="readingOrder {index:3;}">
                    <Coords points="1864,4400 2066,4400 2066,4456 1864,4456"/>
                    <TextEquiv>
                        <Unicode>ceux</Unicode>
                    </TextEquiv>
                    <TextStyle fontFamily="Times New Roman" fontSize="10.0"/>
                </Word>
                <Word id="w_w2aab1b9b2c35b1ac45" language="English" custom="readingOrder {index:4;}">
                    <Coords points="2100,4368 2306,4368 2306,4457 2100,4457"/>
                    <TextEquiv>
                        <Unicode>dont</Unicode>
                    </TextEquiv>
                    <TextStyle fontFamily="Times New Roman" fontSize="10.0"/>
                </Word>
                <Word id="w_w2aab1b9b2c35b1ac55" language="English" custom="readingOrder {index:5;}">
                    <Coords points="2342,4369 2418,4369 2418,4455 2342,4455"/>
                    <TextEquiv>
                        <Unicode>le</Unicode>
                    </TextEquiv>
                    <TextStyle fontFamily="Times New Roman" fontSize="10.0"/>
                </Word>
                <Word id="w_w2aab1b9b2c35b1ac61" language="English" custom="readingOrder {index:6;}">
                    <Coords points="2456,4369 2752,4369 2752,4459 2456,4459"/>
                    <TextEquiv>
                        <Unicode>service</Unicode>
                    </TextEquiv>
                    <TextStyle fontFamily="Times New Roman" fontSize="10.0"/>
                </Word>
                <Word id="w_w2aab1b9b2c35b1ac77" language="English" custom="readingOrder {index:7;}">
                    <Coords points="2790,4369 3062,4369 3062,4470 2790,4470"/>
                    <TextEquiv>
                        <Unicode>offert,</Unicode>
                    </TextEquiv>
                    <TextStyle fontFamily="Times New Roman" fontSize="10.0"/>
                </Word>
                <TextEquiv>
                    <Unicode>Penſez plûtoſt à ceux dont le ſervice offert,</Unicode>
                </TextEquiv>
                <TextStyle fontFamily="Times New Roman" fontSize="10.0"/>
            </TextLine>
            <TextEquiv>
                <Unicode>Penſez plûtoſt à ceux dont le ſervice offert,</Unicode>
            </TextEquiv>
        </TextRegion>
        <TextRegion type="paragraph" id="r_5_19" custom="readingOrder {index:21;}">
            <Coords points="947,4484 3509,4484 3509,4747 947,4747"/>
            <TextLine id="tl_24" primaryLanguage="English" custom="readingOrder {index:0;}">
                <Coords points="1144,4485 3130,4485 3130,4620 1144,4620"/>
                <Baseline points="1144,4575 1496,4576 1732,4580 2190,4593 2328,4581 2626,4585 2876,4585 3130,4580"/>
                <Word id="w_w2aab1b9b2c37b1ab1" language="English" custom="readingOrder {index:0;}">
                    <Coords points="1144,4486 1496,4486 1496,4610 1144,4610"/>
                    <TextEquiv>
                        <Unicode>Accepté</Unicode>
                    </TextEquiv>
                    <TextStyle fontFamily="Times New Roman" fontSize="10.0"/>
                </Word>
                <Word id="w_w2aab1b9b2c37b1ac17" language="English" custom="readingOrder {index:1;}">
                    <Coords points="1526,4520 1732,4520 1732,4580 1526,4580"/>
                    <TextEquiv>
                        <Unicode>vous</Unicode>
                    </TextEquiv>
                    <TextStyle fontFamily="Times New Roman" fontSize="10.0"/>
                </Word>
                <Word id="w_w2aab1b9b2c37b1ac27" language="English" custom="readingOrder {index:2;}">
                    <Coords points="1766,4494 2190,4494 2190,4593 1766,4593"/>
                    <TextEquiv>
                        <Unicode>conserve,</Unicode>
                    </TextEquiv>
                    <TextStyle fontFamily="Times New Roman" fontSize="10.0"/>
                </Word>
                <Word id="w_w2aab1b9b2c37b1ac47" language="English" custom="readingOrder {index:3;}">
                    <Coords points="2238,4499 2328,4499 2328,4581 2238,4581"/>
                    <TextEquiv>
                        <Unicode>&amp;</Unicode>
                    </TextEquiv>
                    <TextStyle fontFamily="Times New Roman" fontSize="10.0"/>
                </Word>
                <Word id="w_w2aab1b9b2c37b1ac51" language="English" custom="readingOrder {index:4;}">
                    <Coords points="2368,4489 2626,4489 2626,4585 2368,4585"/>
                    <TextEquiv>
                        <Unicode>refufé</Unicode>
                    </TextEquiv>
                    <TextStyle fontFamily="Times New Roman" fontSize="10.0"/>
                </Word>
                <Word id="w_w2aab1b9b2c37b1ac65" language="English" custom="readingOrder {index:5;}">
                    <Coords points="2666,4529 2876,4529 2876,4585 2666,4585"/>
                    <TextEquiv>
                        <Unicode>vous</Unicode>
                    </TextEquiv>
                    <TextStyle fontFamily="Times New Roman" fontSize="10.0"/>
                </Word>
                <Word id="w_w2aab1b9b2c37b1ac75" language="English" custom="readingOrder {index:6;}">
                    <Coords points="2910,4498 3130,4498 3130,4619 2910,4619"/>
                    <TextEquiv>
                        <Unicode>perd,</Unicode>
                    </TextEquiv>
                    <TextStyle fontFamily="Times New Roman" fontSize="10.0"/>
                </Word>
                <TextEquiv>
                    <Unicode>Accepté vous conſerve, &amp; refuſé vous perd.</Unicode>
                </TextEquiv>
                <TextStyle fontFamily="Times New Roman" fontSize="10.0"/>
            </TextLine>
            <TextLine id="tl_25" primaryLanguage="English" custom="readingOrder {index:1;}">
                <Coords points="948,4613 3508,4613 3508,4746 948,4746"/>
                <Baseline points="948,4709 972,4709 1052,4707 1666,4704 1960,4716 2320,4719 2822,4709 2996,4709 3188,4714 3508,4726"/>
                <Word id="w_w2aab1b9b2c37b3ab1" language="English" custom="readingOrder {index:0;}">
                    <Coords points="948,4677 972,4677 972,4709 948,4709"/>
                    <TextEquiv>
                        <Unicode>j</Unicode>
                    </TextEquiv>
                    <TextStyle fontFamily="Times New Roman" fontSize="10.0"/>
                </Word>
                <Word id="w_w2aab1b9b2c37b3b1b1" language="English" custom="readingOrder {index:1;}">
                    <Coords points="972,4619 1250,4619 1250,4707 972,4707"/>
                    <TextEquiv>
                        <Unicode>DOR.</Unicode>
                    </TextEquiv>
                    <TextStyle fontFamily="Times New Roman" fontSize="11.5" italic="true"/>
                </Word>
                <Word id="w_w2aab1b9b2c37b3b2b3" language="English" custom="readingOrder {index:2;}">
                    <Coords points="1286,4618 1666,4618 1666,4704 1286,4704"/>
                    <TextEquiv>
                        <Unicode>Crois-tu</Unicode>
                    </TextEquiv>
                    <TextStyle fontFamily="Times New Roman" fontSize="10.0"/>
                </Word>
                <Word id="w_w2aab1b9b2c37b3b2c21" language="English" custom="readingOrder {index:3;}">
                    <Coords points="1696,4614 1960,4614 1960,4716 1696,4716"/>
                    <TextEquiv>
                        <Unicode>donc,</Unicode>
                    </TextEquiv>
                    <TextStyle fontFamily="Times New Roman" fontSize="10.0"/>
                </Word>
                <Word id="w_w2aab1b9b2c37b3b2c33" language="English" custom="readingOrder {index:4;}">
                    <Coords points="1984,4618 2320,4618 2320,4719 1984,4719"/>
                    <TextEquiv>
                        <Unicode>affaffin,</Unicode>
                    </TextEquiv>
                    <TextStyle fontFamily="Times New Roman" fontSize="10.0"/>
                </Word>
                <Word id="w_w2aab1b9b2c37b3b2c53" language="English" custom="readingOrder {index:5;}">
                    <Coords points="2346,4619 2822,4619 2822,4745 2346,4745"/>
                    <TextEquiv>
                        <Unicode>m’acquérir</Unicode>
                    </TextEquiv>
                    <TextStyle fontFamily="Times New Roman" fontSize="10.0"/>
                </Word>
                <Word id="w_w2aab1b9b2c37b3b2c75" language="English" custom="readingOrder {index:6;}">
                    <Coords points="2856,4655 2996,4655 2996,4743 2856,4743"/>
                    <TextEquiv>
                        <Unicode>par</Unicode>
                    </TextEquiv>
                    <TextStyle fontFamily="Times New Roman" fontSize="10.0"/>
                </Word>
                <Word id="w_w2aab1b9b2c37b3b2c83" language="English" custom="readingOrder {index:7;}">
                    <Coords points="3040,4653 3188,4653 3188,4714 3040,4714"/>
                    <TextEquiv>
                        <Unicode>ton</Unicode>
                    </TextEquiv>
                    <TextStyle fontFamily="Times New Roman" fontSize="10.0"/>
                </Word>
                <Word id="w_w2aab1b9b2c37b3b2c91" language="English" custom="readingOrder {index:8;}">
                    <Coords points="3222,4624 3508,4624 3508,4726 3222,4726"/>
                    <TextEquiv>
                        <Unicode>crime,</Unicode>
                    </TextEquiv>
                    <TextStyle fontFamily="Times New Roman" fontSize="10.0"/>
                </Word>
                <TextEquiv>
                    <Unicode>DOR. Crois-tu donc, aſſaſſin, m’acquerir par ton crime,</Unicode>
                </TextEquiv>
            </TextLine>
            <TextEquiv>
                <Unicode>Accepté vous conſerve, &amp; refuſé vous perd.
DOR. Crois-tu donc, aſſaſſin, m’acquerir par ton crime,</Unicode>
            </TextEquiv>
        </TextRegion>
        <TextRegion type="paragraph" id="r_5_20" custom="readingOrder {index:22;}">
            <Coords points="1138,4736 3113,4736 3113,4867 1138,4867"/>
            <TextLine id="tl_26" primaryLanguage="English" custom="readingOrder {index:0;}">
                <Coords points="1139,4737 3112,4737 3112,4866 1139,4866"/>
                <Baseline points="1139,4845 1222,4845 1702,4828 2127,4842 2573,4837 2685,4837 3063,4838 3112,4834"/>
                <Word id="w_w2aab1b9b2c39b1ab1" language="English" custom="readingOrder {index:0;}">
                    <Coords points="1139,4738 1306,4738 1306,4845 1139,4845"/>
                    <TextEquiv>
                        <Unicode>Qif</Unicode>
                    </TextEquiv>
                    <TextStyle fontFamily="Times New Roman" fontSize="10.5"/>
                </Word>
                <Word id="w_w2aab1b9b2c39b1b1b1" language="English" custom="readingOrder {index:1;}">
                    <Coords points="1311,4744 1702,4744 1702,4828 1311,4828"/>
                    <TextEquiv>
                        <Unicode>innocent</Unicode>
                    </TextEquiv>
                    <TextStyle fontFamily="Times New Roman" fontSize="10.0"/>
                </Word>
                <Word id="w_w2aab1b9b2c39b1b1c19" language="English" custom="readingOrder {index:2;}">
                    <Coords points="1741,4742 2127,4742 2127,4864 1741,4864"/>
                    <TextEquiv>
                        <Unicode>méprisé,</Unicode>
                    </TextEquiv>
                    <TextStyle fontFamily="Times New Roman" fontSize="10.0"/>
                </Word>
                <Word id="w_w2aab1b9b2c39b1b1c37" language="English" custom="readingOrder {index:3;}">
                    <Coords points="2171,4747 2573,4747 2573,4865 2171,4865"/>
                    <TextEquiv>
                        <Unicode>coupable</Unicode>
                    </TextEquiv>
                    <TextStyle fontFamily="Times New Roman" fontSize="10.0"/>
                </Word>
                <Word id="w_w2aab1b9b2c39b1b1c55" language="English" custom="readingOrder {index:4;}">
                    <Coords points="2613,4747 2685,4747 2685,4865 2613,4865"/>
                    <TextEquiv>
                        <Unicode>je</Unicode>
                    </TextEquiv>
                    <TextStyle fontFamily="Times New Roman" fontSize="10.0"/>
                </Word>
                <Word id="w_w2aab1b9b2c39b1b1c61" language="English" custom="readingOrder {index:5;}">
                    <Coords points="2727,4747 3063,4747 3063,4838 2727,4838"/>
                    <TextEquiv>
                        <Unicode>t’estime</Unicode>
                    </TextEquiv>
                    <TextStyle fontFamily="Times New Roman" fontSize="10.0"/>
                </Word>
                <Word id="w_w2aab1b9b2c39b1b1c79" language="English" custom="readingOrder {index:6;}">
                    <Coords points="3089,4758 3112,4758 3112,4834 3089,4834"/>
                    <TextEquiv>
                        <Unicode>?</Unicode>
                    </TextEquiv>
                    <TextStyle fontFamily="Times New Roman" fontSize="10.0"/>
                </Word>
                <TextEquiv>
                    <Unicode>Qu'innocent méprisé, coupable je t’estime?</Unicode>
                </TextEquiv>
            </TextLine>
            <TextEquiv>
                <Unicode>Qu'innocent méprisé, coupable je t’estime?</Unicode>
            </TextEquiv>
        </TextRegion>
        <TextRegion type="paragraph" id="r_5_21" custom="readingOrder {index:23;}">
            <Coords points="1138,4866 3134,4866 3134,4995 1138,4995"/>
            <TextLine id="tl_27" primaryLanguage="English" custom="readingOrder {index:0;}">
                <Coords points="1139,4867 3133,4867 3133,4994 1139,4994"/>
                <Baseline points="1139,4953 1211,4953 1345,4954 1629,4958 1785,4954 2017,4958 2377,4963 2523,4957 3133,4972"/>
                <Word id="w_w2aab1b9b2c41b1ab1" language="English" custom="readingOrder {index:0;}">
                    <Coords points="1139,4867 1211,4867 1211,4953 1139,4953"/>
                    <TextEquiv>
                        <Unicode>A</Unicode>
                    </TextEquiv>
                    <TextStyle fontFamily="Times New Roman" fontSize="10.0"/>
                </Word>
                <Word id="w_w2aab1b9b2c41b1ab5" language="English" custom="readingOrder {index:1;}">
                    <Coords points="1255,4898 1345,4898 1345,4954 1255,4954"/>
                    <TextEquiv>
                        <Unicode>ce</Unicode>
                    </TextEquiv>
                    <TextStyle fontFamily="Times New Roman" fontSize="10.0"/>
                </Word>
                <Word id="w_w2aab1b9b2c41b1ac11" language="English" custom="readingOrder {index:2;}">
                    <Coords points="1385,4894 1629,4894 1629,4958 1385,4958"/>
                    <TextEquiv>
                        <Unicode>conte</Unicode>
                    </TextEquiv>
                    <TextStyle fontFamily="Times New Roman" fontSize="10.0"/>
                </Word>
                <Word id="w_w2aab1b9b2c41b1ac23" language="English" custom="readingOrder {index:3;}">
                    <Coords points="1673,4894 1785,4894 1785,4958 1673,4958"/>
                    <TextEquiv>
                        <Unicode>tes</Unicode>
                    </TextEquiv>
                    <TextStyle fontFamily="Times New Roman" fontSize="10.0"/>
                </Word>
                <Word id="w_w2aab1b9b2c41b1ac31" language="English" custom="readingOrder {index:4;}">
                    <Coords points="1829,4872 2017,4872 2017,4958 1829,4958"/>
                    <TextEquiv>
                        <Unicode>feux</Unicode>
                    </TextEquiv>
                    <TextStyle fontFamily="Times New Roman" fontSize="10.0"/>
                </Word>
                <Word id="w_w2aab1b9b2c41b1ac41" language="English" custom="readingOrder {index:5;}">
                    <Coords points="2061,4868 2377,4868 2377,4993 2061,4993"/>
                    <TextEquiv>
                        <Unicode>n’ayant</Unicode>
                    </TextEquiv>
                    <TextStyle fontFamily="Times New Roman" fontSize="10.0"/>
                </Word>
                <Word id="w_w2aab1b9b2c41b1ac57" language="English" custom="readingOrder {index:6;}">
                    <Coords points="2417,4873 2523,4873 2523,4993 2417,4993"/>
                    <TextEquiv>
                        <Unicode>pû</Unicode>
                    </TextEquiv>
                    <TextStyle fontFamily="Times New Roman" fontSize="10.0"/>
                </Word>
                <Word id="w_w2aab1b9b2c41b1ac63" language="English" custom="readingOrder {index:7;}">
                    <Coords points="2563,4873 3133,4873 3133,4972 2563,4972"/>
                    <TextEquiv>
                        <Unicode>m’émouvoir,</Unicode>
                    </TextEquiv>
                    <TextStyle fontFamily="Times New Roman" fontSize="10.0"/>
                </Word>
                <TextEquiv>
                    <Unicode>A ce conte tes feux n’ayant pû m’émouvoir,</Unicode>
                </TextEquiv>
                <TextStyle fontFamily="Times New Roman" fontSize="10.0"/>
            </TextLine>
            <TextEquiv>
                <Unicode>A ce conte tes feux n’ayant pû m’émouvoir,</Unicode>
            </TextEquiv>
        </TextRegion>
        <TextRegion type="paragraph" id="r_5_22" custom="readingOrder {index:24;}">
            <Coords points="1134,4990 3010,4990 3010,5248 1134,5248"/>
            <TextLine id="tl_28" primaryLanguage="English" custom="readingOrder {index:0;}">
                <Coords points="1143,4991 3009,4991 3009,5123 1143,5123"/>
                <Baseline points="1143,5073 1265,5078 1523,5082 1887,5082 2431,5087 2565,5087 3009,5081"/>
                <Word id="w_w2aab1b9b2c43b1ab1" language="English" custom="readingOrder {index:0;}">
                    <Coords points="1143,4997 1265,4997 1265,5078 1143,5078"/>
                    <TextEquiv>
                        <Unicode>Ta</Unicode>
                    </TextEquiv>
                    <TextStyle fontFamily="Times New Roman" fontSize="10.0"/>
                </Word>
                <Word id="w_w2aab1b9b2c43b1ab7" language="English" custom="readingOrder {index:1;}">
                    <Coords points="1295,4996 1523,4996 1523,5082 1295,5082"/>
                    <TextEquiv>
                        <Unicode>noire</Unicode>
                    </TextEquiv>
                    <TextStyle fontFamily="Times New Roman" fontSize="10.0"/>
                </Word>
                <Word id="w_w2aab1b9b2c43b1ac19" language="English" custom="readingOrder {index:2;}">
                    <Coords points="1557,4996 1887,4996 1887,5114 1557,5114"/>
                    <TextEquiv>
                        <Unicode>perfidie</Unicode>
                    </TextEquiv>
                    <TextStyle fontFamily="Times New Roman" fontSize="10.0"/>
                </Word>
                <Word id="w_w2aab1b9b2c43b1ac37" language="English" custom="readingOrder {index:3;}">
                    <Coords points="1919,4992 2431,4992 2431,5087 1919,5087"/>
                    <TextEquiv>
                        <Unicode>obtiendroit</Unicode>
                    </TextEquiv>
                    <TextStyle fontFamily="Times New Roman" fontSize="10.0"/>
                </Word>
                <Word id="w_w2aab1b9b2c43b1ac61" language="English" custom="readingOrder {index:4;}">
                    <Coords points="2469,5033 2565,5033 2565,5087 2469,5087"/>
                    <TextEquiv>
                        <Unicode>ce</Unicode>
                    </TextEquiv>
                    <TextStyle fontFamily="Times New Roman" fontSize="10.0"/>
                </Word>
                <Word id="w_w2aab1b9b2c43b1ac67" language="English" custom="readingOrder {index:5;}">
                    <Coords points="2607,5001 3009,5001 3009,5123 2607,5123"/>
                    <TextEquiv>
                        <Unicode>pouvoir?</Unicode>
                    </TextEquiv>
                    <TextStyle fontFamily="Times New Roman" fontSize="10.0"/>
                </Word>
                <TextEquiv>
                    <Unicode>Ta noire perfidie obtiendroit ce pouvoir?</Unicode>
                </TextEquiv>
                <TextStyle fontFamily="Times New Roman" fontSize="10.0"/>
            </TextLine>
            <TextLine id="tl_29" primaryLanguage="English" custom="readingOrder {index:1;}">
                <Coords points="1135,5115 2943,5115 2943,5247 1135,5247"/>
                <Baseline points="1135,5201 1221,5201 1515,5204 1643,5206 1781,5206 1967,5246 2079,5210 2431,5215 2569,5211 2943,5223"/>
                <Word id="w_w2aab1b9b2c43b3ab1" language="English" custom="readingOrder {index:0;}">
                    <Coords points="1135,5121 1221,5121 1221,5201 1135,5201"/>
                    <TextEquiv>
                        <Unicode>le</Unicode>
                    </TextEquiv>
                    <TextStyle fontFamily="Times New Roman" fontSize="10.0"/>
                </Word>
                <Word id="w_w2aab1b9b2c43b3ab7" language="English" custom="readingOrder {index:1;}">
                    <Coords points="1265,5116 1515,5116 1515,5204 1265,5204"/>
                    <TextEquiv>
                        <Unicode>chérir</Unicode>
                    </TextEquiv>
                    <TextStyle fontFamily="Times New Roman" fontSize="10.0"/>
                </Word>
                <Word id="w_w2aab1b9b2c43b3ac21" language="English" custom="readingOrder {index:2;}">
                    <Coords points="1523,5126 1643,5126 1643,5206 1523,5206"/>
                    <TextEquiv>
                        <Unicode>ois</Unicode>
                    </TextEquiv>
                    <TextStyle fontFamily="Times New Roman" fontSize="10.0"/>
                </Word>
                <Word id="w_w2aab1b9b2c43b3ac29" language="English" custom="readingOrder {index:3;}">
                    <Coords points="1683,5152 1781,5152 1781,5206 1683,5206"/>
                    <TextEquiv>
                        <Unicode>en</Unicode>
                    </TextEquiv>
                    <TextStyle fontFamily="Times New Roman" fontSize="10.0"/>
                </Word>
                <Word id="w_w2aab1b9b2c43b3ac35" language="English" custom="readingOrder {index:4;}">
                    <Coords points="1825,5152 1967,5152 1967,5246 1825,5246"/>
                    <TextEquiv>
                        <Unicode>toy</Unicode>
                    </TextEquiv>
                    <TextStyle fontFamily="Times New Roman" fontSize="10.0"/>
                </Word>
                <Word id="w_w2aab1b9b2c43b3ac43" language="English" custom="readingOrder {index:5;}">
                    <Coords points="2007,5122 2079,5122 2079,5210 2007,5210"/>
                    <TextEquiv>
                        <Unicode>la</Unicode>
                    </TextEquiv>
                    <TextStyle fontFamily="Times New Roman" fontSize="10.0"/>
                </Word>
                <Word id="w_w2aab1b9b2c43b3ac49" language="English" custom="readingOrder {index:6;}">
                    <Coords points="2123,5121 2431,5121 2431,5243 2123,5243"/>
                    <TextEquiv>
                        <Unicode>qualité</Unicode>
                    </TextEquiv>
                    <TextStyle fontFamily="Times New Roman" fontSize="10.0"/>
                </Word>
                <Word id="w_w2aab1b9b2c43b3ac65" language="English" custom="readingOrder {index:7;}">
                    <Coords points="2465,5125 2569,5125 2569,5211 2465,5211"/>
                    <TextEquiv>
                        <Unicode>de</Unicode>
                    </TextEquiv>
                    <TextStyle fontFamily="Times New Roman" fontSize="10.0"/>
                </Word>
                <Word id="w_w2aab1b9b2c43b3ac71" language="English" custom="readingOrder {index:8;}">
                    <Coords points="2603,5125 2943,5125 2943,5223 2603,5223"/>
                    <TextEquiv>
                        <Unicode>traiftre,</Unicode>
                    </TextEquiv>
                    <TextStyle fontFamily="Times New Roman" fontSize="10.0"/>
                </Word>
                <TextEquiv>
                    <Unicode>Ie cherirois en toy la qualité de traiſtre,</Unicode>
                </TextEquiv>
                <TextStyle fontFamily="Times New Roman" fontSize="10.0"/>
            </TextLine>
            <TextEquiv>
                <Unicode>Ta noire perfidie obtiendroit ce pouvoir?
Ie cherirois en toy la qualité de traiſtre,</Unicode>
            </TextEquiv>
        </TextRegion>
        <TextRegion type="paragraph" id="r_5_23" custom="readingOrder {index:25;}">
            <Coords points="1134,5240 3050,5240 3050,5487 1134,5487"/>
            <TextLine id="tl_30" primaryLanguage="English" custom="readingOrder {index:0;}">
                <Coords points="1135,5241 3015,5241 3015,5339 1135,5339"/>
                <Baseline points="1135,5327 1239,5328 1475,5328 1905,5332 2599,5335 2689,5335 3015,5339"/>
                <Word id="w_w2aab1b9b2c45b1ab1" language="English" custom="readingOrder {index:0;}">
                    <Coords points="1135,5245 1239,5245 1239,5328 1135,5328"/>
                    <TextEquiv>
                        <Unicode>Et</Unicode>
                    </TextEquiv>
                    <TextStyle fontFamily="Times New Roman" fontSize="10.0"/>
                </Word>
                <Word id="w_w2aab1b9b2c45b1ab7" language="English" custom="readingOrder {index:1;}">
                    <Coords points="1277,5274 1475,5274 1475,5328 1277,5328"/>
                    <TextEquiv>
                        <Unicode>mon</Unicode>
                    </TextEquiv>
                    <TextStyle fontFamily="Times New Roman" fontSize="10.0"/>
                </Word>
                <Word id="w_w2aab1b9b2c45b1ac15" language="English" custom="readingOrder {index:2;}">
                    <Coords points="1517,5242 1905,5242 1905,5332 1517,5332"/>
                    <TextEquiv>
                        <Unicode>affection</Unicode>
                    </TextEquiv>
                    <TextStyle fontFamily="Times New Roman" fontSize="10.0"/>
                </Word>
                <Word id="w_w2aab1b9b2c45b1ac35" language="English" custom="readingOrder {index:3;}">
                    <Coords points="1949,5255 2599,5255 2599,5337 1949,5337"/>
                    <TextEquiv>
                        <Unicode>commencerait</Unicode>
                    </TextEquiv>
                    <TextStyle fontFamily="Times New Roman" fontSize="10.0"/>
                </Word>
                <Word id="w_w2aab1b9b2c45b1ac61" language="English" custom="readingOrder {index:4;}">
                    <Coords points="2643,5245 2689,5245 2689,5335 2643,5335"/>
                    <TextEquiv>
                        <Unicode>à</Unicode>
                    </TextEquiv>
                    <TextStyle fontFamily="Times New Roman" fontSize="10.0"/>
                </Word>
                <Word id="w_w2aab1b9b2c45b1ac65" language="English" custom="readingOrder {index:5;}">
                    <Coords points="2727,5251 3015,5251 3015,5339 2727,5339"/>
                    <TextEquiv>
                        <Unicode>naiftre</Unicode>
                    </TextEquiv>
                    <TextStyle fontFamily="Times New Roman" fontSize="10.0"/>
                </Word>
                <TextEquiv>
                    <Unicode>Et mon affection commencerait à naiſtre</Unicode>
                </TextEquiv>
                <TextStyle fontFamily="Times New Roman" fontSize="10.0"/>
            </TextLine>
            <TextLine id="tl_31" primaryLanguage="English" custom="readingOrder {index:1;}">
                <Coords points="1135,5369 3049,5369 3049,5486 1135,5486"/>
                <Baseline points="1135,5447 1341,5448 1531,5452 1749,5456 2185,5461 2271,5461 2529,5461 2671,5463 2783,5461 3049,5458"/>
                <Word id="w_w2aab1b9b2c45b3ab1" language="English" custom="readingOrder {index:0;}">
                    <Coords points="1135,5369 1341,5369 1341,5452 1135,5452"/>
                    <TextEquiv>
                        <Unicode>Lors</Unicode>
                    </TextEquiv>
                    <TextStyle fontFamily="Times New Roman" fontSize="10.0"/>
                </Word>
                <Word id="w_w2aab1b9b2c45b3ac11" language="English" custom="readingOrder {index:1;}">
                    <Coords points="1371,5398 1531,5398 1531,5484 1371,5484"/>
                    <TextEquiv>
                        <Unicode>que</Unicode>
                    </TextEquiv>
                    <TextStyle fontFamily="Times New Roman" fontSize="10.0"/>
                </Word>
                <Word id="w_w2aab1b9b2c45b3ac19" language="English" custom="readingOrder {index:2;}">
                    <Coords points="1567,5392 1749,5392 1749,5456 1567,5456"/>
                    <TextEquiv>
                        <Unicode>tout</Unicode>
                    </TextEquiv>
                    <TextStyle fontFamily="Times New Roman" fontSize="10.0"/>
                </Word>
                <Word id="w_w2aab1b9b2c45b3ac29" language="English" custom="readingOrder {index:3;}">
                    <Coords points="1789,5370 2185,5370 2185,5464 1789,5464"/>
                    <TextEquiv>
                        <Unicode>lVnivers</Unicode>
                    </TextEquiv>
                    <TextStyle fontFamily="Times New Roman" fontSize="10.0"/>
                </Word>
                <Word id="w_w2aab1b9b2c45b3ac47" language="English" custom="readingOrder {index:4;}">
                    <Coords points="2227,5407 2271,5407 2271,5461 2227,5461"/>
                    <TextEquiv>
                        <Unicode>a</Unicode>
                    </TextEquiv>
                    <TextStyle fontFamily="Times New Roman" fontSize="10.0"/>
                </Word>
                <Word id="w_w2aab1b9b2c45b3ac51" language="English" custom="readingOrder {index:5;}">
                    <Coords points="2309,5375 2529,5375 2529,5461 2309,5461"/>
                    <TextEquiv>
                        <Unicode>droit</Unicode>
                    </TextEquiv>
                    <TextStyle fontFamily="Times New Roman" fontSize="10.0"/>
                </Word>
                <Word id="w_w2aab1b9b2c45b3ac63" language="English" custom="readingOrder {index:6;}">
                    <Coords points="2573,5375 2671,5375 2671,5463 2573,5463"/>
                    <TextEquiv>
                        <Unicode>de</Unicode>
                    </TextEquiv>
                    <TextStyle fontFamily="Times New Roman" fontSize="10.0"/>
                </Word>
                <Word id="w_w2aab1b9b2c45b3ac69" language="English" custom="readingOrder {index:7;}">
                    <Coords points="2705,5405 2783,5405 2783,5461 2705,5461"/>
                    <TextEquiv>
                        <Unicode>te</Unicode>
                    </TextEquiv>
                    <TextStyle fontFamily="Times New Roman" fontSize="10.0"/>
                </Word>
                <Word id="w_w2aab1b9b2c45b3ac75" language="English" custom="readingOrder {index:8;}">
                    <Coords points="2825,5375 3049,5375 3049,5463 2825,5463"/>
                    <TextEquiv>
                        <Unicode>haïr?</Unicode>
                    </TextEquiv>
                    <TextStyle fontFamily="Times New Roman" fontSize="10.0"/>
                </Word>
                <TextEquiv>
                    <Unicode>Lors que tout l'Vnivers a droit de te haïr?</Unicode>
                </TextEquiv>
                <TextStyle fontFamily="Times New Roman" fontSize="10.0"/>
            </TextLine>
            <TextEquiv>
                <Unicode>Et mon affection commencerait à naiſtre
Lors que tout l'Vnivers a droit de te haïr?</Unicode>
            </TextEquiv>
        </TextRegion>
        <TextRegion type="paragraph" id="r_5_24" custom="readingOrder {index:26;}">
            <Coords points="952,5484 3096,5484 3096,5623 952,5623"/>
            <TextLine id="tl_32" primaryLanguage="English" custom="readingOrder {index:0;}">
                <Coords points="953,5485 3095,5485 3095,5622 953,5622"/>
                <Baseline points="953,5575 1033,5575 1381,5572 1795,5612 2253,5585 2511,5585 2599,5585 2675,5585 2783,5585 3095,5594"/>
                <Word id="w_w2aab1b9b2c47b1ab1" language="English" custom="readingOrder {index:0;}">
                    <Coords points="953,5487 1261,5487 1261,5577 953,5577"/>
                    <TextEquiv>
                        <Unicode>PTM.</Unicode>
                    </TextEquiv>
                    <TextStyle fontFamily="Times New Roman" fontSize="11.5" italic="true"/>
                </Word>
                <Word id="w_w2aab1b9b2c47b1b1b3" language="English" custom="readingOrder {index:1;}">
                    <Coords points="1305,5490 1381,5490 1381,5576 1305,5576"/>
                    <TextEquiv>
                        <Unicode>Si</Unicode>
                    </TextEquiv>
                    <TextStyle fontFamily="Times New Roman" fontSize="10.0"/>
                </Word>
                <Word id="w_w2aab1b9b2c47b1b1b9" language="English" custom="readingOrder {index:2;}">
                    <Coords points="1417,5486 1795,5486 1795,5612 1417,5612"/>
                    <TextEquiv>
                        <Unicode>foubliay</Unicode>
                    </TextEquiv>
                    <TextStyle fontFamily="Times New Roman" fontSize="10.0"/>
                </Word>
                <Word id="w_w2aab1b9b2c47b1b1c27" language="English" custom="readingOrder {index:3;}">
                    <Coords points="1821,5496 2253,5496 2253,5587 1821,5587"/>
                    <TextEquiv>
                        <Unicode>l'honneur</Unicode>
                    </TextEquiv>
                    <TextStyle fontFamily="Times New Roman" fontSize="10.0"/>
                </Word>
                <Word id="w_w2aab1b9b2c47b1b1c47" language="English" custom="readingOrder {index:4;}">
                    <Coords points="2283,5505 2511,5505 2511,5621 2283,5621"/>
                    <TextEquiv>
                        <Unicode>jusqu</Unicode>
                    </TextEquiv>
                    <TextStyle fontFamily="Times New Roman" fontSize="10.0"/>
                </Word>
                <Word id="w_w2aab1b9b2c47b1b1c59" language="English" custom="readingOrder {index:5;}">
                    <Coords points="2523,5531 2599,5531 2599,5585 2523,5585"/>
                    <TextEquiv>
                        <Unicode>es</Unicode>
                    </TextEquiv>
                    <TextStyle fontFamily="Times New Roman" fontSize="10.0"/>
                </Word>
                <Word id="w_w2aab1b9b2c47b1b1c65" language="English" custom="readingOrder {index:6;}">
                    <Coords points="2629,5495 2675,5495 2675,5585 2629,5585"/>
                    <TextEquiv>
                        <Unicode>à</Unicode>
                    </TextEquiv>
                    <TextStyle fontFamily="Times New Roman" fontSize="10.0"/>
                </Word>
                <Word id="w_w2aab1b9b2c47b1b1c69" language="English" custom="readingOrder {index:7;}">
                    <Coords points="2709,5499 2783,5499 2783,5585 2709,5585"/>
                    <TextEquiv>
                        <Unicode>le</Unicode>
                    </TextEquiv>
                    <TextStyle fontFamily="Times New Roman" fontSize="10.0"/>
                </Word>
                <Word id="w_w2aab1b9b2c47b1b1c75" language="English" custom="readingOrder {index:8;}">
                    <Coords points="2821,5499 3095,5499 3095,5594 2821,5594"/>
                    <TextEquiv>
                        <Unicode>trahir,</Unicode>
                    </TextEquiv>
                    <TextStyle fontFamily="Times New Roman" fontSize="10.0"/>
                </Word>
                <TextEquiv>
                    <Unicode>PYM. Si j'oubliay l'honneur jusques à le trahir,</Unicode>
                </TextEquiv>
            </TextLine>
            <TextEquiv>
                <Unicode>PYM. Si j'oubliay l'honneur jusques à le trahir,</Unicode>
            </TextEquiv>
        </TextRegion>
        <TextRegion type="paragraph" id="r_5_25" custom="readingOrder {index:27;}">
            <Coords points="1139,5614 3409,5614 3409,5849 1139,5849"/>
            <TextLine id="tl_33" primaryLanguage="English" custom="readingOrder {index:0;}">
                <Coords points="1140,5615 3253,5615 3253,5742 1140,5742"/>
                <Baseline points="1140,5699 1217,5697 1461,5700 1697,5700 2089,5708 2329,5709 2609,5709 2835,5709 2975,5713 3253,5710"/>
                <Word id="w_w2aab1b9b2c49b1ab1" language="English" custom="readingOrder {index:0;}">
                    <Coords points="1140,5615 1217,5615 1217,5699 1140,5699"/>
                    <TextEquiv>
                        <Unicode>Si</Unicode>
                    </TextEquiv>
                    <TextStyle fontFamily="Times New Roman" fontSize="10.0"/>
                </Word>
                <Word id="w_w2aab1b9b2c49b1ab7" language="English" custom="readingOrder {index:1;}">
                    <Coords points="1254,5642 1461,5642 1461,5728 1254,5728"/>
                    <TextEquiv>
                        <Unicode>pour</Unicode>
                    </TextEquiv>
                    <TextStyle fontFamily="Times New Roman" fontSize="10.0"/>
                </Word>
                <Word id="w_w2aab1b9b2c49b1ac17" language="English" custom="readingOrder {index:2;}">
                    <Coords points="1490,5646 1697,5646 1697,5702 1490,5702"/>
                    <TextEquiv>
                        <Unicode>vous</Unicode>
                    </TextEquiv>
                    <TextStyle fontFamily="Times New Roman" fontSize="10.0"/>
                </Word>
                <Word id="w_w2aab1b9b2c49b1ac27" language="English" custom="readingOrder {index:3;}">
                    <Coords points="1722,5620 2089,5620 2089,5732 1722,5732"/>
                    <TextEquiv>
                        <Unicode>posséder</Unicode>
                    </TextEquiv>
                    <TextStyle fontFamily="Times New Roman" fontSize="10.0"/>
                </Word>
                <Word id="w_w2aab1b9b2c49b1ac45" language="English" custom="readingOrder {index:4;}">
                    <Coords points="2130,5658 2329,5658 2329,5709 2130,5709"/>
                    <TextEquiv>
                        <Unicode>mon</Unicode>
                    </TextEquiv>
                    <TextStyle fontFamily="Times New Roman" fontSize="10.0"/>
                </Word>
                <Word id="w_w2aab1b9b2c49b1ac53" language="English" custom="readingOrder {index:5;}">
                    <Coords points="2372,5625 2609,5625 2609,5741 2372,5741"/>
                    <TextEquiv>
                        <Unicode>esprit</Unicode>
                    </TextEquiv>
                    <TextStyle fontFamily="Times New Roman" fontSize="10.0"/>
                </Word>
                <Word id="w_w2aab1b9b2c49b1ac67" language="English" custom="readingOrder {index:6;}">
                    <Coords points="2648,5655 2835,5655 2835,5709 2648,5709"/>
                    <TextEquiv>
                        <Unicode>tout</Unicode>
                    </TextEquiv>
                    <TextStyle fontFamily="Times New Roman" fontSize="10.0"/>
                </Word>
                <Word id="w_w2aab1b9b2c49b1ac77" language="English" custom="readingOrder {index:7;}">
                    <Coords points="2874,5627 2975,5627 2975,5713 2874,5713"/>
                    <TextEquiv>
                        <Unicode>de</Unicode>
                    </TextEquiv>
                    <TextStyle fontFamily="Times New Roman" fontSize="10.0"/>
                </Word>
                <Word id="w_w2aab1b9b2c49b1ac83" language="English" custom="readingOrder {index:8;}">
                    <Coords points="3012,5629 3253,5629 3253,5710 3012,5710"/>
                    <TextEquiv>
                        <Unicode>flame</Unicode>
                    </TextEquiv>
                    <TextStyle fontFamily="Times New Roman" fontSize="10.0"/>
                </Word>
                <TextEquiv>
                    <Unicode>Si pour vous poſſeder mon esprit tout de flame</Unicode>
                </TextEquiv>
                <TextStyle fontFamily="Times New Roman" fontSize="10.0"/>
            </TextLine>
            <TextLine id="tl_34" primaryLanguage="English" custom="readingOrder {index:1;}">
                <Coords points="1140,5739 3408,5739 3408,5848 1140,5848"/>
                <Baseline points="1140,5821 1216,5821 1288,5826 1484,5826 1714,5826 1842,5826 2298,5845 2458,5835 2648,5835 2964,5839 3054,5838 3408,5848"/>
                <Word id="w_w2aab1b9b2c49b3ab1" language="English" custom="readingOrder {index:0;}">
                    <Coords points="1140,5743 1216,5743 1216,5821 1140,5821"/>
                    <TextEquiv>
                        <Unicode>N</Unicode>
                    </TextEquiv>
                    <TextStyle fontFamily="Times New Roman" fontSize="10.0"/>
                </Word>
                <Word id="w_w2aab1b9b2c49b3ab5" language="English" custom="readingOrder {index:1;}">
                    <Coords points="1246,5770 1288,5770 1288,5826 1246,5826"/>
                    <TextEquiv>
                        <Unicode>a</Unicode>
                    </TextEquiv>
                    <TextStyle fontFamily="Times New Roman" fontSize="10.0"/>
                </Word>
                <Word id="w_w2aab1b9b2c49b3ab9" language="English" custom="readingOrder {index:2;}">
                    <Coords points="1318,5740 1484,5740 1484,5826 1318,5826"/>
                    <TextEquiv>
                        <Unicode>rien</Unicode>
                    </TextEquiv>
                    <TextStyle fontFamily="Times New Roman" fontSize="10.0"/>
                </Word>
                <Word id="w_w2aab1b9b2c49b3ac19" language="English" custom="readingOrder {index:3;}">
                    <Coords points="1522,5766 1714,5766 1714,5826 1522,5826"/>
                    <TextEquiv>
                        <Unicode>creu</Unicode>
                    </TextEquiv>
                    <TextStyle fontFamily="Times New Roman" fontSize="10.0"/>
                </Word>
                <Word id="w_w2aab1b9b2c49b3ac29" language="English" custom="readingOrder {index:4;}">
                    <Coords points="1744,5740 1842,5740 1842,5828 1744,5828"/>
                    <TextEquiv>
                        <Unicode>de</Unicode>
                    </TextEquiv>
                    <TextStyle fontFamily="Times New Roman" fontSize="10.0"/>
                </Word>
                <Word id="w_w2aab1b9b2c49b3ac35" language="English" custom="readingOrder {index:5;}">
                    <Coords points="1886,5740 2298,5740 2298,5845 1886,5845"/>
                    <TextEquiv>
                        <Unicode>honteux,</Unicode>
                    </TextEquiv>
                    <TextStyle fontFamily="Times New Roman" fontSize="10.0"/>
                </Word>
                <Word id="w_w2aab1b9b2c49b3ac53" language="English" custom="readingOrder {index:6;}">
                    <Coords points="2332,5745 2458,5745 2458,5835 2332,5835"/>
                    <TextEquiv>
                        <Unicode>n’a</Unicode>
                    </TextEquiv>
                    <TextStyle fontFamily="Times New Roman" fontSize="10.0"/>
                </Word>
                <Word id="w_w2aab1b9b2c49b3ac61" language="English" custom="readingOrder {index:7;}">
                    <Coords points="2478,5749 2648,5749 2648,5839 2478,5839"/>
                    <TextEquiv>
                        <Unicode>rien</Unicode>
                    </TextEquiv>
                    <TextStyle fontFamily="Times New Roman" fontSize="10.0"/>
                </Word>
                <Word id="w_w2aab1b9b2c49b3ac71" language="English" custom="readingOrder {index:8;}">
                    <Coords points="2678,5749 2964,5749 2964,5843 2678,5843"/>
                    <TextEquiv>
                        <Unicode>trouvé</Unicode>
                    </TextEquiv>
                    <TextStyle fontFamily="Times New Roman" fontSize="10.0"/>
                </Word>
                <Word id="w_w2aab1b9b2c49b3ac85" language="English" custom="readingOrder {index:9;}">
                    <Coords points="3004,5753 3054,5753 3054,5838 3004,5838"/>
                    <TextEquiv>
                        <Unicode>d</Unicode>
                    </TextEquiv>
                    <TextStyle fontFamily="Times New Roman" fontSize="10.0"/>
                </Word>
                <Word id="w_w2aab1b9b2c49b3ac89" language="English" custom="readingOrder {index:10;}">
                    <Coords points="3082,5750 3408,5750 3408,5848 3082,5848"/>
                    <TextEquiv>
                        <Unicode>infâme,</Unicode>
                    </TextEquiv>
                    <TextStyle fontFamily="Times New Roman" fontSize="10.0"/>
                </Word>
                <TextEquiv>
                    <Unicode>N a rien creu de honteux, n’a rien trouvé d'infame,</Unicode>
                </TextEquiv>
                <TextStyle fontFamily="Times New Roman" fontSize="10.0"/>
            </TextLine>
            <TextEquiv>
                <Unicode>Si pour vous poſſeder mon esprit tout de flame
N a rien creu de honteux, n’a rien trouvé d'infame,</Unicode>
            </TextEquiv>
        </TextRegion>
        <TextRegion type="paragraph" id="r_5_26" custom="readingOrder {index:28;}">
            <Coords points="3603,5873 3881,5873 3881,5989 3603,5989"/>
            <TextLine id="tl_35" primaryLanguage="English" custom="readingOrder {index:0;}">
                <Coords points="3604,5874 3880,5874 3880,5988 3604,5988"/>
                <Baseline points="3604,5954 3880,5950"/>
                <Word id="w_w2aab1b9b2c51b1ab1" language="English" custom="readingOrder {index:0;}">
                    <Coords points="3604,5874 3880,5874 3880,5988 3604,5988"/>
                    <TextEquiv>
                        <Unicode>Voyez</Unicode>
                    </TextEquiv>
                    <TextStyle fontFamily="Times New Roman" fontSize="10.0"/>
                </Word>
                <TextEquiv>
                    <Unicode>Voyez</Unicode>
                </TextEquiv>
                <TextStyle fontFamily="Times New Roman" fontSize="10.0"/>
            </TextLine>
            <TextEquiv>
                <Unicode>Voyez</Unicode>
            </TextEquiv>
        </TextRegion>
        <SeparatorRegion id="r_6" custom="readingOrder {index:29;}">
            <Coords points="960,1334 3088,1334 3088,1354 960,1354"/>
        </SeparatorRegion>
        <SeparatorRegion id="r_7" custom="readingOrder {index:30;}">
            <Coords points="3202,1335 3856,1335 3856,1351 3202,1351"/>
        </SeparatorRegion>
        <SeparatorRegion id="r_11" custom="readingOrder {index:31;}">
            <Coords points="1455,2185 1465,2185 1465,2443 1455,2443"/>
        </SeparatorRegion>
        <SeparatorRegion id="r_14" custom="readingOrder {index:32;}">
            <Coords points="4159,146 4181,146 4181,612 4159,612"/>
        </SeparatorRegion>
        <SeparatorRegion id="r_15" custom="readingOrder {index:33;}">
            <Coords points="4163,1786 4179,1786 4179,2676 4163,2676"/>
        </SeparatorRegion>
        <ImageRegion id="Image_1546006875165_5338" custom="readingOrder {index:34;}">
            <Coords points="1251,2096 1706,2096 1708,2534 1253,2534"/>
        </ImageRegion>
    </Page>
</PcGts>
