4267 6587
1164 347 1388 448 DE
1508 324 2618 445 CLITANDRE.

3240 317 3452 444 xxxj

420 536 522 640 (fi
552 557 885 619 montrer
912 549 1059 642 que
1088 552 1161 602 ce
1178 545 1409 638 genre
1439 509 1535 594 de
1567 510 1825 593 Pièces
1852 501 2079 585 avait
2125 493 2233 580 les
2264 519 2537 612 vrayes
2577 485 2913 578 beautez,
2949 485 3043 568 de
3079 472 3449 572 Theatre,

397 673 459 779 f
463 656 820 773 entrepris
856 648 1028 735 d’en
1040 639 1258 761 faire
1295 664 1444 717 une
1483 623 1844 748 reguliere
1880 630 1936 727 (
1958 616 2114 732 cefi
2132 612 2186 701 à
2212 615 2377 700 dire
2410 610 2613 697 dans
2646 635 2759 688 ces
2782 609 3017 727 vingt
3048 600 3148 698 (fi
3182 623 3455 721 quatre

415 785 677 872 heures
689 779 747 880 )
779 769 1028 890 pleine
1057 756 1512 850 d’incidents
1544 815 1573 846 3
1617 742 1720 842 (fi
1756 742 1946 830 d’un
1952 734 2134 851 fille
2161 733 2344 855 plus
2379 725 2670 846 eflevé,
2709 733 2910 809 mais
2949 725 3094 842 qui
3125 755 3218 805 ne
3249 749 3459 804 vau-

420 905 625 996 droit
642 902 809 983 rien
835 892 943 975 du
972 909 1133 974 tout
1166 911 1189 984 ;
1230 901 1508 993 enquoy
1529 880 1611 980 je
1638 857 1881 984 reüffis
1903 862 2491 976 parfaitement.
2563 849 2683 932 Le
2691 840 2873 964 fiile
2912 875 3005 928 en
3039 840 3147 954 efi
3155 846 3454 924 vérita¬

424 1024 758 1116 blement
788 1008 974 1134 plus
984 1008 1162 1124 fort
1204 1029 1353 1121 que
1406 987 1618 1108 celuy
1654 987 1753 1074 de
1787 982 2071 1075 l’autre
2101 1042 2130 1074 3
2170 979 2375 1061 mais
2430 970 2590 1084 cefi
2616 992 2781 1057 tout
2826 999 2903 1053 ce
2946 969 3173 1084 qu’on
3206 991 3260 1079 y
3284 982 3469 1077 peut

427 1171 744 1240 trouver
771 1135 868 1221 de
890 1115 1396 1250 fupportable.
1490 1116 1568 1197 Il
1599 1111 1705 1225 efi
1727 1099 1964 1220 méfié
1992 1099 2092 1187 de
2117 1119 2416 1216 pointes
2439 1158 2472 1189 3
2517 1118 2796 1175 comme
2828 1085 3034 1173 dans
3067 1103 3258 1168 cette
3284 1106 3463 1199 pre¬

432 1270 663 1356 miers
683 1291 711 1357 j
742 1285 941 1343 mais
970 1282 1047 1334 ce
1072 1240 1333 1331 riétoit
1349 1261 1495 1352 pas
1534 1226 1732 1318 alors
1761 1255 1872 1310 un
1881 1223 1977 1337 fi
1993 1215 2256 1341 grand
2285 1218 2460 1298 vice
2495 1215 2704 1298 dans
2738 1206 2812 1294 le
2855 1204 3072 1293 choix
3110 1201 3248 1287 des
3275 1226 3470 1317 pen¬

433 1390 588 1481 sées
609 1450 638 1480 3
669 1411 821 1503 que
852 1372 938 1460 la
968 1373 1195 1457 Scene
1226 1393 1321 1447 en
1341 1352 1524 1469 dûfi
1542 1352 1719 1468 efire
1750 1346 2241 1431 entièrement
2258 1334 2545 1456 purgée.
2603 1334 2821 1414 Pour
2841 1326 2927 1412 la
2946 1325 3441 1409 constitution
3439 1389 3469 1422 3

433 1508 560 1597 elle
605 1504 709 1628 efi
722 1500 801 1622 fi
826 1480 1320 1610 defôrdonnée
1342 1548 1374 1581 3
1419 1505 1570 1597 que
1609 1501 1808 1559 vous
1857 1497 2092 1554 avez,
2130 1458 2229 1546 de
2272 1454 2358 1541 la
2394 1457 2623 1570 peine
2662 1445 2718 1536 à
2760 1449 3101 1536 deviner
3134 1445 3272 1564 qui
3292 1441 3481 1559 font

431 1629 549 1717 les
575 1622 943 1747 premiers
978 1613 1324 1700 licteurs.
1431 1592 1746 1708 Rofidor
1779 1587 1878 1683 (fi
1903 1579 2202 1671 Caliste
2224 1578 2418 1696 font
2457 1604 2654 1661 ceux
2697 1574 2844 1696 qui
2880 1565 2952 1653 le
2979 1561 3378 1688 paroijfent
3408 1562 3486 1644 le

432 1750 611 1872 plus
642 1770 797 1864 par
831 1737 1281 1846 l’avantage
1319 1720 1413 1807 de
1449 1716 1625 1803 leur
1656 1710 2019 1804 caractère
2040 1771 2069 1804 3
2109 1698 2219 1798 (fi.
2237 1698 2337 1786 de
2363 1694 2535 1783 leur
2562 1724 2843 1778 amour
2868 1681 3177 1774 mutuel
3212 1715 3235 1789 ;
3283 1685 3485 1769 mais

442 1875 618 1957 leur
643 1864 892 1950 action
908 1856 1102 1978 finit
1134 1848 1270 1937 dès
1294 1841 1368 1928 le
1392 1840 1721 1962 premier
1750 1832 1939 1920 Acte
1976 1857 2177 1911 avec
2207 1819 2385 1906 leur
2400 1814 2668 1940 péril,
2714 1809 2817 1909 (fi
2838 1847 2919 1897 ce
2962 1806 3197 1932 qu’ils
3227 1801 3489 1923 difent

444 2024 553 2078 au
587 1977 954 2098 troifiéme
995 1968 1097 2070 (fi
1119 2003 1224 2055 au
1265 1959 1702 2081 cinquième
1733 1985 1834 2039 ne
1850 1952 2032 2070 fait
2067 1973 2216 2069 que
2247 1965 2576 2027 montrer
2606 1935 2808 2022 leurs
2835 1935 2977 2051 vif
2967 1964 3100 2051 âge
3099 1964 3142 2026 s
3155 1993 3184 2026 3
3215 1952 3483 2013 atten¬

445 2115 643 2202 dant
672 2135 821 2229 que
861 2098 973 2185 les
1004 2119 1269 2180 autres
1294 2083 1701 2173 achèvent.
1791 2075 2191 2194 Pymante
2219 2058 2321 2155 (fi
2345 2057 2638 2193 Dorifi
2657 2087 2725 2181 y
2757 2080 2890 2137 ont
2925 2050 2994 2137 le
3017 2051 3202 2171 plus
3221 2045 3498 2166 grand

449 2227 790 2347 employ,
833 2226 1028 2310 mais
1062 2247 1144 2301 ce
1170 2244 1269 2300 ne
1284 2204 1463 2326 font
1496 2230 1639 2325 que
1680 2200 1891 2283 deux
1930 2178 2321 2280 criminels
2347 2249 2373 2279 3
2410 2183 2559 2306 qui
2594 2174 2979 2266 cherchent
3022 2204 3073 2259 a
3125 2165 3373 2257 éviter
3411 2166 3495 2250 la

441 2354 800 2476 punition
830 2346 926 2430 de
968 2338 1170 2425 leurs
1209 2357 1482 2426 crimes
1508 2389 1538 2425 3
1568 2316 1672 2415 (fi
1684 2320 1878 2403 dont
1903 2345 2028 2399 me
2006 2307 2182 2428 fine
2216 2303 2294 2390 le
2319 2304 2662 2424 premier
2697 2328 2796 2383 en
2835 2320 3116 2383 attente
3158 2291 3254 2378 de
3300 2287 3492 2409 plus

440 2470 735 2600 grands
750 2535 783 2565 3
806 2491 1007 2588 pour
1030 2483 1313 2545 mettre
1329 2444 1385 2535 à
1406 2467 1722 2533 couvert
1745 2435 1856 2523 les
1873 2456 2152 2519 autres.
2213 2423 2618 2519 Clitandre
2632 2487 2661 2519 3
2697 2445 2980 2506 autour
3002 2414 3096 2501 de
3129 2415 3274 2536 qui
3278 2409 3498 2531 fiem-

458 2594 572 2682 ble
600 2620 911 2679 tourner
938 2581 1011 2669 le
1046 2574 1273 2665 nœud
1303 2572 1399 2660 de
1431 2564 1519 2652 la
1551 2569 1785 2661 Ptece
1805 2624 1837 2661 3
1860 2581 2191 2678 puisque
2219 2547 2327 2635 les
2364 2547 2777 2669 premières
2804 2545 3099 2626 affilons
3126 2556 3321 2619 vont
3340 2565 3395 2618 a
3429 2525 3507 2613 le

440 2719 652 2840 faire
685 2702 1036 2828 coupable
1052 2766 1078 2799 3
1114 2694 1216 2793 (fi
1238 2692 1350 2781 les
1378 2689 1766 2776 dernieres
1797 2714 1850 2767 a
1882 2677 1956 2765 le
1972 2671 2319 2793 justifier
2321 2737 2350 2768 3
2374 2702 2428 2755 n
2452 2697 2550 2755 en
2562 2689 2760 2789 peut
2782 2664 2957 2780 efire
2980 2663 3219 2782 qu’un
3241 2646 3507 2742 Héros

457 2839 637 2930 bien
678 2856 1084 2947 ennuyeux
1102 2889 1131 2922 3
1171 2818 1312 2938 qui
1351 2809 1531 2927 n’efi
1557 2805 1942 2892 introduit
1977 2827 2130 2921 que
2161 2816 2362 2913 pour
2392 2787 2778 2876 déclamer
2813 2817 2906 2871 en
2935 2778 3194 2901 prifbn
3204 2842 3236 2875 3
3274 2769 3374 2871 (fi
3409 2804 3510 2859 ne

454 2954 673 3082 parle
702 2979 841 3073 pas
882 2979 1001 3035 me
979 2943 1157 3065 fine
1192 2973 1249 3024 a
1286 2959 1475 3022 cette
1491 2921 1911 3043 ATaitreffe
1924 2986 1957 3020 3
1989 2920 2181 3007 dont
2211 2912 2323 3000 les
2361 2912 2693 2999 dédains
2705 2908 3051 3028 fervent
3085 2898 3181 2988 de
3216 2889 3519 2983 couleur

466 3078 522 3168 d
548 3075 620 3162 le
634 3076 848 3196 faire
877 3063 1118 3191 paffèr
1134 3088 1338 3183 pour
1365 3045 1743 3140 criminel.
1836 3040 2051 3128 'Tout
2084 3036 2159 3124 le
2194 3032 2619 3158 cinquième
2646 3031 2847 3117 Affie
2875 3023 3189 3146 languit
3224 3045 3513 3107 comme

471 3195 681 3321 celuy
711 3195 808 3282 de
839 3185 1146 3278 M.eüte
1177 3177 1392 3299 après
1424 3172 1508 3261 la
1539 3166 1952 3282 conclufion
1980 3164 2118 3249 des
2152 3155 2516 3278 Epifides
2530 3221 2560 3252 3
2602 3148 2706 3247 (fi
2723 3156 2860 3236 n’a
2887 3152 3056 3232 rien
3094 3142 3194 3231 de
3202 3156 3515 3261 Jurpre-

476 3345 677 3415 nant
691 3382 719 3415 3
734 3315 1059 3432 puisque
1099 3302 1235 3394 dès
1281 3297 1353 3386 le
1406 3289 1847 3420 quatrième
1889 3318 1989 3368 on
2035 3281 2319 3368 devine
2357 3300 2524 3364 tout
2567 3309 2639 3361 ce
2675 3275 2816 3394 qui
2867 3269 3036 3354 doit
3077 3297 3125 3384 y
3177 3264 3519 3351 arriuer,

472 3438 775 3557 horfinis
814 3430 886 3518 le
924 3436 1257 3547 mariage
1286 3423 1385 3506 de
1428 3410 1835 3501 Clitandre
1878 3439 2079 3493 avec
2107 3401 2392 3519 Dorifi
2434 3401 2579 3518 qui
2628 3395 2736 3509 efi
2770 3422 2979 3480 encor
2996 3388 3177 3506 plus
3211 3384 3519 3500 étrange

475 3593 628 3682 que
661 3555 867 3677 celuy
894 3551 1258 3639 d’Eraste
1274 3612 1302 3642 3
1340 3539 1442 3635 (fi
1472 3537 1662 3622 dont
1693 3563 1790 3617 on
1833 3563 1886 3612 n
1905 3560 1960 3609 a
1977 3525 2218 3643 garde
2246 3520 2342 3604 de
2366 3517 2460 3633 fe
2490 3512 2736 3631 défier.

615 3683 741 3767 Le
767 3682 933 3797 Roy
969 3667 1069 3763 (fi
1087 3666 1161 3750 le
1195 3665 1474 3750 Prince
1491 3654 1636 3776 fin
1649 3650 1792 3770 fis
1799 3680 1869 3775 y
1891 3637 2296 3767 paroijfent
2326 3637 2534 3724 dans
2565 3666 2674 3721 un
2709 3627 2989 3753 employ
3000 3628 3172 3745 fort
3203 3653 3318 3708 au
3358 3614 3531 3736 défi

462 3804 645 3922 fins
672 3798 765 3883 de
801 3792 973 3879 leur
997 3791 1313 3913 dignité.
1401 3778 1613 3866 L’un
1642 3807 1697 3861 n
1706 3804 1774 3895 y
1800 3769 1908 3887 efi
1930 3798 2075 3890 que
2102 3792 2391 3853 comme
2409 3773 2591 3878 juge
2590 3826 2623 3856 3
2649 3753 2753 3853 (fi
2773 3752 3049 3839 l’autre
3066 3775 3343 3832 comme
3362 3769 3526 3824 con¬

462 3924 722 4042 fident
762 3918 858 4003 de
882 3911 1024 4029 fin
1040 3914 1358 4029 favory.
1414 3902 1520 3986 Ce
1538 3897 1822 4015 defaut
1834 3923 1886 3977 n
1908 3924 1960 3977 a
1976 3912 2118 4007 pas
2142 3882 2612 3970 accoutumé
2632 3876 2729 3963 de
2752 3871 2993 3993 pajfer
3008 3894 3211 3989 pour
3231 3863 3501 3981 defaut
3501 3924 3531 3955 3

489 4035 688 4161 aufii
711 4035 992 4153 nefi-ce
1023 4035 1256 4154 qu’un
1273 4023 1710 4145 fèntiment
1731 4006 2190 4135 particulier
2212 4005 2396 4090 dont
2413 4017 2498 4114 je
2533 4034 2658 4086 me
2668 4001 2844 4119 fais
2873 4022 3022 4080 une
3052 3984 3290 4106 Réglé
3317 4052 3348 4083 3
3401 3980 3540 4101 qui

484 4158 891 4281 peut-efire
912 4185 1011 4239 ne
1023 4143 1409 4270 femblera
1442 4168 1587 4261 pas
1617 4125 2191 4255 déraifinnable
2204 4194 2233 4227 3
2263 4125 2439 4213 bien
2461 4152 2615 4243 que
2645 4113 3014 4207 nouvelle.

630 4285 846 4366 Pour
875 4309 956 4359 m
982 4267 1379 4389 expliquer
1385 4332 1414 4362 3
1444 4276 1525 4371 je
1560 4261 1681 4346 dis
1710 4263 1949 4375 qu’un
1984 4258 2150 4371 Roy
2165 4315 2194 4346 3
2234 4280 2343 4333 un
2381 4244 2697 4333 heritier
2721 4240 2817 4328 de
2851 4232 2937 4321 la
2963 4237 3361 4320 Couronne
3371 4289 3401 4320 3
3430 4249 3543 4306 un

501 4407 1018 4487 Gouverneur
1050 4392 1146 4479 de
1178 4395 1600 4478 Province,
1650 4378 1750 4474 (fi
1763 4369 2326 4496 généralement
2363 4399 2470 4451 un
2508 4365 2808 4449 homme
2846 4349 3336 4445 d’authorité,
3352 4362 3545 4462 peut

488 4519 839 4641 paroifire
873 4516 1007 4633 fur
1037 4511 1111 4599 le
1155 4506 1519 4595 Theatre
1552 4533 1649 4587 en
1689 4523 1868 4582 trois
1897 4498 2180 4615 façons
2225 4528 2250 4572 :
2297 4519 2576 4573 comme
2609 4489 2769 4602 Roy
2792 4546 2821 4576 3
2863 4505 3150 4565 comme
3206 4466 3510 4555 homme
3510 4528 3544 4559 3

506 4645 614 4740 (fi
664 4670 951 4728 comme
997 4635 1177 4753 luge
1218 4662 1242 4749 ;
1286 4623 1749 4748 quelquefois
1796 4647 1999 4705 avec
2049 4615 2261 4702 deux
2299 4609 2397 4694 de
2436 4640 2559 4694 ces
2610 4602 2911 4728 qualité
2911 4594 3022 4720 ^
3082 4584 3545 4714 quelquefois

505 4794 702 4851 avec
733 4787 982 4848 toutes
1020 4751 1130 4839 les
1165 4756 1342 4835 trois
1377 4737 1770 4865 enfemble.
1866 4734 1948 4856 fl
1976 4730 2266 4860 paroifi
2295 4760 2580 4817 comme
2604 4731 2766 4848 Roy
2772 4719 3215 4839 feulement
3225 4776 3256 4809 3
3276 4700 3555 4830 quand

509 4884 578 4971 il
609 4918 665 4969 n
685 4914 736 4967 a
767 4875 1073 4993 interefi
1097 4867 1280 4992 qu’à
1311 4867 1392 4950 la
1423 4862 1958 4981 confirvation
1984 4856 2078 4942 de
2090 4849 2240 4971 fin
2268 4851 2560 4969 Trofhe
2570 4910 2596 4945 3
2633 4876 2732 4930 ou
2760 4842 2854 4929 de
2864 4837 2972 4959 fa
2997 4838 3132 4920 vie
3169 4833 3396 4950 qu’on
3425 4847 3547 4909 at¬

514 5030 745 5125 taque
770 5026 967 5118 pour
1002 4991 1315 5113 changer
1337 4987 1643 5080 l'Etat,
1669 4979 1855 5096 fans
1874 4976 2113 5063 avoir
2129 4970 2415 5092 l’esprit
2440 4965 2655 5089 agité
2667 4965 2745 5053 £
2746 4991 3039 5049 aucune
3053 4944 3339 5075 paffion
3357 4973 3544 5062 par¬

518 5121 858 5209 ticulière
905 5133 928 5221 ;
982 5111 1082 5211 (fi
1115 5111 1276 5229 cefi
1304 5108 1512 5224 ainfi
1536 5137 1645 5225 qu
1666 5106 2023 5222 Auguste
2070 5095 2241 5213 agit
2275 5090 2477 5177 dans
2520 5090 2789 5182 Cinna
2813 5151 2844 5182 3
2882 5076 2981 5178 (fi
3013 5080 3089 5162 P
3093 5073 3227 5160 hoc
3224 5103 3311 5157 as
3347 5065 3549 5148 dans

519 5241 950 5333 Heracltus.
1044 5232 1128 5324 H
1143 5231 1423 5350 paroifi
1449 5256 1724 5312 comme
1756 5219 2054 5306 homme
2070 5210 2556 5332 feulement,
2581 5205 2852 5329 quand
2876 5201 2942 5285 il
2979 5231 3030 5284 n
3057 5224 3112 5281 a
3143 5223 3284 5311 que
3306 5181 3549 5268 l'inte-

524 5364 657 5478 refi
669 5364 895 5448 d'une
920 5352 1199 5478 paffion
1235 5347 1289 5436 à
1303 5352 1623 5466 fùivre,
1650 5373 1749 5427 ou
1781 5339 1835 5426 à
1865 5339 2182 5431 vaincre
2196 5398 2229 5431 3
2233 5335 2432 5452 fans
2461 5359 2726 5418 aucun
2747 5317 2948 5443 péril
2955 5309 3296 5439 pourfin
3314 5303 3552 5405 Etat,

536 5481 633 5576 (fi
656 5480 765 5569 tel
788 5481 896 5597 efi
926 5469 1337 5564 Grimoald
1363 5468 1565 5559 dans
1593 5463 1705 5551 les
1736 5468 1925 5551 trois
1946 5459 2313 5580 premiers
2349 5454 2581 5546 Affies
2609 5447 2707 5538 de
2739 5436 3193 5533 Pertharite
3228 5492 3261 5525 3
3309 5419 3413 5521 (fi
3443 5420 3555 5508 les
