4267 6567
992 351 1108 471 vj
1712 354 1978 448 AV
2100 355 2332 450 LE
2388 355 2470 451 C
2532 346 3088 452 TEVR.

978 518 1229 601 feruer
1254 546 1349 601 en
1372 513 1443 602 la
1466 522 1835 630 première
1860 523 2295 638 imprefiion
2318 531 2451 639 qui
2470 525 2545 608 fe
2570 552 2855 639 pourra
2878 523 3063 609 faire
3090 516 3327 605 deces
3346 522 3721 609 Recueils.

1099 641 1212 720 La
1245 636 1538 721 double
1581 633 1648 719 II
1679 641 1878 725 dont
1915 645 1982 728 ie
2021 646 2234 729 viens
2271 646 2366 729 de
2407 646 2648 759 parler
2689 641 2734 727 à
2771 642 3188 729 l'occasion
3227 641 3324 728 de
3365 641 3498 737 IV,
3535 676 3580 728 a
3625 645 3808 732 aufli

979 752 1179 840 deux
1214 761 1857 870 prononciations
1885 791 1981 844 en
2023 765 2277 848 noftre
2315 770 2677 882 Langue,
2707 761 2909 848 l’vne
2937 752 3157 847 feche
3199 769 3281 847 5c
3319 761 3627 877 fimple,
3668 765 3807 877 qui

976 876 1122 960 fuit
1160 876 1750 998 TOrtographe,
1786 882 2054 968 l'autre
2092 882 2332 968 molle
2357 886 2494 997 qui
2528 881 2818 968 semble
2851 914 2896 995 y
2929 880 3234 993 joindre
3258 881 3408 969 vne
3438 881 3512 967 h.
3572 890 3804 968 Nous

975 993 1297 1084 n’auons
1330 1026 1553 1113 point
1587 1001 1681 1083 de
1715 1000 2109 1088 differents
2143 1008 2559 1088 caractères
2599 996 2643 1085 à
2677 1001 2785 1088 les
2827 1004 3247 1122 diftinguer
3279 1044 3299 1104 ;
3339 1005 3533 1089 mais
3567 1036 3669 1089 on
3703 1035 3803 1088 en

966 1147 1156 1228 peut
1194 1116 1494 1203 donner
1526 1147 1728 1204 cette
1762 1116 1972 1237 régie
2010 1120 2442 1204 infaillible.
2506 1124 2806 1204 Toutes
2840 1120 2948 1207 les
2980 1121 3130 1208 fois
3156 1120 3340 1241 qu’il
3366 1121 3486 1237 n’y
3514 1155 3554 1208 a
3574 1129 3802 1238 point

971 1233 1078 1319 dV
1113 1265 1349 1322 auant
1389 1237 1493 1323 les
1531 1240 1729 1324 deux
1761 1236 1869 1331 //,
1921 1239 1993 1326 la
2027 1240 2635 1357 prononciation
2677 1271 2777 1324 ne
2809 1244 3056 1356 prend
3093 1247 3319 1357 point
3353 1273 3555 1331 cette
3587 1245 3803 1331 mol-

966 1352 1142 1439 leffe
1176 1390 1190 1434 :
1228 1364 1340 1439 En
1376 1360 1604 1477 voicy
1642 1359 1772 1444 des
1792 1360 2178 1472 exemples
2198 1359 2382 1447 dans
2408 1361 2512 1446 les
2532 1385 2802 1476 quatre
2826 1389 3080 1448 autres
3104 1359 3490 1480 voyelles,
3536 1360 3798 1464 baüer,

967 1471 1289 1571 rebeller,
1325 1475 1567 1575 coller,
1595 1475 1963 1563 annuller.
2035 1484 2331 1566 Toutes
2365 1479 2473 1562 les
2509 1480 2657 1563 fois
2685 1480 2872 1598 qu’il
2887 1513 2937 1597 y
2955 1513 2999 1568 a
3019 1484 3123 1567 vn
3147 1485 3184 1567 i
3215 1513 3447 1571 auant
3467 1485 3575 1572 les
3595 1484 3797 1572 deux

966 1590 1062 1685 //,
1094 1595 1245 1678 foit
1286 1595 1480 1686 feul,
1508 1598 1661 1681 foit
1694 1630 1789 1682 en
1818 1596 2340 1716 diphtongue,
2372 1599 2443 1681 la
2476 1603 3085 1716 prononciation
3108 1634 3157 1717 y
3176 1603 3521 1716 adjoufte
3544 1603 3697 1694 vne
3724 1603 3769 1691 b
3776 1667 3794 1690 .

965 1714 1102 1797 On
1133 1711 1354 1798 eferit
1385 1711 1673 1809 bailler,
1695 1714 2025 1814 éueiller,
2053 1713 2329 1814 briller,
2351 1715 2825 1814 chatouiller,
2859 1720 3183 1819 cueillir,
3203 1727 3290 1809 Ôc
3313 1756 3422 1811 on
3451 1757 3794 1839 pronon¬

962 1827 1049 1913 ce
1094 1826 1445 1926 baillher,
1484 1830 1863 1929 e'ueillber,
1894 1831 2225 1930 brillher,
2258 1834 2783 1934 chatomllher,
2818 1838 3184 1926 cueillhir.
3274 1848 3337 1930 Il
3382 1846 3549 1930 faut
3588 1877 3797 1933 exce¬

959 1974 1126 2062 pter
1159 1950 1254 2032 de
1287 1979 1486 2037 cette
1521 1950 1768 2070 Régie
1809 1979 1990 2037 tous
2025 1954 2134 2041 les
2159 1984 2370 2042 mots
2403 1958 2542 2071 qui
2577 1959 2948 2046 viennent
2981 1963 3084 2046 du
3125 1967 3354 2050 Latin
3377 1970 3462 2051 ôc
3489 1968 3626 2084 qui
3647 1993 3798 2054 ont

959 2066 1309 2161 deux//,
1361 2069 1551 2153 dans
1609 2100 1809 2158 cette
1865 2079 2181 2195 Langue
2236 2122 2255 2178 ;
2311 2107 2683 2169 comme,
2731 2078 2971 2177 ville,
3019 2083 3277 2182 mille,
3322 2087 3795 2208 tranquille,

958 2185 1370 2285 imbecille,
1420 2188 1730 2303 difiille,
1784 2189 2104 2306 illufire,
2156 2193 2594 2314 illégitime,
2646 2197 2918 2285 illicite
2952 2267 2978 2297 ,
3044 2198 3208 2295 f$c.
3348 2214 3430 2289 le
3482 2207 3598 2290 dis
3655 2209 3798 2323 qui

953 2335 1101 2391 ont
1151 2309 1349 2392 deux
1395 2309 1451 2392 ü
1485 2342 1579 2396 en
1625 2314 1853 2397 Latin
1895 2377 1917 2407 ,
1974 2343 2199 2430 parce
2244 2343 2397 2434 que
2445 2317 2551 2400 les
2595 2348 2811 2404 mots
2865 2321 2959 2438 de
2996 2318 3153 2438 fille
3207 2326 3295 2442 Le
3334 2326 3647 2443 famille
3699 2357 3797 2414 en

954 2428 1366 2523 viennent,
1408 2437 1494 2512 5c
1536 2428 1606 2515 fe
1638 2458 2134 2546 prononcent
2172 2466 2362 2520 auec
2398 2467 2600 2523 cette
2630 2438 2978 2529 mollesse
3010 2442 3140 2528 des
3164 2472 3452 2537 autres,
3480 2446 3620 2564 qui
3648 2471 3794 2534 ont

949 2544 1036 2630 17
1069 2545 1357 2632 deuant
1389 2549 1497 2636 les
1539 2548 1737 2636 deux
1779 2548 1871 2643 II,
1911 2557 1993 2636 ôc
2031 2553 2203 2640 n’en
2241 2560 2609 2644 viennent
2651 2591 2781 2673 pas
2817 2604 2841 2660 ;
2881 2566 3075 2648 mais
3109 2592 3199 2647 ce
3235 2570 3371 2682 qui
3407 2565 3549 2653 fait
3587 2595 3793 2654 cette

946 2663 1412 2764 différence,
1450 2668 1619 2755 c’eft
1654 2669 1882 2788 qu’ils
1920 2703 2018 2760 ne
2052 2677 2404 2763 tiennent
2442 2708 2570 2794 pas
2608 2677 2716 2763 les
2758 2681 2958 2768 deux
2994 2682 3047 2764 II
3078 2684 3208 2769 des
3236 2715 3452 2772 mots
3494 2690 3790 2784 Latins,

919 2782 1108 2900 filta
1133 2786 1216 2904 &
1231 2786 1567 2905 familia
1583 2853 1601 2883 ,
1633 2792 1772 2906 qui
1803 2787 1973 2876 n’en
2001 2823 2147 2879 ont
2173 2792 2493 2912 qu’vne,
2527 2801 2721 2885 mais
2745 2830 3165 2918 purement
3195 2805 3289 2892 de
3313 2809 3571 2892 noftre
3591 2814 3793 2895 Lan¬

946 2936 1122 3024 gue.
1240 2912 1469 2995 Cette
1522 2907 1733 3029 régie
1792 2916 1879 2995 5c
1928 2941 2131 2999 cette
2176 2919 2585 3033 exception
2620 2921 2799 3006 font
2834 2925 3231 3043 generales
3266 2934 3355 3012 5c
3390 2924 3786 3016 aifeurées.

945 3030 1126 3121 Que
1137 3023 1354 3144 lques
1377 3030 1802 3114 Modernes
1827 3062 2028 3149 pour
2061 3035 2264 3122 ofter
2295 3064 2520 3126 toute
2553 3036 3042 3161 l’ambiguité
3065 3044 3162 3131 de
3189 3074 3392 3135 cette
3429 3077 3785 3165 pronon¬

942 3147 1233 3234 ciation
1258 3210 1281 3243 ,
1316 3176 1463 3234 ont
1496 3150 1715 3234 eferit
1750 3152 1857 3237 les
1898 3184 2105 3239 mots
2138 3160 2273 3273 qui
2312 3158 2387 3243 fe
2420 3190 2919 3274 prononcent
2968 3167 3137 3251 fans
3184 3169 3261 3252 la
3310 3169 3663 3259 molleffe
3690 3173 3791 3256 de

935 3262 1080 3357 Yh,
1115 3296 1306 3354 auec
1341 3299 1494 3357 vne
1527 3266 1562 3351 /
1599 3271 1904 3388 fimple,
1941 3306 2038 3358 en
2073 3305 2280 3370 cette
2309 3284 2652 3367 maniéré
2685 3309 2708 3376 »
2745 3282 3202 3406 tranquile,
3241 3288 3625 3388 imbécile,
3655 3293 3786 3379 di-

906 3382 1139 3494 fitle,
1185 3390 1267 3468 Ôc
1317 3416 1519 3473 cette
1561 3391 2071 3509 Onographe
2116 3403 2477 3511 pourroit
2529 3398 3153 3494 s’accommoder
3190 3407 3379 3494 dans
3442 3413 3551 3496 les
3590 3417 3787 3500 trois

936 3501 1276 3619 voyelles
1296 3537 1374 3601 a,
1398 3539 1460 3598 o,
1488 3540 1572 3605 u,
1595 3540 1798 3623 pour
1818 3515 2084 3597 eferire
2112 3515 2600 3632 Amplement
2622 3515 2864 3623 baler,
2882 3523 3162 3661 affoler,
3194 3527 3560 3632 annuler,
3587 3537 3786 3620 mais

937 3622 1079 3709 elle
1121 3655 1219 3708 ne
1261 3621 2001 3716 s’accommoderoit
2038 3635 2267 3747 point
2309 3638 2413 3721 du
2445 3667 2623 3721 tout
2659 3671 2845 3730 auec
2877 3643 2999 3740 IV,
3035 3652 3119 3730 Ôc
3155 3677 3263 3733 on
3297 3655 3559 3739 auroit
3587 3652 3785 3740 delà

932 3743 1156 3858 peine
1194 3742 1234 3828 à
1270 3748 1712 3858 prononcer
1732 3747 1994 3859 fideüe
2032 3749 2114 3837 ôc
2160 3749 2380 3853 belle,
2420 3757 2472 3840 fi
2518 3792 2626 3841 on
2664 3761 3028 3880 efcriuoit
3045 3763 3286 3881 fidele
3322 3767 3408 3854 ôc
3454 3767 3614 3856 bele
3642 3818 3666 3875 ;
3700 3771 3786 3858 17

933 3861 1219 3948 mefme
1261 3864 1383 3947 fur
1423 3866 1678 3983 lequel
1719 3866 1809 3952 ils
1847 3899 1993 3956 ont
2031 3873 2181 3987 pris
2219 3904 2305 3960 ce
2339 3878 2597 3973 droit,
2639 3911 2737 3966 ne
2775 3882 2849 3968 le
2883 3891 3251 3999 pourroit
3289 3920 3421 4004 pas
3463 3890 3781 3982 fouffrir

932 3981 1370 4075 toufiours,
1420 3990 1506 4068 ôc
1556 3989 2264 4101 particulièrement
2304 4026 2400 4081 en
2446 4027 2570 4084 ces
2608 4032 2824 4086 mots
2856 4001 3102 4102 ville,
3142 4006 3410 4109 mille,
3460 4013 3662 4101 dont
3702 4015 3776 4102 le

929 4104 1256 4216 premier
1287 4101 1340 4187 fi
1371 4135 1477 4188 on
1517 4104 1587 4187 le
1621 4108 1986 4196 reduifoit
2023 4108 2068 4197 à
2103 4147 2253 4200 vne
2287 4112 2322 4196 /
2347 4117 2653 4234 fimple,
2689 4121 2763 4208 fe
2801 4125 3319 4216 confondroit
3357 4163 3545 4218 auec
3569 4131 3773 4233 vile,

924 4221 1061 4336 qui
1094 4253 1139 4307 a
1170 4254 1319 4308 vne
1350 4223 1867 4342 lignification
1902 4259 2123 4319 toute
2156 4262 2400 4323 autre.

1043 4339 1110 4423 Il
1141 4369 1190 4454 y
1223 4373 1482 4428 auroit
1521 4377 1762 4431 encor
1797 4351 2152 4465 quantité
2189 4355 2286 4440 de
2317 4386 2764 4479 remarques
2799 4362 2846 4448 à
2885 4365 3072 4456 faire
3101 4368 3222 4457 fur
3257 4370 3368 4456 les
3395 4373 3767 4464 differen¬

918 4486 1033 4546 tes
1052 4464 1429 4551 maniérés
1454 4498 1605 4580 que
1628 4498 1831 4552 nous
1852 4501 2101 4555 auons
2124 4477 2217 4559 de
2236 4506 2683 4590 prononcer
2706 4485 3081 4602 quelques
3104 4488 3367 4576 lettres
3390 4527 3487 4581 en
3510 4498 3773 4585 noftre

915 4584 1246 4696 Langue
1284 4617 1298 4661 :
1341 4588 1534 4676 mais
1569 4593 1640 4671 ie
1673 4588 2340 4708 n’entreprenspas
2367 4600 2674 4688 défaire
2709 4635 2812 4692 vn
2851 4608 3114 4694 Traité
3151 4618 3392 4700 entier
3425 4614 3764 4705 del'Or-

915 4698 1301 4816 tographe
1343 4707 1429 4786 Ôc
1463 4708 1555 4790 de
1591 4707 1661 4793 la
1694 4716 2353 4824 prononciation,
2390 4725 2477 4804 Ôc
2536 4754 2665 4807 me
2710 4754 3083 4816 contente
3138 4733 3237 4819 de
3282 4766 3483 4820 vous
3536 4741 3763 4823 auoir

916 4818 1182 4902 donné
1218 4852 1306 4907 ce
1342 4856 1520 4910 mot
1548 4827 1788 4914 d'auis
1826 4830 2212 4920 touchant
2254 4866 2340 4922 ce
2373 4873 2524 4957 que
2561 4841 2704 4961 j’ay
2738 4848 3032 4936 innoué
3073 4852 3196 4967 icy
3229 4895 3252 4954 ;
3295 4886 3616 4944 comme
3651 4859 3764 4945 les

915 4938 1417 5051 Imprimeurs
1455 4973 1597 5030 ont
1637 4981 1729 5034 eu
1775 4950 1875 5033 de
1913 4951 1985 5038 la
2022 4955 2245 5069 peine
2287 4954 2329 5043 à
2361 4959 2465 5078 s’y
2501 4968 3081 5064 accouftumer,
3121 4973 3213 5055 ils
3237 4972 3601 5064 n’auront
3630 5011 3759 5097 pas

912 5054 1126 5165 fuiuy
1154 5066 1554 5149 cenouuel
1578 5066 1806 5155 ordre
1830 5071 1878 5153 fi
1908 5076 2614 5184 punéfuellement,
2641 5084 2828 5201 qu’il
2852 5117 2948 5175 ne
2984 5088 3084 5208 s’y
3112 5092 3260 5179 foit
3306 5095 3538 5188 coulé
3574 5096 3756 5187 bien

911 5174 1043 5261 des
1073 5177 1369 5273 fautes,
1411 5212 1609 5269 vous
1647 5219 1775 5272 me
1809 5191 2015 5278 ferez
2053 5194 2123 5281 la
2155 5228 2387 5316 grâce
2425 5200 2539 5320 d’y
2587 5204 2955 5324 suppléer.
