<?xml version="1.0" encoding="UTF-8" standalone="yes"?>
<PcGts xmlns="http://schema.primaresearch.org/PAGE/gts/pagecontent/2013-07-15" xmlns:xsi="http://www.w3.org/2001/XMLSchema-instance" xsi:schemaLocation="http://schema.primaresearch.org/PAGE/gts/pagecontent/2013-07-15 http://schema.primaresearch.org/PAGE/gts/pagecontent/2013-07-15/pagecontent.xsd">
    <Metadata>
        <Creator></Creator>
        <Created>2018-12-28T15:05:04.751+01:00</Created>
        <LastChange>2019-08-11T00:00:19.588+02:00</LastChange>
        <Comments>
                Measurement unit: pixel
                PrimaryLanguage: English
                Language: FrenchStandard
                Producer: ABBYY FineReader Engine 11</Comments>
        <TranskribusMetadata docId="194228" pageId="7653840" pageNr="157" tsid="13550322" status="DONE" userId="10612" imgUrl="https://files.transkribus.eu/Get?id=ERWICUZKOYANIJYLBTNYMJAD&amp;fileType=view" xmlUrl="https://files.transkribus.eu/Get?id=WMQAWIIGYGYMCXKCOGXXQJNQ" imageId="2059250"/>
    </Metadata>
    <Page imageFilename="Corneille1664_Theatre_bpt6k10403751_corrected_0157.png" imageWidth="4267" imageHeight="6647">
        <PrintSpace>
            <Coords points="367,406 4177,406 4177,6514 367,6514"/>
        </PrintSpace>
        <ReadingOrder>
            <OrderedGroup id="ro_1604236249570" caption="Regions reading order">
                <RegionRefIndexed index="0" regionRef="r_1_1"/>
                <RegionRefIndexed index="1" regionRef="r_2_1"/>
                <RegionRefIndexed index="2" regionRef="r_2_2"/>
                <RegionRefIndexed index="3" regionRef="r_2_3"/>
                <RegionRefIndexed index="4" regionRef="r_2_4"/>
                <RegionRefIndexed index="5" regionRef="r_2_5"/>
                <RegionRefIndexed index="6" regionRef="r_2_6"/>
                <RegionRefIndexed index="7" regionRef="r_2_7"/>
                <RegionRefIndexed index="8" regionRef="r_2_8"/>
                <RegionRefIndexed index="9" regionRef="r_2_9"/>
                <RegionRefIndexed index="10" regionRef="r_2_10"/>
                <RegionRefIndexed index="11" regionRef="r_2_11"/>
                <RegionRefIndexed index="12" regionRef="r_2_12"/>
                <RegionRefIndexed index="13" regionRef="r_2_13"/>
                <RegionRefIndexed index="14" regionRef="r_2_14"/>
                <RegionRefIndexed index="15" regionRef="r_2_15"/>
                <RegionRefIndexed index="16" regionRef="r_2_16"/>
                <RegionRefIndexed index="17" regionRef="r_2_17"/>
                <RegionRefIndexed index="18" regionRef="r_2_18"/>
                <RegionRefIndexed index="19" regionRef="r_2_19"/>
                <RegionRefIndexed index="20" regionRef="r_2_20"/>
                <RegionRefIndexed index="21" regionRef="r_2_21"/>
                <RegionRefIndexed index="22" regionRef="r_2_22"/>
                <RegionRefIndexed index="23" regionRef="r_2_23"/>
                <RegionRefIndexed index="24" regionRef="r_2_24"/>
                <RegionRefIndexed index="25" regionRef="r_2_25"/>
                <RegionRefIndexed index="26" regionRef="r_2_26"/>
            </OrderedGroup>
        </ReadingOrder>
        <TextRegion type="paragraph" id="r_1_1" custom="readingOrder {index:0;}">
            <Coords points="3161,453 3312,453 3312,562 3161,562"/>
            <TextLine id="tl_1" primaryLanguage="English" custom="readingOrder {index:0;}">
                <Coords points="3162,454 3311,454 3311,561 3162,561"/>
                <Baseline points="3162,538 3311,561"/>
                <Word id="w_w2aab1b1b2b1b1ab1" language="English" custom="readingOrder {index:0;}">
                    <Coords points="3162,454 3311,454 3311,561 3162,561"/>
                    <TextEquiv>
                        <Unicode>87</Unicode>
                    </TextEquiv>
                    <TextStyle fontFamily="Times New Roman" fontSize="16.0" italic="true"/>
                </Word>
                <TextEquiv>
                    <Unicode>87</Unicode>
                </TextEquiv>
                <TextStyle fontFamily="Times New Roman" fontSize="16.0" italic="true"/>
            </TextLine>
            <TextEquiv>
                <Unicode>87</Unicode>
            </TextEquiv>
        </TextRegion>
        <TextRegion type="paragraph" id="r_2_1" custom="readingOrder {index:1;}">
            <Coords points="1315,419 2450,424 2450,544 1315,539"/>
            <TextLine id="tl_2" primaryLanguage="English" custom="readingOrder {index:0;}">
                <Coords points="1312,417 2448,426 2448,544 1312,535"/>
                <Baseline points="1327,528 2435,538"/>
                <Word id="w_w2aab1b3b2b1b1ab1" language="English" custom="readingOrder {index:0;}">
                    <Coords points="1315,420 2447,426 2447,543 1315,537"/>
                    <TextEquiv>
                        <Unicode>TRAGEDIE."</Unicode>
                    </TextEquiv>
                    <TextStyle fontFamily="Times New Roman" fontSize="17.0" bold="true" italic="true"/>
                </Word>
                <TextEquiv>
                    <Unicode>TRAGEDIE.</Unicode>
                </TextEquiv>
                <TextStyle fontFamily="Times New Roman" fontSize="17.0" bold="true" italic="true"/>
            </TextLine>
            <TextEquiv>
                <Unicode>TRAGEDIE.</Unicode>
            </TextEquiv>
        </TextRegion>
        <TextRegion type="paragraph" id="r_2_2" custom="readingOrder {index:2;}">
            <Coords points="442,592 2738,592 2738,847 442,847"/>
            <TextLine id="tl_3" primaryLanguage="English" custom="readingOrder {index:0;}">
                <Coords points="443,593 2702,593 2702,724 443,724"/>
                <Baseline points="444,685 518,685 866,685 1264,681 1530,686 1862,690 2346,694 2702,694"/>
                <Word id="w_w2aab1b3b2b3b1ab1" language="English" custom="readingOrder {index:0;}">
                    <Coords points="444,597 714,597 714,690 444,690"/>
                    <TextEquiv>
                        <Unicode>ITM-</Unicode>
                    </TextEquiv>
                    <TextStyle fontFamily="Times New Roman" fontSize="14.0" italic="true"/>
                </Word>
                <Word id="w_w2aab1b3b2b3b1b1b3" language="English" custom="readingOrder {index:1;}">
                    <Coords points="754,600 866,600 866,685 754,685"/>
                    <TextEquiv>
                        <Unicode>Le</Unicode>
                    </TextEquiv>
                    <TextStyle fontFamily="Times New Roman" fontSize="13.0"/>
                </Word>
                <Word id="w_w2aab1b3b2b3b1b1b9" language="English" custom="readingOrder {index:2;}">
                    <Coords points="900,624 1264,624 1264,686 900,686"/>
                    <TextEquiv>
                        <Unicode>couroux</Unicode>
                    </TextEquiv>
                    <TextStyle fontFamily="Times New Roman" fontSize="13.0"/>
                </Word>
                <Word id="w_w2aab1b3b2b3b1b1c25" language="English" custom="readingOrder {index:3;}">
                    <Coords points="1298,597 1530,597 1530,686 1298,686"/>
                    <TextEquiv>
                        <Unicode>d’ime</Unicode>
                    </TextEquiv>
                    <TextStyle fontFamily="Times New Roman" fontSize="13.0"/>
                </Word>
                <Word id="w_w2aab1b3b2b3b1b1c37" language="English" custom="readingOrder {index:4;}">
                    <Coords points="1562,600 1862,600 1862,690 1562,690"/>
                    <TextEquiv>
                        <Unicode>femme</Unicode>
                    </TextEquiv>
                    <TextStyle fontFamily="Times New Roman" fontSize="13.0"/>
                </Word>
                <Word id="w_w2aab1b3b2b3b1b1c49" language="English" custom="readingOrder {index:5;}">
                    <Coords points="1892,606 2346,606 2346,721 1892,721"/>
                    <TextEquiv>
                        <Unicode>impétueux</Unicode>
                    </TextEquiv>
                    <TextStyle fontFamily="Times New Roman" fontSize="13.0"/>
                </Word>
                <Word id="w_w2aab1b3b2b3b1b1c69" language="English" custom="readingOrder {index:6;}">
                    <Coords points="2376,606 2702,606 2702,694 2376,694"/>
                    <TextEquiv>
                        <Unicode>d’abord</Unicode>
                    </TextEquiv>
                    <TextStyle fontFamily="Times New Roman" fontSize="13.0"/>
                </Word>
                <TextEquiv>
                    <Unicode>PYM. Le couroux d’une femme impetueux d’abord</Unicode>
                </TextEquiv>
            </TextLine>
            <TextLine id="tl_4" primaryLanguage="English" custom="readingOrder {index:1;}">
                <Coords points="619,714 2737,714 2737,846 619,846"/>
                <Baseline points="619,806 953,805 1165,806 1283,807 1497,806 1659,807 1733,811 1905,808 2277,816 2737,824"/>
                <Word id="w_w2aab1b3b2b3b3ab1" language="English" custom="readingOrder {index:0;}">
                    <Coords points="619,724 953,724 953,806 619,806"/>
                    <TextEquiv>
                        <Unicode>Promet</Unicode>
                    </TextEquiv>
                    <TextStyle fontFamily="Times New Roman" fontSize="13.0"/>
                </Word>
                <Word id="w_w2aab1b3b2b3b3ac15" language="English" custom="readingOrder {index:1;}">
                    <Coords points="987,749 1165,749 1165,806 987,806"/>
                    <TextEquiv>
                        <Unicode>tout</Unicode>
                    </TextEquiv>
                    <TextStyle fontFamily="Times New Roman" fontSize="13.0"/>
                </Word>
                <Word id="w_w2aab1b3b2b3b3ac25" language="English" custom="readingOrder {index:2;}">
                    <Coords points="1195,752 1283,752 1283,807 1195,807"/>
                    <TextEquiv>
                        <Unicode>ce</Unicode>
                    </TextEquiv>
                    <TextStyle fontFamily="Times New Roman" fontSize="13.0"/>
                </Word>
                <Word id="w_w2aab1b3b2b3b3ac31" language="English" custom="readingOrder {index:3;}">
                    <Coords points="1311,718 1497,718 1497,837 1311,837"/>
                    <TextEquiv>
                        <Unicode>qu’il</Unicode>
                    </TextEquiv>
                    <TextStyle fontFamily="Times New Roman" fontSize="13.0"/>
                </Word>
                <Word id="w_w2aab1b3b2b3b3ac43" language="English" custom="readingOrder {index:4;}">
                    <Coords points="1529,724 1659,724 1659,807 1529,807"/>
                    <TextEquiv>
                        <Unicode>ofe</Unicode>
                    </TextEquiv>
                    <TextStyle fontFamily="Times New Roman" fontSize="13.0"/>
                </Word>
                <Word id="w_w2aab1b3b2b3b3ac51" language="English" custom="readingOrder {index:5;}">
                    <Coords points="1689,723 1733,723 1733,811 1689,811"/>
                    <TextEquiv>
                        <Unicode>à</Unicode>
                    </TextEquiv>
                    <TextStyle fontFamily="Times New Roman" fontSize="13.0"/>
                </Word>
                <Word id="w_w2aab1b3b2b3b3ac55" language="English" custom="readingOrder {index:6;}">
                    <Coords points="1767,727 1905,727 1905,811 1767,811"/>
                    <TextEquiv>
                        <Unicode>fon</Unicode>
                    </TextEquiv>
                    <TextStyle fontFamily="Times New Roman" fontSize="13.0"/>
                </Word>
                <Word id="w_w2aab1b3b2b3b3ac63" language="English" custom="readingOrder {index:7;}">
                    <Coords points="1943,731 2277,731 2277,840 1943,840"/>
                    <TextEquiv>
                        <Unicode>premier</Unicode>
                    </TextEquiv>
                    <TextStyle fontFamily="Times New Roman" fontSize="13.0"/>
                </Word>
                <Word id="w_w2aab1b3b2b3b3ac79" language="English" custom="readingOrder {index:8;}">
                    <Coords points="2311,762 2737,762 2737,845 2311,845"/>
                    <TextEquiv>
                        <Unicode>transport,</Unicode>
                    </TextEquiv>
                    <TextStyle fontFamily="Times New Roman" fontSize="13.0"/>
                </Word>
                <TextEquiv>
                    <Unicode>Promet tout ce qu’il oſe à ſon premier transport,</Unicode>
                </TextEquiv>
                <TextStyle fontFamily="Times New Roman" fontSize="13.0"/>
            </TextLine>
            <TextEquiv>
                <Unicode>PYM. Le couroux d’une femme impetueux d’abord
Promet tout ce qu’il oſe à ſon premier transport,</Unicode>
            </TextEquiv>
        </TextRegion>
        <TextRegion type="paragraph" id="r_2_3" custom="readingOrder {index:3;}">
            <Coords points="617,835 2960,835 2960,974 617,974"/>
            <TextLine id="tl_5" primaryLanguage="English" custom="readingOrder {index:0;}">
                <Coords points="618,836 2959,836 2959,973 618,973"/>
                <Baseline points="618,924 833,925 1195,928 1283,927 1439,928 1681,929 1849,964 2041,932 2147,933 2385,936 2959,951"/>
                <Word id="w_w2aab1b3b2b5b1ab1" language="English" custom="readingOrder {index:0;}">
                    <Coords points="618,844 833,844 833,925 618,925"/>
                    <TextEquiv>
                        <Unicode>Mais</Unicode>
                    </TextEquiv>
                    <TextStyle fontFamily="Times New Roman" fontSize="13.0"/>
                </Word>
                <Word id="w_w2aab1b3b2b5b1ac11" language="English" custom="readingOrder {index:1;}">
                    <Coords points="870,874 1195,874 1195,928 870,928"/>
                    <TextEquiv>
                        <Unicode>comme</Unicode>
                    </TextEquiv>
                    <TextStyle fontFamily="Times New Roman" fontSize="13.0"/>
                </Word>
                <Word id="w_w2aab1b3b2b5b1ac23" language="English" custom="readingOrder {index:2;}">
                    <Coords points="1234,845 1283,845 1283,927 1234,927"/>
                    <TextEquiv>
                        <Unicode>il</Unicode>
                    </TextEquiv>
                    <TextStyle fontFamily="Times New Roman" fontSize="13.0"/>
                </Word>
                <Word id="w_w2aab1b3b2b5b1ac29" language="English" custom="readingOrder {index:3;}">
                    <Coords points="1320,839 1439,839 1439,928 1320,928"/>
                    <TextEquiv>
                        <Unicode>n’a</Unicode>
                    </TextEquiv>
                    <TextStyle fontFamily="Times New Roman" fontSize="13.0"/>
                </Word>
                <Word id="w_w2aab1b3b2b5b1ac37" language="English" custom="readingOrder {index:4;}">
                    <Coords points="1480,874 1681,874 1681,958 1480,958"/>
                    <TextEquiv>
                        <Unicode>pour</Unicode>
                    </TextEquiv>
                    <TextStyle fontFamily="Times New Roman" fontSize="13.0"/>
                </Word>
                <Word id="w_w2aab1b3b2b5b1ac47" language="English" custom="readingOrder {index:5;}">
                    <Coords points="1718,845 1849,845 1849,964 1718,964"/>
                    <TextEquiv>
                        <Unicode>luy</Unicode>
                    </TextEquiv>
                    <TextStyle fontFamily="Times New Roman" fontSize="13.0"/>
                </Word>
                <Word id="w_w2aab1b3b2b5b1ac55" language="English" custom="readingOrder {index:6;}">
                    <Coords points="1886,878 2041,878 2041,962 1886,962"/>
                    <TextEquiv>
                        <Unicode>que</Unicode>
                    </TextEquiv>
                    <TextStyle fontFamily="Times New Roman" fontSize="13.0"/>
                </Word>
                <Word id="w_w2aab1b3b2b5b1ac63" language="English" custom="readingOrder {index:7;}">
                    <Coords points="2068,849 2147,849 2147,933 2068,933"/>
                    <TextEquiv>
                        <Unicode>fa</Unicode>
                    </TextEquiv>
                    <TextStyle fontFamily="Times New Roman" fontSize="13.0"/>
                </Word>
                <Word id="w_w2aab1b3b2b5b1ac69" language="English" custom="readingOrder {index:8;}">
                    <Coords points="2180,851 2385,851 2385,936 2180,936"/>
                    <TextEquiv>
                        <Unicode>feule</Unicode>
                    </TextEquiv>
                    <TextStyle fontFamily="Times New Roman" fontSize="13.0"/>
                </Word>
                <Word id="w_w2aab1b3b2b5b1ac81" language="English" custom="readingOrder {index:9;}">
                    <Coords points="2424,852 2959,852 2959,971 2424,971"/>
                    <TextEquiv>
                        <Unicode>inapuiffance,</Unicode>
                    </TextEquiv>
                    <TextStyle fontFamily="Times New Roman" fontSize="13.0"/>
                </Word>
                <TextEquiv>
                    <Unicode>Mais comme il n’a pour luy que ſa ſeule impuiſſance,</Unicode>
                </TextEquiv>
                <TextStyle fontFamily="Times New Roman" fontSize="13.0"/>
            </TextLine>
            <TextEquiv>
                <Unicode>Mais comme il n’a pour luy que ſa ſeule impuiſſance,</Unicode>
            </TextEquiv>
        </TextRegion>
        <TextRegion type="paragraph" id="r_2_4" custom="readingOrder {index:4;}">
            <Coords points="631,961 2499,961 2499,1090 631,1090"/>
            <TextLine id="tl_6" primaryLanguage="English" custom="readingOrder {index:0;}">
                <Coords points="632,962 2498,962 2498,1089 632,1089"/>
                <Baseline points="632,1044 702,1044 962,1049 1096,1048 1408,1049 1494,1048 1798,1049 1932,1048 2040,1052 2498,1067"/>
                <Word id="w_w2aab1b3b2b7b1ab1" language="English" custom="readingOrder {index:0;}">
                    <Coords points="632,966 702,966 702,1044 632,1044"/>
                    <TextEquiv>
                        <Unicode>A</Unicode>
                    </TextEquiv>
                    <TextStyle fontFamily="Times New Roman" fontSize="13.0"/>
                </Word>
                <Word id="w_w2aab1b3b2b7b1ab5" language="English" custom="readingOrder {index:1;}">
                    <Coords points="740,962 962,962 962,1049 740,1049"/>
                    <TextEquiv>
                        <Unicode>force</Unicode>
                    </TextEquiv>
                    <TextStyle fontFamily="Times New Roman" fontSize="13.0"/>
                </Word>
                <Word id="w_w2aab1b3b2b7b1ac17" language="English" custom="readingOrder {index:2;}">
                    <Coords points="1000,966 1096,966 1096,1048 1000,1048"/>
                    <TextEquiv>
                        <Unicode>de</Unicode>
                    </TextEquiv>
                    <TextStyle fontFamily="Times New Roman" fontSize="13.0"/>
                </Word>
                <Word id="w_w2aab1b3b2b7b1ac23" language="English" custom="readingOrder {index:3;}">
                    <Coords points="1134,965 1408,965 1408,1082 1134,1082"/>
                    <TextEquiv>
                        <Unicode>grolïir</Unicode>
                    </TextEquiv>
                    <TextStyle fontFamily="Times New Roman" fontSize="13.0"/>
                </Word>
                <Word id="w_w2aab1b3b2b7b1ac39" language="English" custom="readingOrder {index:4;}">
                    <Coords points="1442,966 1494,966 1494,1048 1442,1048"/>
                    <TextEquiv>
                        <Unicode>il</Unicode>
                    </TextEquiv>
                    <TextStyle fontFamily="Times New Roman" fontSize="13.0"/>
                </Word>
                <Word id="w_w2aab1b3b2b7b1ac45" language="English" custom="readingOrder {index:5;}">
                    <Coords points="1536,995 1798,995 1798,1053 1536,1053"/>
                    <TextEquiv>
                        <Unicode>meurt</Unicode>
                    </TextEquiv>
                    <TextStyle fontFamily="Times New Roman" fontSize="13.0"/>
                </Word>
                <Word id="w_w2aab1b3b2b7b1ac57" language="English" custom="readingOrder {index:6;}">
                    <Coords points="1830,999 1932,999 1932,1054 1830,1054"/>
                    <TextEquiv>
                        <Unicode>en</Unicode>
                    </TextEquiv>
                    <TextStyle fontFamily="Times New Roman" fontSize="13.0"/>
                </Word>
                <Word id="w_w2aab1b3b2b7b1ac63" language="English" custom="readingOrder {index:7;}">
                    <Coords points="1966,970 2040,970 2040,1052 1966,1052"/>
                    <TextEquiv>
                        <Unicode>fa</Unicode>
                    </TextEquiv>
                    <TextStyle fontFamily="Times New Roman" fontSize="13.0"/>
                </Word>
                <Word id="w_w2aab1b3b2b7b1ac69" language="English" custom="readingOrder {index:8;}">
                    <Coords points="2078,969 2498,969 2498,1067 2078,1067"/>
                    <TextEquiv>
                        <Unicode>nailfancc,</Unicode>
                    </TextEquiv>
                    <TextStyle fontFamily="Times New Roman" fontSize="13.0"/>
                </Word>
                <TextEquiv>
                    <Unicode>A force de groſſir il meurt en ſa naiſſance,</Unicode>
                </TextEquiv>
                <TextStyle fontFamily="Times New Roman" fontSize="13.0"/>
            </TextLine>
            <TextEquiv>
                <Unicode>A force de groſſir il meurt en ſa naiſſance,</Unicode>
            </TextEquiv>
        </TextRegion>
        <TextRegion type="paragraph" id="r_2_5" custom="readingOrder {index:5;}">
            <Coords points="618,1077 2906,1077 2906,1334 618,1334"/>
            <TextLine id="tl_7" primaryLanguage="English" custom="readingOrder {index:0;}">
                <Coords points="619,1078 2624,1078 2624,1209 619,1209"/>
                <Baseline points="619,1166 756,1166 1244,1169 1785,1183 1872,1170 1980,1174 2122,1175 2266,1176 2624,1179"/>
                <Word id="w_w2aab1b3b2b9b1ab1" language="English" custom="readingOrder {index:0;}">
                    <Coords points="619,1086 756,1086 756,1166 619,1166"/>
                    <TextEquiv>
                        <Unicode>Ou</Unicode>
                    </TextEquiv>
                    <TextStyle fontFamily="Times New Roman" fontSize="13.0"/>
                </Word>
                <Word id="w_w2aab1b3b2b9b1ab7" language="English" custom="readingOrder {index:1;}">
                    <Coords points="793,1082 1244,1082 1244,1170 793,1170"/>
                    <TextEquiv>
                        <Unicode>s’étouffant</Unicode>
                    </TextEquiv>
                    <TextStyle fontFamily="Times New Roman" fontSize="13.0"/>
                </Word>
                <Word id="w_w2aab1b3b2b9b1ac31" language="English" custom="readingOrder {index:2;}">
                    <Coords points="1281,1087 1785,1087 1785,1202 1281,1202"/>
                    <TextEquiv>
                        <Unicode>foy-mefme,</Unicode>
                    </TextEquiv>
                    <TextStyle fontFamily="Times New Roman" fontSize="13.0"/>
                </Word>
                <Word id="w_w2aab1b3b2b9b1ac53" language="English" custom="readingOrder {index:3;}">
                    <Coords points="1827,1083 1872,1083 1872,1170 1827,1170"/>
                    <TextEquiv>
                        <Unicode>à</Unicode>
                    </TextEquiv>
                    <TextStyle fontFamily="Times New Roman" fontSize="13.0"/>
                </Word>
                <Word id="w_w2aab1b3b2b9b1ac57" language="English" custom="readingOrder {index:4;}">
                    <Coords points="1907,1086 1980,1086 1980,1174 1907,1174"/>
                    <TextEquiv>
                        <Unicode>la</Unicode>
                    </TextEquiv>
                    <TextStyle fontFamily="Times New Roman" fontSize="13.0"/>
                </Word>
                <Word id="w_w2aab1b3b2b9b1ac63" language="English" custom="readingOrder {index:5;}">
                    <Coords points="2015,1090 2122,1090 2122,1175 2015,1175"/>
                    <TextEquiv>
                        <Unicode>fin</Unicode>
                    </TextEquiv>
                    <TextStyle fontFamily="Times New Roman" fontSize="13.0"/>
                </Word>
                <Word id="w_w2aab1b3b2b9b1ac71" language="English" custom="readingOrder {index:6;}">
                    <Coords points="2167,1125 2266,1125 2266,1176 2167,1176"/>
                    <TextEquiv>
                        <Unicode>ne</Unicode>
                    </TextEquiv>
                    <TextStyle fontFamily="Times New Roman" fontSize="13.0"/>
                </Word>
                <Word id="w_w2aab1b3b2b9b1ac77" language="English" custom="readingOrder {index:7;}">
                    <Coords points="2303,1095 2624,1095 2624,1208 2303,1208"/>
                    <TextEquiv>
                        <Unicode>produit</Unicode>
                    </TextEquiv>
                    <TextStyle fontFamily="Times New Roman" fontSize="13.0"/>
                </Word>
                <TextEquiv>
                    <Unicode>Ou s’étouffant ſoy-meſme, à la fin ne produit</Unicode>
                </TextEquiv>
                <TextStyle fontFamily="Times New Roman" fontSize="13.0"/>
            </TextLine>
            <TextLine id="tl_8" primaryLanguage="English" custom="readingOrder {index:1;}">
                <Coords points="619,1202 2905,1202 2905,1333 619,1333"/>
                <Baseline points="619,1312 807,1291 1253,1291 1435,1292 1779,1305 2039,1294 2493,1331 2629,1299 2905,1299"/>
                <Word id="w_w2aab1b3b2b9b3ab1" language="English" custom="readingOrder {index:0;}">
                    <Coords points="619,1212 807,1212 807,1312 619,1312"/>
                    <TextEquiv>
                        <Unicode>Que</Unicode>
                    </TextEquiv>
                    <TextStyle fontFamily="Times New Roman" fontSize="13.0"/>
                </Word>
                <Word id="w_w2aab1b3b2b9b3ab9" language="English" custom="readingOrder {index:1;}">
                    <Coords points="841,1207 1253,1207 1253,1321 841,1321"/>
                    <TextEquiv>
                        <Unicode>point,ou</Unicode>
                    </TextEquiv>
                    <TextStyle fontFamily="Times New Roman" fontSize="13.0"/>
                </Word>
                <Word id="w_w2aab1b3b2b9b3ac27" language="English" custom="readingOrder {index:2;}">
                    <Coords points="1287,1239 1435,1239 1435,1321 1287,1321"/>
                    <TextEquiv>
                        <Unicode>peu</Unicode>
                    </TextEquiv>
                    <TextStyle fontFamily="Times New Roman" fontSize="13.0"/>
                </Word>
                <Word id="w_w2aab1b3b2b9b3ac35" language="English" custom="readingOrder {index:3;}">
                    <Coords points="1477,1206 1779,1206 1779,1305 1477,1305"/>
                    <TextEquiv>
                        <Unicode>d’effet,</Unicode>
                    </TextEquiv>
                    <TextStyle fontFamily="Times New Roman" fontSize="13.0"/>
                </Word>
                <Word id="w_w2aab1b3b2b9b3ac53" language="English" custom="readingOrder {index:4;}">
                    <Coords points="1823,1208 2039,1208 2039,1326 1823,1326"/>
                    <TextEquiv>
                        <Unicode>après</Unicode>
                    </TextEquiv>
                    <TextStyle fontFamily="Times New Roman" fontSize="13.0"/>
                </Word>
                <Word id="w_w2aab1b3b2b9b3ac65" language="English" custom="readingOrder {index:5;}">
                    <Coords points="2081,1213 2493,1213 2493,1331 2081,1331"/>
                    <TextEquiv>
                        <Unicode>beaucoup</Unicode>
                    </TextEquiv>
                    <TextStyle fontFamily="Times New Roman" fontSize="13.0"/>
                </Word>
                <Word id="w_w2aab1b3b2b9b3ac83" language="English" custom="readingOrder {index:6;}">
                    <Coords points="2533,1217 2629,1217 2629,1299 2533,1299"/>
                    <TextEquiv>
                        <Unicode>de</Unicode>
                    </TextEquiv>
                    <TextStyle fontFamily="Times New Roman" fontSize="13.0"/>
                </Word>
                <Word id="w_w2aab1b3b2b9b3ac89" language="English" custom="readingOrder {index:7;}">
                    <Coords points="2671,1216 2905,1216 2905,1305 2671,1305"/>
                    <TextEquiv>
                        <Unicode>bruit.</Unicode>
                    </TextEquiv>
                    <TextStyle fontFamily="Times New Roman" fontSize="13.0"/>
                </Word>
                <TextEquiv>
                    <Unicode>Que point, ou peu d’effet, après beaucoup de bruit.</Unicode>
                </TextEquiv>
                <TextStyle fontFamily="Times New Roman" fontSize="13.0"/>
            </TextLine>
            <TextEquiv>
                <Unicode>Ou s’étouffant ſoy-meſme, à la fin ne produit
Que point, ou peu d’effet, après beaucoup de bruit.</Unicode>
            </TextEquiv>
        </TextRegion>
        <TextRegion type="paragraph" id="r_2_6" custom="readingOrder {index:6;}">
            <Coords points="433,1326 2798,1326 2798,1453 433,1453"/>
            <TextLine id="tl_9" primaryLanguage="English" custom="readingOrder {index:0;}">
                <Coords points="434,1327 2797,1327 2797,1452 434,1452"/>
                <Baseline points="434,1417 619,1412 696,1412 932,1421 1096,1420 1222,1413 1564,1412 1736,1413 1922,1416 2030,1412 2282,1418 2796,1430"/>
                <Word id="w_w2aab1b3b2c11b1ab1" language="English" custom="readingOrder {index:0;}">
                    <Coords points="434,1329 619,1329 619,1417 434,1417"/>
                    <TextEquiv>
                        <Unicode>DO</Unicode>
                    </TextEquiv>
                    <TextStyle fontFamily="Times New Roman" fontSize="14.0" italic="true"/>
                </Word>
                <Word id="w_w2aab1b3b2c11b1ab7" language="English" custom="readingOrder {index:1;}">
                    <Coords points="628,1334 726,1334 726,1412 628,1412"/>
                    <TextEquiv>
                        <Unicode>R.</Unicode>
                    </TextEquiv>
                    <TextStyle fontFamily="Times New Roman" fontSize="14.0" italic="true"/>
                </Word>
                <Word id="w_w2aab1b3b2c11b1b1b3" language="English" custom="readingOrder {index:2;}">
                    <Coords points="766,1332 932,1332 932,1421 766,1421"/>
                    <TextEquiv>
                        <Unicode>Va,</Unicode>
                    </TextEquiv>
                    <TextStyle fontFamily="Times New Roman" fontSize="13.0"/>
                </Word>
                <Word id="w_w2aab1b3b2c11b1b1c11" language="English" custom="readingOrder {index:3;}">
                    <Coords points="964,1359 1096,1359 1096,1420 964,1420"/>
                    <TextEquiv>
                        <Unicode>va,</Unicode>
                    </TextEquiv>
                    <TextStyle fontFamily="Times New Roman" fontSize="13.0"/>
                </Word>
                <Word id="w_w2aab1b3b2c11b1b1c19" language="English" custom="readingOrder {index:4;}">
                    <Coords points="1126,1360 1222,1360 1222,1413 1126,1413"/>
                    <TextEquiv>
                        <Unicode>ne</Unicode>
                    </TextEquiv>
                    <TextStyle fontFamily="Times New Roman" fontSize="13.0"/>
                </Word>
                <Word id="w_w2aab1b3b2c11b1b1c25" language="English" custom="readingOrder {index:5;}">
                    <Coords points="1256,1355 1564,1355 1564,1443 1256,1443"/>
                    <TextEquiv>
                        <Unicode>pretens</Unicode>
                    </TextEquiv>
                    <TextStyle fontFamily="Times New Roman" fontSize="13.0"/>
                </Word>
                <Word id="w_w2aab1b3b2c11b1b1c41" language="English" custom="readingOrder {index:6;}">
                    <Coords points="1606,1359 1736,1359 1736,1443 1606,1443"/>
                    <TextEquiv>
                        <Unicode>pas</Unicode>
                    </TextEquiv>
                    <TextStyle fontFamily="Times New Roman" fontSize="13.0"/>
                </Word>
                <Word id="w_w2aab1b3b2c11b1b1c49" language="English" custom="readingOrder {index:7;}">
                    <Coords points="1770,1363 1922,1363 1922,1447 1770,1447"/>
                    <TextEquiv>
                        <Unicode>que</Unicode>
                    </TextEquiv>
                    <TextStyle fontFamily="Times New Roman" fontSize="13.0"/>
                </Word>
                <Word id="w_w2aab1b3b2c11b1b1c57" language="English" custom="readingOrder {index:8;}">
                    <Coords points="1960,1334 2030,1334 2030,1416 1960,1416"/>
                    <TextEquiv>
                        <Unicode>le</Unicode>
                    </TextEquiv>
                    <TextStyle fontFamily="Times New Roman" fontSize="13.0"/>
                </Word>
                <Word id="w_w2aab1b3b2c11b1b1c63" language="English" custom="readingOrder {index:9;}">
                    <Coords points="2068,1337 2282,1337 2282,1418 2068,1418"/>
                    <TextEquiv>
                        <Unicode>mien</Unicode>
                    </TextEquiv>
                    <TextStyle fontFamily="Times New Roman" fontSize="13.0"/>
                </Word>
                <Word id="w_w2aab1b3b2c11b1b1c73" language="English" custom="readingOrder {index:10;}">
                    <Coords points="2318,1337 2796,1337 2796,1430 2318,1430"/>
                    <TextEquiv>
                        <Unicode>s'adouciffe,</Unicode>
                    </TextEquiv>
                    <TextStyle fontFamily="Times New Roman" fontSize="13.0"/>
                </Word>
                <TextEquiv>
                    <Unicode>DOR. Va, va, ne pretens pas que le mien s'adouciſſe,</Unicode>
                </TextEquiv>
            </TextLine>
            <TextEquiv>
                <Unicode>DOR. Va, va, ne pretens pas que le mien s'adouciſſe,</Unicode>
            </TextEquiv>
        </TextRegion>
        <TextRegion type="paragraph" id="r_2_7" custom="readingOrder {index:7;}">
            <Coords points="612,1443 2551,1443 2551,1576 612,1576"/>
            <TextLine id="tl_10" primaryLanguage="English" custom="readingOrder {index:0;}">
                <Coords points="613,1444 2550,1444 2550,1575 613,1575"/>
                <Baseline points="614,1538 686,1538 892,1533 1088,1534 1248,1535 1550,1534 1606,1542 1758,1533 2078,1537 2192,1537 2550,1551"/>
                <Word id="w_w2aab1b3b2c13b1ab1" language="English" custom="readingOrder {index:0;}">
                    <Coords points="614,1450 686,1450 686,1538 614,1538"/>
                    <TextEquiv>
                        <Unicode>Il</Unicode>
                    </TextEquiv>
                    <TextStyle fontFamily="Times New Roman" fontSize="13.0"/>
                </Word>
                <Word id="w_w2aab1b3b2c13b1ab7" language="English" custom="readingOrder {index:1;}">
                    <Coords points="724,1450 892,1450 892,1535 724,1535"/>
                    <TextEquiv>
                        <Unicode>faut</Unicode>
                    </TextEquiv>
                    <TextStyle fontFamily="Times New Roman" fontSize="13.0"/>
                </Word>
                <Word id="w_w2aab1b3b2c13b1ac17" language="English" custom="readingOrder {index:2;}">
                    <Coords points="929,1480 1088,1480 1088,1567 929,1567"/>
                    <TextEquiv>
                        <Unicode>que</Unicode>
                    </TextEquiv>
                    <TextStyle fontFamily="Times New Roman" fontSize="13.0"/>
                </Word>
                <Word id="w_w2aab1b3b2c13b1ac25" language="English" custom="readingOrder {index:3;}">
                    <Coords points="1118,1481 1248,1481 1248,1535 1118,1535"/>
                    <TextEquiv>
                        <Unicode>ma</Unicode>
                    </TextEquiv>
                    <TextStyle fontFamily="Times New Roman" fontSize="13.0"/>
                </Word>
                <Word id="w_w2aab1b3b2c13b1ac31" language="English" custom="readingOrder {index:4;}">
                    <Coords points="1286,1451 1550,1451 1550,1534 1286,1534"/>
                    <TextEquiv>
                        <Unicode>fureur</Unicode>
                    </TextEquiv>
                    <TextStyle fontFamily="Times New Roman" fontSize="13.0"/>
                </Word>
                <Word id="w_w2aab1b3b2c13b1ac45" language="English" custom="readingOrder {index:5;}">
                    <Coords points="1586,1514 1606,1514 1606,1542 1586,1542"/>
                    <TextEquiv>
                        <Unicode>,</Unicode>
                    </TextEquiv>
                    <TextStyle fontFamily="Times New Roman" fontSize="13.0"/>
                </Word>
                <Word id="w_w2aab1b3b2c13b1ac49" language="English" custom="readingOrder {index:6;}">
                    <Coords points="1650,1481 1758,1481 1758,1533 1650,1533"/>
                    <TextEquiv>
                        <Unicode>ou</Unicode>
                    </TextEquiv>
                    <TextStyle fontFamily="Times New Roman" fontSize="13.0"/>
                </Word>
                <Word id="w_w2aab1b3b2c13b1ac55" language="English" custom="readingOrder {index:7;}">
                    <Coords points="1796,1450 2078,1450 2078,1539 1796,1539"/>
                    <TextEquiv>
                        <Unicode>l’Enfer</Unicode>
                    </TextEquiv>
                    <TextStyle fontFamily="Times New Roman" fontSize="13.0"/>
                </Word>
                <Word id="w_w2aab1b3b2c13b1ac71" language="English" custom="readingOrder {index:8;}">
                    <Coords points="2118,1485 2192,1485 2192,1537 2118,1537"/>
                    <TextEquiv>
                        <Unicode>te</Unicode>
                    </TextEquiv>
                    <TextStyle fontFamily="Times New Roman" fontSize="13.0"/>
                </Word>
                <Word id="w_w2aab1b3b2c13b1ac77" language="English" custom="readingOrder {index:9;}">
                    <Coords points="2225,1458 2550,1458 2550,1568 2225,1568"/>
                    <TextEquiv>
                        <Unicode>punisse.</Unicode>
                    </TextEquiv>
                    <TextStyle fontFamily="Times New Roman" fontSize="13.0"/>
                </Word>
                <TextEquiv>
                    <Unicode>Il faut que ma fureur, ou l’Enfer te puniſſe,</Unicode>
                </TextEquiv>
                <TextStyle fontFamily="Times New Roman" fontSize="13.0"/>
            </TextLine>
            <TextEquiv>
                <Unicode>Il faut que ma fureur, ou l’Enfer te puniſſe,</Unicode>
            </TextEquiv>
        </TextRegion>
        <TextRegion type="paragraph" id="r_2_8" custom="readingOrder {index:8;}">
            <Coords points="613,1565 2612,1565 2612,1824 613,1824"/>
            <TextLine id="tl_11" primaryLanguage="English" custom="readingOrder {index:0;}">
                <Coords points="615,1566 2459,1566 2459,1689 615,1689"/>
                <Baseline points="615,1658 729,1658 957,1655 1127,1654 1563,1654 1697,1659 2069,1659 2459,1665"/>
                <Word id="w_w2aab1b3b2c15b1ab1" language="English" custom="readingOrder {index:0;}">
                    <Coords points="615,1580 729,1580 729,1658 615,1658"/>
                    <TextEquiv>
                        <Unicode>Le</Unicode>
                    </TextEquiv>
                    <TextStyle fontFamily="Times New Roman" fontSize="13.0"/>
                </Word>
                <Word id="w_w2aab1b3b2c15b1ab7" language="English" custom="readingOrder {index:1;}">
                    <Coords points="763,1597 957,1597 957,1659 763,1659"/>
                    <TextEquiv>
                        <Unicode>reste</Unicode>
                    </TextEquiv>
                    <TextStyle fontFamily="Times New Roman" fontSize="13.0"/>
                </Word>
                <Word id="w_w2aab1b3b2c15b1ac19" language="English" custom="readingOrder {index:2;}">
                    <Coords points="995,1572 1127,1572 1127,1656 995,1656"/>
                    <TextEquiv>
                        <Unicode>des</Unicode>
                    </TextEquiv>
                    <TextStyle fontFamily="Times New Roman" fontSize="13.0"/>
                </Word>
                <Word id="w_w2aab1b3b2c15b1ac27" language="English" custom="readingOrder {index:3;}">
                    <Coords points="1169,1576 1563,1576 1563,1659 1169,1659"/>
                    <TextEquiv>
                        <Unicode>Humains</Unicode>
                    </TextEquiv>
                    <TextStyle fontFamily="Times New Roman" fontSize="13.0"/>
                </Word>
                <Word id="w_w2aab1b3b2c15b1ac43" language="English" custom="readingOrder {index:4;}">
                    <Coords points="1597,1604 1697,1604 1697,1659 1597,1659"/>
                    <TextEquiv>
                        <Unicode>ne</Unicode>
                    </TextEquiv>
                    <TextStyle fontFamily="Times New Roman" fontSize="13.0"/>
                </Word>
                <Word id="w_w2aab1b3b2c15b1ac49" language="English" custom="readingOrder {index:5;}">
                    <Coords points="1735,1571 2069,1571 2069,1685 1735,1685"/>
                    <TextEquiv>
                        <Unicode>fçauroit</Unicode>
                    </TextEquiv>
                    <TextStyle fontFamily="Times New Roman" fontSize="13.0"/>
                </Word>
                <Word id="w_w2aab1b3b2c15b1ac67" language="English" custom="readingOrder {index:6;}">
                    <Coords points="2103,1575 2459,1575 2459,1667 2103,1667"/>
                    <TextEquiv>
                        <Unicode>inventer</Unicode>
                    </TextEquiv>
                    <TextStyle fontFamily="Times New Roman" fontSize="13.0"/>
                </Word>
                <TextEquiv>
                    <Unicode>Le reste des Humains ne ſçauroit inventer</Unicode>
                </TextEquiv>
                <TextStyle fontFamily="Times New Roman" fontSize="13.0"/>
            </TextLine>
            <TextLine id="tl_12" primaryLanguage="English" custom="readingOrder {index:1;}">
                <Coords points="614,1688 2611,1688 2611,1823 614,1823"/>
                <Baseline points="614,1776 741,1780 1011,1780 1183,1776 1297,1781 1573,1780 1655,1781 1883,1784 2053,1785 2610,1783"/>
                <Word id="w_w2aab1b3b2c15b3ab1" language="English" custom="readingOrder {index:0;}">
                    <Coords points="614,1696 741,1696 741,1780 614,1780"/>
                    <TextEquiv>
                        <Unicode>De</Unicode>
                    </TextEquiv>
                    <TextStyle fontFamily="Times New Roman" fontSize="13.0"/>
                </Word>
                <Word id="w_w2aab1b3b2c15b3ab7" language="English" custom="readingOrder {index:1;}">
                    <Coords points="780,1697 1011,1697 1011,1815 780,1815"/>
                    <TextEquiv>
                        <Unicode>gefne</Unicode>
                    </TextEquiv>
                    <TextStyle fontFamily="Times New Roman" fontSize="13.0"/>
                </Word>
                <Word id="w_w2aab1b3b2c15b3ac19" language="English" custom="readingOrder {index:2;}">
                    <Coords points="1048,1696 1183,1696 1183,1810 1048,1810"/>
                    <TextEquiv>
                        <Unicode>qui</Unicode>
                    </TextEquiv>
                    <TextStyle fontFamily="Times New Roman" fontSize="13.0"/>
                </Word>
                <Word id="w_w2aab1b3b2c15b3ac27" language="English" custom="readingOrder {index:3;}">
                    <Coords points="1220,1723 1297,1723 1297,1781 1220,1781"/>
                    <TextEquiv>
                        <Unicode>te</Unicode>
                    </TextEquiv>
                    <TextStyle fontFamily="Times New Roman" fontSize="13.0"/>
                </Word>
                <Word id="w_w2aab1b3b2c15b3ac33" language="English" custom="readingOrder {index:4;}">
                    <Coords points="1328,1692 1573,1692 1573,1811 1328,1811"/>
                    <TextEquiv>
                        <Unicode>puisse</Unicode>
                    </TextEquiv>
                    <TextStyle fontFamily="Times New Roman" fontSize="13.0"/>
                </Word>
                <Word id="w_w2aab1b3b2c15b3ac47" language="English" custom="readingOrder {index:5;}">
                    <Coords points="1610,1692 1655,1692 1655,1781 1610,1781"/>
                    <TextEquiv>
                        <Unicode>à</Unicode>
                    </TextEquiv>
                    <TextStyle fontFamily="Times New Roman" fontSize="13.0"/>
                </Word>
                <Word id="w_w2aab1b3b2c15b3ac51" language="English" custom="readingOrder {index:6;}">
                    <Coords points="1688,1731 1883,1731 1883,1784 1688,1784"/>
                    <TextEquiv>
                        <Unicode>mon</Unicode>
                    </TextEquiv>
                    <TextStyle fontFamily="Times New Roman" fontSize="13.0"/>
                </Word>
                <Word id="w_w2aab1b3b2c15b3ac59" language="English" custom="readingOrder {index:7;}">
                    <Coords points="1916,1696 2053,1696 2053,1818 1916,1818"/>
                    <TextEquiv>
                        <Unicode>gré</Unicode>
                    </TextEquiv>
                    <TextStyle fontFamily="Times New Roman" fontSize="13.0"/>
                </Word>
                <Word id="w_w2aab1b3b2c15b3ac67" language="English" custom="readingOrder {index:8;}">
                    <Coords points="2090,1727 2610,1727 2610,1789 2090,1789"/>
                    <TextEquiv>
                        <Unicode>tourmenter.</Unicode>
                    </TextEquiv>
                    <TextStyle fontFamily="Times New Roman" fontSize="13.0"/>
                </Word>
                <TextEquiv>
                    <Unicode>De geſne qui te puiſſe à mon gré tourmenter.</Unicode>
                </TextEquiv>
                <TextStyle fontFamily="Times New Roman" fontSize="13.0"/>
            </TextLine>
            <TextEquiv>
                <Unicode>Le reste des Humains ne ſçauroit inventer
De geſne qui te puiſſe à mon gré tourmenter.</Unicode>
            </TextEquiv>
        </TextRegion>
        <TextRegion type="paragraph" id="r_2_9" custom="readingOrder {index:9;}">
            <Coords points="619,1809 2901,1809 2901,1924 619,1924"/>
            <TextLine id="tl_13" primaryLanguage="English" custom="readingOrder {index:0;}">
                <Coords points="620,1810 2900,1810 2900,1923 620,1923"/>
                <Baseline points="620,1902 694,1902 820,1897 954,1901 1244,1901 1452,1902 1706,1915 1984,1906 2114,1905 2590,1909 2900,1923"/>
                <Word id="w_w2aab1b3b2c17b1ab1" language="English" custom="readingOrder {index:0;}">
                    <Coords points="620,1822 694,1822 694,1902 620,1902"/>
                    <TextEquiv>
                        <Unicode>Si</Unicode>
                    </TextEquiv>
                    <TextStyle fontFamily="Times New Roman" fontSize="13.0"/>
                </Word>
                <Word id="w_w2aab1b3b2c17b1ab7" language="English" custom="readingOrder {index:1;}">
                    <Coords points="736,1844 820,1844 820,1902 736,1902"/>
                    <TextEquiv>
                        <Unicode>tu</Unicode>
                    </TextEquiv>
                    <TextStyle fontFamily="Times New Roman" fontSize="13.0"/>
                </Word>
                <Word id="w_w2aab1b3b2c17b1ac13" language="English" custom="readingOrder {index:2;}">
                    <Coords points="858,1849 954,1849 954,1901 858,1901"/>
                    <TextEquiv>
                        <Unicode>ne</Unicode>
                    </TextEquiv>
                    <TextStyle fontFamily="Times New Roman" fontSize="13.0"/>
                </Word>
                <Word id="w_w2aab1b3b2c17b1ac19" language="English" custom="readingOrder {index:3;}">
                    <Coords points="996,1818 1244,1818 1244,1903 996,1903"/>
                    <TextEquiv>
                        <Unicode>crains</Unicode>
                    </TextEquiv>
                    <TextStyle fontFamily="Times New Roman" fontSize="13.0"/>
                </Word>
                <Word id="w_w2aab1b3b2c17b1ac33" language="English" custom="readingOrder {index:4;}">
                    <Coords points="1282,1847 1452,1847 1452,1902 1282,1902"/>
                    <TextEquiv>
                        <Unicode>mes</Unicode>
                    </TextEquiv>
                    <TextStyle fontFamily="Times New Roman" fontSize="13.0"/>
                </Word>
                <Word id="w_w2aab1b3b2c17b1ac41" language="English" custom="readingOrder {index:5;}">
                    <Coords points="1490,1814 1706,1814 1706,1915 1490,1915"/>
                    <TextEquiv>
                        <Unicode>bras,</Unicode>
                    </TextEquiv>
                    <TextStyle fontFamily="Times New Roman" fontSize="13.0"/>
                </Word>
                <Word id="w_w2aab1b3b2c17b1ac53" language="English" custom="readingOrder {index:6;}">
                    <Coords points="1736,1824 1984,1824 1984,1906 1736,1906"/>
                    <TextEquiv>
                        <Unicode>crains</Unicode>
                    </TextEquiv>
                    <TextStyle fontFamily="Times New Roman" fontSize="13.0"/>
                </Word>
                <Word id="w_w2aab1b3b2c17b1ac67" language="English" custom="readingOrder {index:7;}">
                    <Coords points="2022,1822 2114,1822 2114,1905 2022,1905"/>
                    <TextEquiv>
                        <Unicode>de</Unicode>
                    </TextEquiv>
                    <TextStyle fontFamily="Times New Roman" fontSize="13.0"/>
                </Word>
                <Word id="w_w2aab1b3b2c17b1ac73" language="English" custom="readingOrder {index:8;}">
                    <Coords points="2152,1822 2590,1822 2590,1910 2152,1910"/>
                    <TextEquiv>
                        <Unicode>meilleures</Unicode>
                    </TextEquiv>
                    <TextStyle fontFamily="Times New Roman" fontSize="13.0"/>
                </Word>
                <Word id="w_w2aab1b3b2c17b1ac95" language="English" custom="readingOrder {index:9;}">
                    <Coords points="2628,1856 2900,1856 2900,1923 2628,1923"/>
                    <TextEquiv>
                        <Unicode>armes,</Unicode>
                    </TextEquiv>
                    <TextStyle fontFamily="Times New Roman" fontSize="13.0"/>
                </Word>
                <TextEquiv>
                    <Unicode>Si tu ne crains mes bras, crains de meilleures armes,</Unicode>
                </TextEquiv>
                <TextStyle fontFamily="Times New Roman" fontSize="13.0"/>
            </TextLine>
            <TextEquiv>
                <Unicode>Si tu ne crains mes bras, crains de meilleures armes,</Unicode>
            </TextEquiv>
        </TextRegion>
        <TextRegion type="paragraph" id="r_2_10" custom="readingOrder {index:10;}">
            <Coords points="618,1933 2863,1933 2863,2069 618,2069"/>
            <TextLine id="tl_14" primaryLanguage="English" custom="readingOrder {index:0;}">
                <Coords points="619,1934 2862,1934 2862,2068 619,2068"/>
                <Baseline points="619,2022 897,2023 1117,2022 1243,2023 1433,2024 1537,2026 1750,2027 1935,2026 2295,2066 2429,2030 2861,2052"/>
                <Word id="w_w2aab1b3b2c19b1ab1" language="English" custom="readingOrder {index:0;}">
                    <Coords points="619,1941 897,1941 897,2023 619,2023"/>
                    <TextEquiv>
                        <Unicode>Crains</Unicode>
                    </TextEquiv>
                    <TextStyle fontFamily="Times New Roman" fontSize="13.0"/>
                </Word>
                <Word id="w_w2aab1b3b2c19b1ac15" language="English" custom="readingOrder {index:1;}">
                    <Coords points="939,1969 1117,1969 1117,2024 939,2024"/>
                    <TextEquiv>
                        <Unicode>tout</Unicode>
                    </TextEquiv>
                    <TextStyle fontFamily="Times New Roman" fontSize="13.0"/>
                </Word>
                <Word id="w_w2aab1b3b2c19b1ac25" language="English" custom="readingOrder {index:2;}">
                    <Coords points="1155,1972 1243,1972 1243,2026 1155,2026"/>
                    <TextEquiv>
                        <Unicode>ce</Unicode>
                    </TextEquiv>
                    <TextStyle fontFamily="Times New Roman" fontSize="13.0"/>
                </Word>
                <Word id="w_w2aab1b3b2c19b1ac31" language="English" custom="readingOrder {index:3;}">
                    <Coords points="1277,1973 1433,1973 1433,2057 1277,2057"/>
                    <TextEquiv>
                        <Unicode>que</Unicode>
                    </TextEquiv>
                    <TextStyle fontFamily="Times New Roman" fontSize="13.0"/>
                </Word>
                <Word id="w_w2aab1b3b2c19b1ac39" language="English" custom="readingOrder {index:4;}">
                    <Coords points="1467,1940 1537,1940 1537,2026 1467,2026"/>
                    <TextEquiv>
                        <Unicode>le</Unicode>
                    </TextEquiv>
                    <TextStyle fontFamily="Times New Roman" fontSize="13.0"/>
                </Word>
                <Word id="w_w2aab1b3b2c19b1ac45" language="English" custom="readingOrder {index:5;}">
                    <Coords points="1575,1939 1750,1939 1750,2027 1575,2027"/>
                    <TextEquiv>
                        <Unicode>Ciel</Unicode>
                    </TextEquiv>
                    <TextStyle fontFamily="Times New Roman" fontSize="13.0"/>
                </Word>
                <Word id="w_w2aab1b3b2c19b1ac55" language="English" custom="readingOrder {index:6;}">
                    <Coords points="1787,1940 1935,1940 1935,2028 1787,2028"/>
                    <TextEquiv>
                        <Unicode>m'a</Unicode>
                    </TextEquiv>
                    <TextStyle fontFamily="Times New Roman" fontSize="13.0"/>
                </Word>
                <Word id="w_w2aab1b3b2c19b1ac63" language="English" custom="readingOrder {index:7;}">
                    <Coords points="1973,1944 2295,1944 2295,2066 1973,2066"/>
                    <TextEquiv>
                        <Unicode>dcparty</Unicode>
                    </TextEquiv>
                    <TextStyle fontFamily="Times New Roman" fontSize="13.0"/>
                </Word>
                <Word id="w_w2aab1b3b2c19b1ac79" language="English" custom="readingOrder {index:8;}">
                    <Coords points="2333,1948 2429,1948 2429,2030 2333,2030"/>
                    <TextEquiv>
                        <Unicode>de</Unicode>
                    </TextEquiv>
                    <TextStyle fontFamily="Times New Roman" fontSize="13.0"/>
                </Word>
                <Word id="w_w2aab1b3b2c19b1ac85" language="English" custom="readingOrder {index:9;}">
                    <Coords points="2467,1947 2861,1947 2861,2052 2467,2052"/>
                    <TextEquiv>
                        <Unicode>charmes;</Unicode>
                    </TextEquiv>
                    <TextStyle fontFamily="Times New Roman" fontSize="13.0"/>
                </Word>
                <TextEquiv>
                    <Unicode>Crains tout ce que le Ciel m'a departy de charmes;</Unicode>
                </TextEquiv>
                <TextStyle fontFamily="Times New Roman" fontSize="13.0"/>
            </TextLine>
            <TextEquiv>
                <Unicode>Crains tout ce que le Ciel m'a departy de charmes;</Unicode>
            </TextEquiv>
        </TextRegion>
        <TextRegion type="paragraph" id="r_2_11" custom="readingOrder {index:11;}">
            <Coords points="613,2057 2950,2057 2950,2312 613,2312"/>
            <TextLine id="tl_15" primaryLanguage="English" custom="readingOrder {index:0;}">
                <Coords points="614,2058 2949,2058 2949,2189 614,2189"/>
                <Baseline points="615,2144 741,2144 963,2143 1257,2145 1395,2143 1593,2144 1857,2148 1915,2156 2013,2148 2235,2153 2499,2153 2607,2153 2949,2169"/>
                <Word id="w_w2aab1b3b2c21b1ab1" language="English" custom="readingOrder {index:0;}">
                    <Coords points="615,2064 741,2064 741,2144 615,2144"/>
                    <TextEquiv>
                        <Unicode>Tu</Unicode>
                    </TextEquiv>
                    <TextStyle fontFamily="Times New Roman" fontSize="13.0"/>
                </Word>
                <Word id="w_w2aab1b3b2c21b1ab7" language="English" custom="readingOrder {index:1;}">
                    <Coords points="777,2060 963,2060 963,2179 777,2179"/>
                    <TextEquiv>
                        <Unicode>fçais</Unicode>
                    </TextEquiv>
                    <TextStyle fontFamily="Times New Roman" fontSize="13.0"/>
                </Word>
                <Word id="w_w2aab1b3b2c21b1ac19" language="English" custom="readingOrder {index:2;}">
                    <Coords points="1000,2060 1257,2060 1257,2178 1000,2178"/>
                    <TextEquiv>
                        <Unicode>quelle</Unicode>
                    </TextEquiv>
                    <TextStyle fontFamily="Times New Roman" fontSize="13.0"/>
                </Word>
                <Word id="w_w2aab1b3b2c21b1ac33" language="English" custom="readingOrder {index:3;}">
                    <Coords points="1291,2061 1395,2061 1395,2143 1291,2143"/>
                    <TextEquiv>
                        <Unicode>cft</Unicode>
                    </TextEquiv>
                    <TextStyle fontFamily="Times New Roman" fontSize="13.0"/>
                </Word>
                <Word id="w_w2aab1b3b2c21b1ac41" language="English" custom="readingOrder {index:4;}">
                    <Coords points="1429,2062 1593,2062 1593,2144 1429,2144"/>
                    <TextEquiv>
                        <Unicode>leur</Unicode>
                    </TextEquiv>
                    <TextStyle fontFamily="Times New Roman" fontSize="13.0"/>
                </Word>
                <Word id="w_w2aab1b3b2c21b1ac51" language="English" custom="readingOrder {index:5;}">
                    <Coords points="1637,2065 1857,2065 1857,2148 1637,2148"/>
                    <TextEquiv>
                        <Unicode>force</Unicode>
                    </TextEquiv>
                    <TextStyle fontFamily="Times New Roman" fontSize="13.0"/>
                </Word>
                <Word id="w_w2aab1b3b2c21b1ac63" language="English" custom="readingOrder {index:6;}">
                    <Coords points="1893,2068 1915,2068 1915,2156 1893,2156"/>
                    <TextEquiv>
                        <Unicode>,</Unicode>
                    </TextEquiv>
                    <TextStyle fontFamily="Times New Roman" fontSize="13.0"/>
                </Word>
                <Word id="w_w2aab1b3b2c21b1b1b1" language="English" custom="readingOrder {index:7;}">
                    <Coords points="1961,2068 2049,2068 2049,2148 1961,2148"/>
                    <TextEquiv>
                        <Unicode>ôc</Unicode>
                    </TextEquiv>
                    <TextStyle fontFamily="Times New Roman" fontSize="14.0" italic="true"/>
                </Word>
                <Word id="w_w2aab1b3b2c21b1b2b3" language="English" custom="readingOrder {index:8;}">
                    <Coords points="2091,2095 2235,2095 2235,2153 2091,2153"/>
                    <TextEquiv>
                        <Unicode>ton</Unicode>
                    </TextEquiv>
                    <TextStyle fontFamily="Times New Roman" fontSize="13.0"/>
                </Word>
                <Word id="w_w2aab1b3b2c21b1b2c11" language="English" custom="readingOrder {index:9;}">
                    <Coords points="2273,2094 2499,2094 2499,2153 2273,2153"/>
                    <TextEquiv>
                        <Unicode>cüeur</Unicode>
                    </TextEquiv>
                    <TextStyle fontFamily="Times New Roman" fontSize="13.0"/>
                </Word>
                <Word id="w_w2aab1b3b2c21b1b2c23" language="English" custom="readingOrder {index:10;}">
                    <Coords points="2537,2069 2607,2069 2607,2153 2537,2153"/>
                    <TextEquiv>
                        <Unicode>la</Unicode>
                    </TextEquiv>
                    <TextStyle fontFamily="Times New Roman" fontSize="13.0"/>
                </Word>
                <Word id="w_w2aab1b3b2c21b1b2c29" language="English" custom="readingOrder {index:11;}">
                    <Coords points="2645,2074 2949,2074 2949,2169 2645,2169"/>
                    <TextEquiv>
                        <Unicode>ressent.</Unicode>
                    </TextEquiv>
                    <TextStyle fontFamily="Times New Roman" fontSize="13.0"/>
                </Word>
                <TextEquiv>
                    <Unicode>Tu ſçais quelle eſt leur force, &amp; ton cœur la reſſent.</Unicode>
                </TextEquiv>
            </TextLine>
            <TextLine id="tl_16" primaryLanguage="English" custom="readingOrder {index:1;}">
                <Coords points="614,2178 2922,2178 2922,2311 614,2311"/>
                <Baseline points="614,2264 892,2265 1208,2269 1338,2269 1772,2269 1918,2268 2312,2274 2524,2273 2922,2273"/>
                <Word id="w_w2aab1b3b2c21b3ab1" language="English" custom="readingOrder {index:0;}">
                    <Coords points="614,2185 892,2185 892,2269 614,2269"/>
                    <TextEquiv>
                        <Unicode>Crains</Unicode>
                    </TextEquiv>
                    <TextStyle fontFamily="Times New Roman" fontSize="13.0"/>
                </Word>
                <Word id="w_w2aab1b3b2c21b3ac15" language="English" custom="readingOrder {index:1;}">
                    <Coords points="930,2182 1208,2182 1208,2299 930,2299"/>
                    <TextEquiv>
                        <Unicode>quelle</Unicode>
                    </TextEquiv>
                    <TextStyle fontFamily="Times New Roman" fontSize="13.0"/>
                </Word>
                <Word id="w_w2aab1b3b2c21b3ac29" language="English" custom="readingOrder {index:2;}">
                    <Coords points="1242,2217 1338,2217 1338,2269 1242,2269"/>
                    <TextEquiv>
                        <Unicode>ne</Unicode>
                    </TextEquiv>
                    <TextStyle fontFamily="Times New Roman" fontSize="13.0"/>
                </Word>
                <Word id="w_w2aab1b3b2c21b3ac35" language="English" custom="readingOrder {index:3;}">
                    <Coords points="1376,2182 1772,2182 1772,2269 1376,2269"/>
                    <TextEquiv>
                        <Unicode>m’affeure</Unicode>
                    </TextEquiv>
                    <TextStyle fontFamily="Times New Roman" fontSize="13.0"/>
                </Word>
                <Word id="w_w2aab1b3b2c21b3ac55" language="English" custom="readingOrder {index:4;}">
                    <Coords points="1812,2215 1918,2215 1918,2268 1812,2268"/>
                    <TextEquiv>
                        <Unicode>un</Unicode>
                    </TextEquiv>
                    <TextStyle fontFamily="Times New Roman" fontSize="13.0"/>
                </Word>
                <Word id="w_w2aab1b3b2c21b3ac61" language="English" custom="readingOrder {index:5;}">
                    <Coords points="1960,2219 2312,2219 2312,2307 1960,2307"/>
                    <TextEquiv>
                        <Unicode>vangeur</Unicode>
                    </TextEquiv>
                    <TextStyle fontFamily="Times New Roman" fontSize="13.0"/>
                </Word>
                <Word id="w_w2aab1b3b2c21b3ac77" language="English" custom="readingOrder {index:6;}">
                    <Coords points="2350,2190 2524,2190 2524,2304 2350,2304"/>
                    <TextEquiv>
                        <Unicode>plus</Unicode>
                    </TextEquiv>
                    <TextStyle fontFamily="Times New Roman" fontSize="13.0"/>
                </Word>
                <Word id="w_w2aab1b3b2c21b3ac87" language="English" custom="readingOrder {index:7;}">
                    <Coords points="2558,2194 2922,2194 2922,2307 2558,2307"/>
                    <TextEquiv>
                        <Unicode>puissant.</Unicode>
                    </TextEquiv>
                    <TextStyle fontFamily="Times New Roman" fontSize="13.0"/>
                </Word>
                <TextEquiv>
                    <Unicode>Crains quelle ne m’aſſeure un vangeur plus puiſſant.</Unicode>
                </TextEquiv>
                <TextStyle fontFamily="Times New Roman" fontSize="13.0"/>
            </TextLine>
            <TextEquiv>
                <Unicode>Tu ſçais quelle eſt leur force, &amp; ton cœur la reſſent.
Crains quelle ne m’aſſeure un vangeur plus puiſſant.</Unicode>
            </TextEquiv>
        </TextRegion>
        <TextRegion type="paragraph" id="r_2_12" custom="readingOrder {index:12;}">
            <Coords points="614,2299 2529,2299 2529,2554 614,2554"/>
            <TextLine id="tl_17" primaryLanguage="English" custom="readingOrder {index:0;}">
                <Coords points="619,2300 2528,2300 2528,2431 619,2431"/>
                <Baseline points="619,2390 738,2390 1124,2390 1364,2391 1482,2390 1616,2390 1746,2391 1944,2390 2054,2395 2528,2395"/>
                <Word id="w_w2aab1b3b2c23b1ab1" language="English" custom="readingOrder {index:0;}">
                    <Coords points="619,2312 738,2312 738,2390 619,2390"/>
                    <TextEquiv>
                        <Unicode>Ce</Unicode>
                    </TextEquiv>
                    <TextStyle fontFamily="Times New Roman" fontSize="13.0"/>
                </Word>
                <Word id="w_w2aab1b3b2c23b1ab7" language="English" custom="readingOrder {index:1;}">
                    <Coords points="765,2333 1124,2333 1124,2391 765,2391"/>
                    <TextEquiv>
                        <Unicode>couroux</Unicode>
                    </TextEquiv>
                    <TextStyle fontFamily="Times New Roman" fontSize="13.0"/>
                </Word>
                <Word id="w_w2aab1b3b2c23b1ac23" language="English" custom="readingOrder {index:2;}">
                    <Coords points="1161,2306 1364,2306 1364,2391 1161,2391"/>
                    <TextEquiv>
                        <Unicode>dont</Unicode>
                    </TextEquiv>
                    <TextStyle fontFamily="Times New Roman" fontSize="13.0"/>
                </Word>
                <Word id="w_w2aab1b3b2c23b1ac33" language="English" custom="readingOrder {index:3;}">
                    <Coords points="1397,2333 1482,2333 1482,2390 1397,2390"/>
                    <TextEquiv>
                        <Unicode>tu</Unicode>
                    </TextEquiv>
                    <TextStyle fontFamily="Times New Roman" fontSize="13.0"/>
                </Word>
                <Word id="w_w2aab1b3b2c23b1ac39" language="English" custom="readingOrder {index:4;}">
                    <Coords points="1519,2306 1616,2306 1616,2390 1519,2390"/>
                    <TextEquiv>
                        <Unicode>ris</Unicode>
                    </TextEquiv>
                    <TextStyle fontFamily="Times New Roman" fontSize="13.0"/>
                </Word>
                <Word id="w_w2aab1b3b2c23b1ac47" language="English" custom="readingOrder {index:5;}">
                    <Coords points="1653,2337 1746,2337 1746,2391 1653,2391"/>
                    <TextEquiv>
                        <Unicode>en</Unicode>
                    </TextEquiv>
                    <TextStyle fontFamily="Times New Roman" fontSize="13.0"/>
                </Word>
                <Word id="w_w2aab1b3b2c23b1ac53" language="English" custom="readingOrder {index:6;}">
                    <Coords points="1783,2305 1944,2305 1944,2392 1783,2392"/>
                    <TextEquiv>
                        <Unicode>fera</Unicode>
                    </TextEquiv>
                    <TextStyle fontFamily="Times New Roman" fontSize="13.0"/>
                </Word>
                <Word id="w_w2aab1b3b2c23b1ac63" language="English" custom="readingOrder {index:7;}">
                    <Coords points="1981,2306 2054,2306 2054,2395 1981,2395"/>
                    <TextEquiv>
                        <Unicode>la</Unicode>
                    </TextEquiv>
                    <TextStyle fontFamily="Times New Roman" fontSize="13.0"/>
                </Word>
                <Word id="w_w2aab1b3b2c23b1ac69" language="English" custom="readingOrder {index:8;}">
                    <Coords points="2099,2312 2528,2312 2528,2430 2099,2430"/>
                    <TextEquiv>
                        <Unicode>conquisse</Unicode>
                    </TextEquiv>
                    <TextStyle fontFamily="Times New Roman" fontSize="13.0"/>
                </Word>
                <TextEquiv>
                    <Unicode>Ce couroux dont tu ris en fera la conqueſte</Unicode>
                </TextEquiv>
                <TextStyle fontFamily="Times New Roman" fontSize="13.0"/>
            </TextLine>
            <TextLine id="tl_18" primaryLanguage="English" custom="readingOrder {index:1;}">
                <Coords points="615,2420 2511,2420 2511,2553 615,2553"/>
                <Baseline points="615,2512 743,2512 1235,2515 1309,2511 1477,2512 1741,2515 2143,2515 2255,2520 2511,2529"/>
                <Word id="w_w2aab1b3b2c23b3ab1" language="English" custom="readingOrder {index:0;}">
                    <Coords points="615,2428 743,2428 743,2512 615,2512"/>
                    <TextEquiv>
                        <Unicode>De</Unicode>
                    </TextEquiv>
                    <TextStyle fontFamily="Times New Roman" fontSize="13.0"/>
                </Word>
                <Word id="w_w2aab1b3b2c23b3ab7" language="English" custom="readingOrder {index:1;}">
                    <Coords points="775,2429 1235,2429 1235,2546 775,2546"/>
                    <TextEquiv>
                        <Unicode>quiconque</Unicode>
                    </TextEquiv>
                    <TextStyle fontFamily="Times New Roman" fontSize="13.0"/>
                </Word>
                <Word id="w_w2aab1b3b2c23b3ac27" language="English" custom="readingOrder {index:2;}">
                    <Coords points="1269,2423 1309,2423 1309,2511 1269,2511"/>
                    <TextEquiv>
                        <Unicode>à</Unicode>
                    </TextEquiv>
                    <TextStyle fontFamily="Times New Roman" fontSize="13.0"/>
                </Word>
                <Word id="w_w2aab1b3b2c23b3ac31" language="English" custom="readingOrder {index:3;}">
                    <Coords points="1347,2461 1477,2461 1477,2512 1347,2512"/>
                    <TextEquiv>
                        <Unicode>ma</Unicode>
                    </TextEquiv>
                    <TextStyle fontFamily="Times New Roman" fontSize="13.0"/>
                </Word>
                <Word id="w_w2aab1b3b2c23b3ac37" language="English" custom="readingOrder {index:4;}">
                    <Coords points="1507,2424 1741,2424 1741,2515 1507,2515"/>
                    <TextEquiv>
                        <Unicode>haine</Unicode>
                    </TextEquiv>
                    <TextStyle fontFamily="Times New Roman" fontSize="13.0"/>
                </Word>
                <Word id="w_w2aab1b3b2c23b3ac49" language="English" custom="readingOrder {index:5;}">
                    <Coords points="1775,2432 2143,2432 2143,2546 1775,2546"/>
                    <TextEquiv>
                        <Unicode>exposera</Unicode>
                    </TextEquiv>
                    <TextStyle fontFamily="Times New Roman" fontSize="13.0"/>
                </Word>
                <Word id="w_w2aab1b3b2c23b3ac67" language="English" custom="readingOrder {index:6;}">
                    <Coords points="2181,2463 2255,2463 2255,2520 2181,2520"/>
                    <TextEquiv>
                        <Unicode>ta</Unicode>
                    </TextEquiv>
                    <TextStyle fontFamily="Times New Roman" fontSize="13.0"/>
                </Word>
                <Word id="w_w2aab1b3b2c23b3ac73" language="English" custom="readingOrder {index:7;}">
                    <Coords points="2299,2432 2511,2432 2511,2529 2299,2529"/>
                    <TextEquiv>
                        <Unicode>telle,</Unicode>
                    </TextEquiv>
                    <TextStyle fontFamily="Times New Roman" fontSize="13.0"/>
                </Word>
                <TextEquiv>
                    <Unicode>De quiconque à ma haine expoſera ta teſte,</Unicode>
                </TextEquiv>
                <TextStyle fontFamily="Times New Roman" fontSize="13.0"/>
            </TextLine>
            <TextEquiv>
                <Unicode>Ce couroux dont tu ris en fera la conqueſte
De quiconque à ma haine expoſera ta teſte,</Unicode>
            </TextEquiv>
        </TextRegion>
        <TextRegion type="paragraph" id="r_2_13" custom="readingOrder {index:13;}">
            <Coords points="613,2547 2872,2547 2872,2678 613,2678"/>
            <TextLine id="tl_19" primaryLanguage="English" custom="readingOrder {index:0;}">
                <Coords points="614,2548 2871,2548 2871,2677 614,2677"/>
                <Baseline points="614,2632 739,2632 1235,2633 1547,2636 1721,2637 2209,2641 2335,2642 2569,2641 2870,2643"/>
                <Word id="w_w2aab1b3b2c25b1ab1" language="English" custom="readingOrder {index:0;}">
                    <Coords points="614,2550 739,2550 739,2632 614,2632"/>
                    <TextEquiv>
                        <Unicode>De</Unicode>
                    </TextEquiv>
                    <TextStyle fontFamily="Times New Roman" fontSize="13.0"/>
                </Word>
                <Word id="w_w2aab1b3b2c25b1ab7" language="English" custom="readingOrder {index:1;}">
                    <Coords points="776,2553 1235,2553 1235,2668 776,2668"/>
                    <TextEquiv>
                        <Unicode>quiconque</Unicode>
                    </TextEquiv>
                    <TextStyle fontFamily="Times New Roman" fontSize="13.0"/>
                </Word>
                <Word id="w_w2aab1b3b2c25b1ac27" language="English" custom="readingOrder {index:2;}">
                    <Coords points="1264,2579 1547,2579 1547,2637 1264,2637"/>
                    <TextEquiv>
                        <Unicode>mettra</Unicode>
                    </TextEquiv>
                    <TextStyle fontFamily="Times New Roman" fontSize="13.0"/>
                </Word>
                <Word id="w_w2aab1b3b2c25b1ac41" language="English" custom="readingOrder {index:3;}">
                    <Coords points="1588,2582 1721,2582 1721,2637 1588,2637"/>
                    <TextEquiv>
                        <Unicode>ma</Unicode>
                    </TextEquiv>
                    <TextStyle fontFamily="Times New Roman" fontSize="13.0"/>
                </Word>
                <Word id="w_w2aab1b3b2c25b1ac47" language="English" custom="readingOrder {index:4;}">
                    <Coords points="1754,2583 2209,2583 2209,2672 1754,2672"/>
                    <TextEquiv>
                        <Unicode>vangcance</Unicode>
                    </TextEquiv>
                    <TextStyle fontFamily="Times New Roman" fontSize="13.0"/>
                </Word>
                <Word id="w_w2aab1b3b2c25b1ac67" language="English" custom="readingOrder {index:5;}">
                    <Coords points="2238,2583 2335,2583 2335,2642 2238,2642"/>
                    <TextEquiv>
                        <Unicode>en</Unicode>
                    </TextEquiv>
                    <TextStyle fontFamily="Times New Roman" fontSize="13.0"/>
                </Word>
                <Word id="w_w2aab1b3b2c25b1ac73" language="English" custom="readingOrder {index:6;}">
                    <Coords points="2370,2588 2569,2588 2569,2643 2370,2643"/>
                    <TextEquiv>
                        <Unicode>mon</Unicode>
                    </TextEquiv>
                    <TextStyle fontFamily="Times New Roman" fontSize="13.0"/>
                </Word>
                <Word id="w_w2aab1b3b2c25b1ac81" language="English" custom="readingOrder {index:7;}">
                    <Coords points="2608,2557 2870,2557 2870,2643 2608,2643"/>
                    <TextEquiv>
                        <Unicode>choix.</Unicode>
                    </TextEquiv>
                    <TextStyle fontFamily="Times New Roman" fontSize="13.0"/>
                </Word>
                <TextEquiv>
                    <Unicode>De quiconque mettra ma vangeance en mon choix.</Unicode>
                </TextEquiv>
                <TextStyle fontFamily="Times New Roman" fontSize="13.0"/>
            </TextLine>
            <TextEquiv>
                <Unicode>De quiconque mettra ma vangeance en mon choix.</Unicode>
            </TextEquiv>
        </TextRegion>
        <TextRegion type="paragraph" id="r_2_14" custom="readingOrder {index:14;}">
            <Coords points="619,2667 2721,2667 2721,2797 619,2797"/>
            <TextLine id="tl_20" primaryLanguage="English" custom="readingOrder {index:0;}">
                <Coords points="620,2668 2720,2668 2720,2796 620,2796"/>
                <Baseline points="620,2754 872,2755 928,2767 992,2784 1118,2754 1378,2757 1486,2758 1772,2757 1858,2758 2082,2763 2308,2762 2476,2763 2720,2776"/>
                <Word id="w_w2aab1b3b2c27b1ab1" language="English" custom="readingOrder {index:0;}">
                    <Coords points="620,2670 872,2670 872,2757 620,2757"/>
                    <TextEquiv>
                        <Unicode>Adieu</Unicode>
                    </TextEquiv>
                    <TextStyle fontFamily="Times New Roman" fontSize="13.0"/>
                </Word>
                <Word id="w_w2aab1b3b2c27b1ac13" language="English" custom="readingOrder {index:1;}">
                    <Coords points="904,2735 928,2735 928,2767 904,2767"/>
                    <TextEquiv>
                        <Unicode>,</Unicode>
                    </TextEquiv>
                    <TextStyle fontFamily="Times New Roman" fontSize="13.0"/>
                </Word>
                <Word id="w_w2aab1b3b2c27b1ac17" language="English" custom="readingOrder {index:2;}">
                    <Coords points="974,2701 992,2701 992,2784 974,2784"/>
                    <TextEquiv>
                        <Unicode>;</Unicode>
                    </TextEquiv>
                    <TextStyle fontFamily="Times New Roman" fontSize="13.0"/>
                </Word>
                <Word id="w_w2aab1b3b2c27b1ac21" language="English" custom="readingOrder {index:3;}">
                    <Coords points="1022,2706 1118,2706 1118,2758 1022,2758"/>
                    <TextEquiv>
                        <Unicode>en</Unicode>
                    </TextEquiv>
                    <TextStyle fontFamily="Times New Roman" fontSize="13.0"/>
                </Word>
                <Word id="w_w2aab1b3b2c27b1ac27" language="English" custom="readingOrder {index:4;}">
                    <Coords points="1156,2675 1378,2675 1378,2789 1156,2789"/>
                    <TextEquiv>
                        <Unicode>perds</Unicode>
                    </TextEquiv>
                    <TextStyle fontFamily="Times New Roman" fontSize="13.0"/>
                </Word>
                <Word id="w_w2aab1b3b2c27b1ac39" language="English" custom="readingOrder {index:5;}">
                    <Coords points="1416,2672 1486,2672 1486,2758 1416,2758"/>
                    <TextEquiv>
                        <Unicode>le</Unicode>
                    </TextEquiv>
                    <TextStyle fontFamily="Times New Roman" fontSize="13.0"/>
                </Word>
                <Word id="w_w2aab1b3b2c27b1ac45" language="English" custom="readingOrder {index:6;}">
                    <Coords points="1520,2704 1772,2704 1772,2789 1520,2789"/>
                    <TextEquiv>
                        <Unicode>temps</Unicode>
                    </TextEquiv>
                    <TextStyle fontFamily="Times New Roman" fontSize="13.0"/>
                </Word>
                <Word id="w_w2aab1b3b2c27b1ac57" language="English" custom="readingOrder {index:7;}">
                    <Coords points="1814,2673 1858,2673 1858,2758 1814,2758"/>
                    <TextEquiv>
                        <Unicode>à</Unicode>
                    </TextEquiv>
                    <TextStyle fontFamily="Times New Roman" fontSize="13.0"/>
                </Word>
                <Word id="w_w2aab1b3b2c27b1ac61" language="English" custom="readingOrder {index:8;}">
                    <Coords points="1892,2680 2082,2680 2082,2763 1892,2763"/>
                    <TextEquiv>
                        <Unicode>crier</Unicode>
                    </TextEquiv>
                    <TextStyle fontFamily="Times New Roman" fontSize="13.0"/>
                </Word>
                <Word id="w_w2aab1b3b2c27b1ac73" language="English" custom="readingOrder {index:9;}">
                    <Coords points="2118,2679 2308,2679 2308,2765 2118,2765"/>
                    <TextEquiv>
                        <Unicode>dans</Unicode>
                    </TextEquiv>
                    <TextStyle fontFamily="Times New Roman" fontSize="13.0"/>
                </Word>
                <Word id="w_w2aab1b3b2c27b1ac83" language="English" custom="readingOrder {index:10;}">
                    <Coords points="2350,2710 2476,2710 2476,2766 2350,2766"/>
                    <TextEquiv>
                        <Unicode>ces</Unicode>
                    </TextEquiv>
                    <TextStyle fontFamily="Times New Roman" fontSize="13.0"/>
                </Word>
                <Word id="w_w2aab1b3b2c27b1ac91" language="English" custom="readingOrder {index:11;}">
                    <Coords points="2514,2679 2720,2679 2720,2776 2514,2776"/>
                    <TextEquiv>
                        <Unicode>bois,</Unicode>
                    </TextEquiv>
                    <TextStyle fontFamily="Times New Roman" fontSize="13.0"/>
                </Word>
                <TextEquiv>
                    <Unicode>Adieu, j'en perds le temps à crier dans ces bois,</Unicode>
                </TextEquiv>
                <TextStyle fontFamily="Times New Roman" fontSize="13.0"/>
            </TextLine>
            <TextEquiv>
                <Unicode>Adieu, j'en perds le temps à crier dans ces bois,</Unicode>
            </TextEquiv>
        </TextRegion>
        <TextRegion type="paragraph" id="r_2_15" custom="readingOrder {index:15;}">
            <Coords points="614,2789 2751,2789 2751,2923 614,2923"/>
            <TextLine id="tl_21" primaryLanguage="English" custom="readingOrder {index:0;}">
                <Coords points="615,2790 2750,2790 2750,2922 615,2922"/>
                <Baseline points="615,2874 823,2875 945,2875 1239,2875 1656,2879 1742,2879 1845,2880 2081,2883 2455,2887 2749,2896"/>
                <Word id="w_w2aab1b3b2c29b1ab1" language="English" custom="readingOrder {index:0;}">
                    <Coords points="615,2796 823,2796 823,2875 615,2875"/>
                    <TextEquiv>
                        <Unicode>Mais</Unicode>
                    </TextEquiv>
                    <TextStyle fontFamily="Times New Roman" fontSize="13.0"/>
                </Word>
                <Word id="w_w2aab1b3b2c29b1ac11" language="English" custom="readingOrder {index:1;}">
                    <Coords points="857,2821 945,2821 945,2879 857,2879"/>
                    <TextEquiv>
                        <Unicode>tu</Unicode>
                    </TextEquiv>
                    <TextStyle fontFamily="Times New Roman" fontSize="13.0"/>
                </Word>
                <Word id="w_w2aab1b3b2c29b1ac17" language="English" custom="readingOrder {index:2;}">
                    <Coords points="979,2822 1239,2822 1239,2880 979,2880"/>
                    <TextEquiv>
                        <Unicode>verras</Unicode>
                    </TextEquiv>
                    <TextStyle fontFamily="Times New Roman" fontSize="13.0"/>
                </Word>
                <Word id="w_w2aab1b3b2c29b1ac31" language="English" custom="readingOrder {index:3;}">
                    <Coords points="1273,2795 1656,2795 1656,2880 1273,2880"/>
                    <TextEquiv>
                        <Unicode>bicn-toft</Unicode>
                    </TextEquiv>
                    <TextStyle fontFamily="Times New Roman" fontSize="13.0"/>
                </Word>
                <Word id="w_w2aab1b3b2c29b1ac51" language="English" custom="readingOrder {index:4;}">
                    <Coords points="1693,2795 1742,2795 1742,2879 1693,2879"/>
                    <TextEquiv>
                        <Unicode>li</Unicode>
                    </TextEquiv>
                    <TextStyle fontFamily="Times New Roman" fontSize="13.0"/>
                </Word>
                <Word id="w_w2aab1b3b2c29b1ac57" language="English" custom="readingOrder {index:5;}">
                    <Coords points="1775,2805 1845,2805 1845,2909 1775,2909"/>
                    <TextEquiv>
                        <Unicode>je</Unicode>
                    </TextEquiv>
                    <TextStyle fontFamily="Times New Roman" fontSize="13.0"/>
                </Word>
                <Word id="w_w2aab1b3b2c29b1ac63" language="English" custom="readingOrder {index:6;}">
                    <Coords points="1879,2830 2081,2830 2081,2884 1879,2884"/>
                    <TextEquiv>
                        <Unicode>vaux</Unicode>
                    </TextEquiv>
                    <TextStyle fontFamily="Times New Roman" fontSize="13.0"/>
                </Word>
                <Word id="w_w2aab1b3b2c29b1ac73" language="English" custom="readingOrder {index:7;}">
                    <Coords points="2113,2800 2455,2800 2455,2919 2113,2919"/>
                    <TextEquiv>
                        <Unicode>quelque</Unicode>
                    </TextEquiv>
                    <TextStyle fontFamily="Times New Roman" fontSize="13.0"/>
                </Word>
                <Word id="w_w2aab1b3b2c29b1ac89" language="English" custom="readingOrder {index:8;}">
                    <Coords points="2489,2801 2749,2801 2749,2896 2489,2896"/>
                    <TextEquiv>
                        <Unicode>chofe,</Unicode>
                    </TextEquiv>
                    <TextStyle fontFamily="Times New Roman" fontSize="13.0"/>
                </Word>
                <TextEquiv>
                    <Unicode>Mais tu verras bien-toſt ſi je vaux quelque choſe,</Unicode>
                </TextEquiv>
                <TextStyle fontFamily="Times New Roman" fontSize="13.0"/>
            </TextLine>
            <TextEquiv>
                <Unicode>Mais tu verras bien-toſt ſi je vaux quelque choſe,</Unicode>
            </TextEquiv>
        </TextRegion>
        <TextRegion type="paragraph" id="r_2_16" custom="readingOrder {index:16;}">
            <Coords points="617,2911 2642,2911 2642,3046 617,3046"/>
            <TextLine id="tl_22" primaryLanguage="English" custom="readingOrder {index:0;}">
                <Coords points="618,2912 2641,2912 2641,3045 618,3045"/>
                <Baseline points="619,3000 717,3000 803,2997 971,3001 1191,3000 1325,3001 1547,3000 1659,3005 2009,3004 2131,3009 2451,3009 2641,3003"/>
                <Word id="w_w2aab1b3b2c31b1ab1" language="English" custom="readingOrder {index:0;}">
                    <Coords points="619,2922 717,2922 717,3000 619,3000"/>
                    <TextEquiv>
                        <Unicode>Et</Unicode>
                    </TextEquiv>
                    <TextStyle fontFamily="Times New Roman" fontSize="13.0"/>
                </Word>
                <Word id="w_w2aab1b3b2c31b1ab7" language="English" custom="readingOrder {index:1;}">
                    <Coords points="751,2912 803,2912 803,2997 751,2997"/>
                    <TextEquiv>
                        <Unicode>fi</Unicode>
                    </TextEquiv>
                    <TextStyle fontFamily="Times New Roman" fontSize="13.0"/>
                </Word>
                <Word id="w_w2aab1b3b2c31b1ac13" language="English" custom="readingOrder {index:2;}">
                    <Coords points="845,2947 971,2947 971,3001 845,3001"/>
                    <TextEquiv>
                        <Unicode>ma</Unicode>
                    </TextEquiv>
                    <TextStyle fontFamily="Times New Roman" fontSize="13.0"/>
                </Word>
                <Word id="w_w2aab1b3b2c31b1ac19" language="English" custom="readingOrder {index:3;}">
                    <Coords points="1005,2948 1191,2948 1191,3034 1005,3034"/>
                    <TextEquiv>
                        <Unicode>rage</Unicode>
                    </TextEquiv>
                    <TextStyle fontFamily="Times New Roman" fontSize="13.0"/>
                </Word>
                <Word id="w_w2aab1b3b2c31b1ac29" language="English" custom="readingOrder {index:4;}">
                    <Coords points="1231,2947 1325,2947 1325,3001 1231,3001"/>
                    <TextEquiv>
                        <Unicode>en</Unicode>
                    </TextEquiv>
                    <TextStyle fontFamily="Times New Roman" fontSize="13.0"/>
                </Word>
                <Word id="w_w2aab1b3b2c31b1ac35" language="English" custom="readingOrder {index:5;}">
                    <Coords points="1367,2922 1547,2922 1547,3006 1367,3006"/>
                    <TextEquiv>
                        <Unicode>vain</Unicode>
                    </TextEquiv>
                    <TextStyle fontFamily="Times New Roman" fontSize="13.0"/>
                </Word>
                <Word id="w_w2aab1b3b2c31b1ac45" language="English" custom="readingOrder {index:6;}">
                    <Coords points="1585,2920 1659,2920 1659,3005 1585,3005"/>
                    <TextEquiv>
                        <Unicode>fe</Unicode>
                    </TextEquiv>
                    <TextStyle fontFamily="Times New Roman" fontSize="13.0"/>
                </Word>
                <Word id="w_w2aab1b3b2c31b1ac51" language="English" custom="readingOrder {index:7;}">
                    <Coords points="1696,2950 2009,2950 2009,3035 1696,3035"/>
                    <TextEquiv>
                        <Unicode>promet</Unicode>
                    </TextEquiv>
                    <TextStyle fontFamily="Times New Roman" fontSize="13.0"/>
                </Word>
                <Word id="w_w2aab1b3b2c31b1ac65" language="English" custom="readingOrder {index:8;}">
                    <Coords points="2043,2957 2131,2957 2131,3009 2043,3009"/>
                    <TextEquiv>
                        <Unicode>ce</Unicode>
                    </TextEquiv>
                    <TextStyle fontFamily="Times New Roman" fontSize="13.0"/>
                </Word>
                <Word id="w_w2aab1b3b2c31b1ac71" language="English" custom="readingOrder {index:9;}">
                    <Coords points="2168,2922 2451,2922 2451,3043 2168,3043"/>
                    <TextEquiv>
                        <Unicode>qu’elle</Unicode>
                    </TextEquiv>
                    <TextStyle fontFamily="Times New Roman" fontSize="13.0"/>
                </Word>
                <Word id="w_w2aab1b3b2c31b1ac87" language="English" custom="readingOrder {index:10;}">
                    <Coords points="2485,2925 2641,2925 2641,3009 2485,3009"/>
                    <TextEquiv>
                        <Unicode>ofe.</Unicode>
                    </TextEquiv>
                    <TextStyle fontFamily="Times New Roman" fontSize="13.0"/>
                </Word>
                <TextEquiv>
                    <Unicode>Et ſi ma rage en vain ſe promet ce qu’elle oſe.</Unicode>
                </TextEquiv>
                <TextStyle fontFamily="Times New Roman" fontSize="13.0"/>
            </TextLine>
            <TextEquiv>
                <Unicode>Et ſi ma rage en vain ſe promet ce qu’elle oſe.</Unicode>
            </TextEquiv>
        </TextRegion>
        <TextRegion type="paragraph" id="r_2_17" custom="readingOrder {index:17;}">
            <Coords points="441,3030 2533,3030 2533,3166 441,3166"/>
            <TextLine id="tl_23" primaryLanguage="English" custom="readingOrder {index:0;}">
                <Coords points="442,3031 2532,3031 2532,3165 442,3165"/>
                <Baseline points="442,3121 582,3122 636,3122 1018,3126 1230,3123 1478,3126 1798,3125 1880,3126 2048,3131 2268,3132 2532,3143"/>
                <Word id="w_w2aab1b3b2c33b1ab1" language="English" custom="readingOrder {index:0;}">
                    <Coords points="442,3039 582,3039 582,3122 442,3122"/>
                    <TextEquiv>
                        <Unicode>PT</Unicode>
                    </TextEquiv>
                    <TextStyle fontFamily="Times New Roman" fontSize="14.0" italic="true"/>
                </Word>
                <Word id="w_w2aab1b3b2c33b1ab7" language="English" custom="readingOrder {index:1;}">
                    <Coords points="572,3038 718,3038 718,3122 572,3122"/>
                    <TextEquiv>
                        <Unicode>AI.</Unicode>
                    </TextEquiv>
                    <TextStyle fontFamily="Times New Roman" fontSize="14.0" italic="true"/>
                </Word>
                <Word id="w_w2aab1b3b2c33b1b1b3" language="English" custom="readingOrder {index:2;}">
                    <Coords points="762,3033 1018,3033 1018,3126 762,3126"/>
                    <TextEquiv>
                        <Unicode>l’aime</Unicode>
                    </TextEquiv>
                    <TextStyle fontFamily="Times New Roman" fontSize="13.0"/>
                </Word>
                <Word id="w_w2aab1b3b2c33b1b1c17" language="English" custom="readingOrder {index:3;}">
                    <Coords points="1060,3068 1230,3068 1230,3123 1060,3123"/>
                    <TextEquiv>
                        <Unicode>tant</Unicode>
                    </TextEquiv>
                    <TextStyle fontFamily="Times New Roman" fontSize="13.0"/>
                </Word>
                <Word id="w_w2aab1b3b2c33b1b1c27" language="English" custom="readingOrder {index:4;}">
                    <Coords points="1272,3069 1478,3069 1478,3126 1272,3126"/>
                    <TextEquiv>
                        <Unicode>cette</Unicode>
                    </TextEquiv>
                    <TextStyle fontFamily="Times New Roman" fontSize="13.0"/>
                </Word>
                <Word id="w_w2aab1b3b2c33b1b1c39" language="English" custom="readingOrder {index:5;}">
                    <Coords points="1516,3042 1798,3042 1798,3126 1516,3126"/>
                    <TextEquiv>
                        <Unicode>ardeur</Unicode>
                    </TextEquiv>
                    <TextStyle fontFamily="Times New Roman" fontSize="13.0"/>
                </Word>
                <Word id="w_w2aab1b3b2c33b1b1c53" language="English" custom="readingOrder {index:6;}">
                    <Coords points="1840,3038 1880,3038 1880,3126 1840,3126"/>
                    <TextEquiv>
                        <Unicode>à</Unicode>
                    </TextEquiv>
                    <TextStyle fontFamily="Times New Roman" fontSize="13.0"/>
                </Word>
                <Word id="w_w2aab1b3b2c33b1b1c57" language="English" custom="readingOrder {index:7;}">
                    <Coords points="1918,3076 2048,3076 2048,3131 1918,3131"/>
                    <TextEquiv>
                        <Unicode>me</Unicode>
                    </TextEquiv>
                    <TextStyle fontFamily="Times New Roman" fontSize="13.0"/>
                </Word>
                <Word id="w_w2aab1b3b2c33b1b1c63" language="English" custom="readingOrder {index:8;}">
                    <Coords points="2082,3047 2268,3047 2268,3132 2082,3132"/>
                    <TextEquiv>
                        <Unicode>faire</Unicode>
                    </TextEquiv>
                    <TextStyle fontFamily="Times New Roman" fontSize="13.0"/>
                </Word>
                <Word id="w_w2aab1b3b2c33b1b1c75" language="English" custom="readingOrder {index:9;}">
                    <Coords points="2302,3050 2532,3050 2532,3164 2302,3164"/>
                    <TextEquiv>
                        <Unicode>périr,</Unicode>
                    </TextEquiv>
                    <TextStyle fontFamily="Times New Roman" fontSize="13.0"/>
                </Word>
                <TextEquiv>
                    <Unicode>PYM. I’aime tant cette ardeur à me faire perir,</Unicode>
                </TextEquiv>
            </TextLine>
            <TextEquiv>
                <Unicode>PYM. I’aime tant cette ardeur à me faire perir,</Unicode>
            </TextEquiv>
        </TextRegion>
        <TextRegion type="paragraph" id="r_2_18" custom="readingOrder {index:18;}">
            <Coords points="618,3157 2819,3157 2819,3289 618,3289"/>
            <TextLine id="tl_24" primaryLanguage="English" custom="readingOrder {index:0;}">
                <Coords points="619,3158 2818,3158 2818,3288 619,3288"/>
                <Baseline points="619,3264 798,3243 906,3243 1140,3242 1362,3247 1936,3252 2156,3251 2404,3254 2490,3287 2817,3256"/>
                <Word id="w_w2aab1b3b2c35b1ab1" language="English" custom="readingOrder {index:0;}">
                    <Coords points="619,3164 798,3164 798,3264 619,3264"/>
                    <TextEquiv>
                        <Unicode>Que</Unicode>
                    </TextEquiv>
                    <TextStyle fontFamily="Times New Roman" fontSize="13.0"/>
                </Word>
                <Word id="w_w2aab1b3b2c35b1ab9" language="English" custom="readingOrder {index:1;}">
                    <Coords points="835,3159 906,3159 906,3273 835,3273"/>
                    <TextEquiv>
                        <Unicode>je</Unicode>
                    </TextEquiv>
                    <TextStyle fontFamily="Times New Roman" fontSize="13.0"/>
                </Word>
                <Word id="w_w2aab1b3b2c35b1ac15" language="English" custom="readingOrder {index:2;}">
                    <Coords points="939,3193 1140,3193 1140,3244 939,3244"/>
                    <TextEquiv>
                        <Unicode>veux</Unicode>
                    </TextEquiv>
                    <TextStyle fontFamily="Times New Roman" fontSize="13.0"/>
                </Word>
                <Word id="w_w2aab1b3b2c35b1ac25" language="English" custom="readingOrder {index:3;}">
                    <Coords points="1177,3160 1362,3160 1362,3247 1177,3247"/>
                    <TextEquiv>
                        <Unicode>bien</Unicode>
                    </TextEquiv>
                    <TextStyle fontFamily="Times New Roman" fontSize="13.0"/>
                </Word>
                <Word id="w_w2aab1b3b2c35b1ac35" language="English" custom="readingOrder {index:4;}">
                    <Coords points="1399,3163 1936,3163 1936,3282 1399,3282"/>
                    <TextEquiv>
                        <Unicode>moy-mefmc</Unicode>
                    </TextEquiv>
                    <TextStyle fontFamily="Times New Roman" fontSize="13.0"/>
                </Word>
                <Word id="w_w2aab1b3b2c35b1ac55" language="English" custom="readingOrder {index:5;}">
                    <Coords points="1965,3198 2156,3198 2156,3255 1965,3255"/>
                    <TextEquiv>
                        <Unicode>avec</Unicode>
                    </TextEquiv>
                    <TextStyle fontFamily="Times New Roman" fontSize="13.0"/>
                </Word>
                <Word id="w_w2aab1b3b2c35b1ac65" language="English" custom="readingOrder {index:6;}">
                    <Coords points="2199,3201 2404,3201 2404,3256 2199,3256"/>
                    <TextEquiv>
                        <Unicode>vous</Unicode>
                    </TextEquiv>
                    <TextStyle fontFamily="Times New Roman" fontSize="13.0"/>
                </Word>
                <Word id="w_w2aab1b3b2c35b1ac75" language="English" custom="readingOrder {index:7;}">
                    <Coords points="2441,3202 2490,3202 2490,3287 2441,3287"/>
                    <TextEquiv>
                        <Unicode>y</Unicode>
                    </TextEquiv>
                    <TextStyle fontFamily="Times New Roman" fontSize="13.0"/>
                </Word>
                <Word id="w_w2aab1b3b2c35b1ac79" language="English" custom="readingOrder {index:8;}">
                    <Coords points="2527,3176 2817,3176 2817,3260 2527,3260"/>
                    <TextEquiv>
                        <Unicode>courir.</Unicode>
                    </TextEquiv>
                    <TextStyle fontFamily="Times New Roman" fontSize="13.0"/>
                </Word>
                <TextEquiv>
                    <Unicode>Que je veux bien moy-meſme avec vous y courir.</Unicode>
                </TextEquiv>
                <TextStyle fontFamily="Times New Roman" fontSize="13.0"/>
            </TextLine>
            <TextEquiv>
                <Unicode>Que je veux bien moy-meſme avec vous y courir.</Unicode>
            </TextEquiv>
        </TextRegion>
        <TextRegion type="paragraph" id="r_2_19" custom="readingOrder {index:19;}">
            <Coords points="440,3280 3222,3280 3222,3536 440,3536"/>
            <TextLine id="tl_25" primaryLanguage="English" custom="readingOrder {index:0;}">
                <Coords points="441,3281 3221,3281 3221,3414 441,3414"/>
                <Baseline points="441,3363 529,3363 1143,3376 1283,3369 1447,3372 1611,3406 1755,3373 2023,3372 2607,3381 2845,3376 2953,3381 3221,3382"/>
                <Word id="w_w2aab1b3b2c37b1ab1" language="English" custom="readingOrder {index:0;}">
                    <Coords points="441,3281 715,3281 715,3368 441,3368"/>
                    <TextEquiv>
                        <Unicode>DOR.</Unicode>
                    </TextEquiv>
                    <TextStyle fontFamily="Times New Roman" fontSize="14.0" italic="true"/>
                </Word>
                <Word id="w_w2aab1b3b2c37b1b1b3" language="English" custom="readingOrder {index:1;}">
                    <Coords points="757,3283 1143,3283 1143,3376 757,3376"/>
                    <TextEquiv>
                        <Unicode>Traiftre,</Unicode>
                    </TextEquiv>
                    <TextStyle fontFamily="Times New Roman" fontSize="13.0"/>
                </Word>
                <Word id="w_w2aab1b3b2c37b1b1c23" language="English" custom="readingOrder {index:2;}">
                    <Coords points="1187,3315 1283,3315 1283,3369 1187,3369"/>
                    <TextEquiv>
                        <Unicode>ne</Unicode>
                    </TextEquiv>
                    <TextStyle fontFamily="Times New Roman" fontSize="13.0"/>
                </Word>
                <Word id="w_w2aab1b3b2c37b1b1c29" language="English" custom="readingOrder {index:3;}">
                    <Coords points="1315,3316 1447,3316 1447,3372 1315,3372"/>
                    <TextEquiv>
                        <Unicode>me</Unicode>
                    </TextEquiv>
                    <TextStyle fontFamily="Times New Roman" fontSize="13.0"/>
                </Word>
                <Word id="w_w2aab1b3b2c37b1b1c35" language="English" custom="readingOrder {index:4;}">
                    <Coords points="1477,3290 1611,3290 1611,3406 1477,3406"/>
                    <TextEquiv>
                        <Unicode>fuy</Unicode>
                    </TextEquiv>
                    <TextStyle fontFamily="Times New Roman" fontSize="13.0"/>
                </Word>
                <Word id="w_w2aab1b3b2c37b1b1c43" language="English" custom="readingOrder {index:5;}">
                    <Coords points="1649,3289 1903,3289 1903,3403 1649,3403"/>
                    <TextEquiv>
                        <Unicode>point.</Unicode>
                    </TextEquiv>
                    <TextStyle fontFamily="Times New Roman" fontSize="13.0"/>
                </Word>
                <Word id="w_w2aab1b3b2c37b1b2b1" language="English" custom="readingOrder {index:6;}">
                    <Coords points="1947,3292 2221,3292 2221,3377 1947,3377"/>
                    <TextEquiv>
                        <Unicode>PTM.</Unicode>
                    </TextEquiv>
                    <TextStyle fontFamily="Times New Roman" fontSize="14.0" italic="true"/>
                </Word>
                <Word id="w_w2aab1b3b2c37b1b3b3" language="English" custom="readingOrder {index:7;}">
                    <Coords points="2259,3293 2607,3293 2607,3381 2259,3381"/>
                    <TextEquiv>
                        <Unicode>Prendre</Unicode>
                    </TextEquiv>
                    <TextStyle fontFamily="Times New Roman" fontSize="13.0"/>
                </Word>
                <Word id="w_w2aab1b3b2c37b1b3c19" language="English" custom="readingOrder {index:8;}">
                    <Coords points="2641,3293 2845,3293 2845,3382 2641,3382"/>
                    <TextEquiv>
                        <Unicode>feule</Unicode>
                    </TextEquiv>
                    <TextStyle fontFamily="Times New Roman" fontSize="13.0"/>
                </Word>
                <Word id="w_w2aab1b3b2c37b1b3c31" language="English" custom="readingOrder {index:9;}">
                    <Coords points="2883,3293 2953,3293 2953,3381 2883,3381"/>
                    <TextEquiv>
                        <Unicode>la</Unicode>
                    </TextEquiv>
                    <TextStyle fontFamily="Times New Roman" fontSize="13.0"/>
                </Word>
                <Word id="w_w2aab1b3b2c37b1b3c37" language="English" custom="readingOrder {index:10;}">
                    <Coords points="2991,3293 3221,3293 3221,3386 2991,3386"/>
                    <TextEquiv>
                        <Unicode>fuite!</Unicode>
                    </TextEquiv>
                    <TextStyle fontFamily="Times New Roman" fontSize="13.0"/>
                </Word>
                <TextEquiv>
                    <Unicode>DOR. Traiſtre, ne me ſuy point. PYM. Prendre ſeule la fuite!</Unicode>
                </TextEquiv>
            </TextLine>
            <TextLine id="tl_26" primaryLanguage="English" custom="readingOrder {index:1;}">
                <Coords points="614,3400 2629,3400 2629,3535 614,3535"/>
                <Baseline points="614,3486 846,3485 1084,3490 1506,3494 1587,3494 1984,3494 2186,3493 2628,3507"/>
                <Word id="w_w2aab1b3b2c37b3ab1" language="English" custom="readingOrder {index:0;}">
                    <Coords points="614,3406 846,3406 846,3488 614,3488"/>
                    <TextEquiv>
                        <Unicode>Vous</Unicode>
                    </TextEquiv>
                    <TextStyle fontFamily="Times New Roman" fontSize="13.0"/>
                </Word>
                <Word id="w_w2aab1b3b2c37b3ac11" language="English" custom="readingOrder {index:1;}">
                    <Coords points="884,3436 1084,3436 1084,3490 884,3490"/>
                    <TextEquiv>
                        <Unicode>vous</Unicode>
                    </TextEquiv>
                    <TextStyle fontFamily="Times New Roman" fontSize="13.0"/>
                </Word>
                <Word id="w_w2aab1b3b2c37b3ac21" language="English" custom="readingOrder {index:2;}">
                    <Coords points="1122,3402 1506,3402 1506,3529 1122,3529"/>
                    <TextEquiv>
                        <Unicode>égareriez</Unicode>
                    </TextEquiv>
                    <TextStyle fontFamily="Times New Roman" fontSize="13.0"/>
                </Word>
                <Word id="w_w2aab1b3b2c37b3ac41" language="English" custom="readingOrder {index:3;}">
                    <Coords points="1544,3406 1587,3406 1587,3494 1544,3494"/>
                    <TextEquiv>
                        <Unicode>à</Unicode>
                    </TextEquiv>
                    <TextStyle fontFamily="Times New Roman" fontSize="13.0"/>
                </Word>
                <Word id="w_w2aab1b3b2c37b3ac45" language="English" custom="readingOrder {index:4;}">
                    <Coords points="1624,3408 1984,3408 1984,3498 1624,3498"/>
                    <TextEquiv>
                        <Unicode>marcher</Unicode>
                    </TextEquiv>
                    <TextStyle fontFamily="Times New Roman" fontSize="13.0"/>
                </Word>
                <Word id="w_w2aab1b3b2c37b3ac61" language="English" custom="readingOrder {index:5;}">
                    <Coords points="2020,3410 2186,3410 2186,3495 2020,3495"/>
                    <TextEquiv>
                        <Unicode>fans</Unicode>
                    </TextEquiv>
                    <TextStyle fontFamily="Times New Roman" fontSize="13.0"/>
                </Word>
                <Word id="w_w2aab1b3b2c37b3ac71" language="English" custom="readingOrder {index:6;}">
                    <Coords points="2224,3414 2628,3414 2628,3507 2224,3507"/>
                    <TextEquiv>
                        <Unicode>conduite,</Unicode>
                    </TextEquiv>
                    <TextStyle fontFamily="Times New Roman" fontSize="13.0"/>
                </Word>
                <TextEquiv>
                    <Unicode>Vous vous égareriez à marcher ſans conduite,</Unicode>
                </TextEquiv>
                <TextStyle fontFamily="Times New Roman" fontSize="13.0"/>
            </TextLine>
            <TextEquiv>
                <Unicode>DOR. Traiſtre, ne me ſuy point. PYM. Prendre ſeule la fuite!
Vous vous égareriez à marcher ſans conduite,</Unicode>
            </TextEquiv>
        </TextRegion>
        <TextRegion type="paragraph" id="r_2_20" custom="readingOrder {index:20;}">
            <Coords points="614,3521 2745,3521 2745,3774 614,3774"/>
            <TextLine id="tl_27" primaryLanguage="English" custom="readingOrder {index:0;}">
                <Coords points="615,3522 2744,3522 2744,3652 615,3652"/>
                <Baseline points="616,3610 716,3610 1132,3610 1434,3612 1690,3615 1844,3612 1948,3614 2082,3615 2542,3615 2744,3620"/>
                <Word id="w_w2aab1b3b2c39b1ab1" language="English" custom="readingOrder {index:0;}">
                    <Coords points="616,3532 716,3532 716,3610 616,3610"/>
                    <TextEquiv>
                        <Unicode>Et</Unicode>
                    </TextEquiv>
                    <TextStyle fontFamily="Times New Roman" fontSize="13.0"/>
                </Word>
                <Word id="w_w2aab1b3b2c39b1ab7" language="English" custom="readingOrder {index:1;}">
                    <Coords points="754,3523 1132,3523 1132,3611 754,3611"/>
                    <TextEquiv>
                        <Unicode>d’ailleurs</Unicode>
                    </TextEquiv>
                    <TextStyle fontFamily="Times New Roman" fontSize="13.0"/>
                </Word>
                <Word id="w_w2aab1b3b2c39b1ac29" language="English" custom="readingOrder {index:2;}">
                    <Coords points="1178,3531 1434,3531 1434,3615 1178,3615"/>
                    <TextEquiv>
                        <Unicode>voftrc</Unicode>
                    </TextEquiv>
                    <TextStyle fontFamily="Times New Roman" fontSize="13.0"/>
                </Word>
                <Word id="w_w2aab1b3b2c39b1ac43" language="English" custom="readingOrder {index:3;}">
                    <Coords points="1468,3528 1690,3528 1690,3615 1468,3615"/>
                    <TextEquiv>
                        <Unicode>habit</Unicode>
                    </TextEquiv>
                    <TextStyle fontFamily="Times New Roman" fontSize="13.0"/>
                </Word>
                <Word id="w_w2aab1b3b2c39b1ac55" language="English" custom="readingOrder {index:4;}">
                    <Coords points="1732,3527 1844,3527 1844,3615 1732,3615"/>
                    <TextEquiv>
                        <Unicode>où</Unicode>
                    </TextEquiv>
                    <TextStyle fontFamily="Times New Roman" fontSize="13.0"/>
                </Word>
                <Word id="w_w2aab1b3b2c39b1ac61" language="English" custom="readingOrder {index:5;}">
                    <Coords points="1877,3532 1948,3532 1948,3640 1877,3640"/>
                    <TextEquiv>
                        <Unicode>je</Unicode>
                    </TextEquiv>
                    <TextStyle fontFamily="Times New Roman" fontSize="13.0"/>
                </Word>
                <Word id="w_w2aab1b3b2c39b1ac67" language="English" custom="readingOrder {index:6;}">
                    <Coords points="1984,3561 2082,3561 2082,3615 1984,3615"/>
                    <TextEquiv>
                        <Unicode>ne</Unicode>
                    </TextEquiv>
                    <TextStyle fontFamily="Times New Roman" fontSize="13.0"/>
                </Word>
                <Word id="w_w2aab1b3b2c39b1ac73" language="English" custom="readingOrder {index:7;}">
                    <Coords points="2118,3565 2542,3565 2542,3650 2118,3650"/>
                    <TextEquiv>
                        <Unicode>comprens</Unicode>
                    </TextEquiv>
                    <TextStyle fontFamily="Times New Roman" fontSize="13.0"/>
                </Word>
                <Word id="w_w2aab1b3b2c39b1ac91" language="English" custom="readingOrder {index:8;}">
                    <Coords points="2576,3535 2744,3535 2744,3620 2576,3620"/>
                    <TextEquiv>
                        <Unicode>rien</Unicode>
                    </TextEquiv>
                    <TextStyle fontFamily="Times New Roman" fontSize="13.0"/>
                </Word>
                <TextEquiv>
                    <Unicode>Et d’ailleurs voſtre habit où je ne comprens rien</Unicode>
                </TextEquiv>
                <TextStyle fontFamily="Times New Roman" fontSize="13.0"/>
            </TextLine>
            <TextLine id="tl_28" primaryLanguage="English" custom="readingOrder {index:1;}">
                <Coords points="619,3644 2607,3644 2607,3773 619,3773"/>
                <Baseline points="619,3732 819,3731 1073,3732 1213,3733 1593,3736 1811,3735 2035,3737 2229,3741 2333,3740 2607,3735"/>
                <Word id="w_w2aab1b3b2c39b3ab1" language="English" custom="readingOrder {index:0;}">
                    <Coords points="619,3648 819,3648 819,3732 619,3732"/>
                    <TextEquiv>
                        <Unicode>Peut</Unicode>
                    </TextEquiv>
                    <TextStyle fontFamily="Times New Roman" fontSize="13.0"/>
                </Word>
                <Word id="w_w2aab1b3b2c39b3ac11" language="English" custom="readingOrder {index:1;}">
                    <Coords points="853,3650 1073,3650 1073,3735 853,3735"/>
                    <TextEquiv>
                        <Unicode>avoir</Unicode>
                    </TextEquiv>
                    <TextStyle fontFamily="Times New Roman" fontSize="13.0"/>
                </Word>
                <Word id="w_w2aab1b3b2c39b3ac23" language="English" custom="readingOrder {index:2;}">
                    <Coords points="1113,3648 1213,3648 1213,3733 1113,3733"/>
                    <TextEquiv>
                        <Unicode>du</Unicode>
                    </TextEquiv>
                    <TextStyle fontFamily="Times New Roman" fontSize="13.0"/>
                </Word>
                <Word id="w_w2aab1b3b2c39b3ac29" language="English" custom="readingOrder {index:3;}">
                    <Coords points="1255,3678 1593,3678 1593,3745 1255,3745"/>
                    <TextEquiv>
                        <Unicode>mystère</Unicode>
                    </TextEquiv>
                    <TextStyle fontFamily="Times New Roman" fontSize="13.0"/>
                </Word>
                <Word id="w_w2aab1b3b2c39b3ac45" language="English" custom="readingOrder {index:4;}">
                    <Coords points="1631,3651 1811,3651 1811,3735 1631,3735"/>
                    <TextEquiv>
                        <Unicode>auss</Unicode>
                    </TextEquiv>
                    <TextStyle fontFamily="Times New Roman" fontSize="13.0"/>
                </Word>
                <Word id="w_w2aab1b3b2c39b3ac55" language="English" custom="readingOrder {index:5;}">
                    <Coords points="1853,3650 2035,3650 2035,3737 1853,3737"/>
                    <TextEquiv>
                        <Unicode>bien</Unicode>
                    </TextEquiv>
                    <TextStyle fontFamily="Times New Roman" fontSize="13.0"/>
                </Word>
                <Word id="w_w2aab1b3b2c39b3ac65" language="English" custom="readingOrder {index:6;}">
                    <Coords points="2073,3687 2229,3687 2229,3771 2073,3771"/>
                    <TextEquiv>
                        <Unicode>que</Unicode>
                    </TextEquiv>
                    <TextStyle fontFamily="Times New Roman" fontSize="13.0"/>
                </Word>
                <Word id="w_w2aab1b3b2c39b3ac73" language="English" custom="readingOrder {index:7;}">
                    <Coords points="2263,3654 2333,3654 2333,3740 2263,3740"/>
                    <TextEquiv>
                        <Unicode>le</Unicode>
                    </TextEquiv>
                    <TextStyle fontFamily="Times New Roman" fontSize="13.0"/>
                </Word>
                <Word id="w_w2aab1b3b2c39b3ac79" language="English" custom="readingOrder {index:8;}">
                    <Coords points="2367,3659 2607,3659 2607,3741 2367,3741"/>
                    <TextEquiv>
                        <Unicode>mien.</Unicode>
                    </TextEquiv>
                    <TextStyle fontFamily="Times New Roman" fontSize="13.0"/>
                </Word>
                <TextEquiv>
                    <Unicode>Peut avoir du mystere auſſi-bien que le mien.</Unicode>
                </TextEquiv>
                <TextStyle fontFamily="Times New Roman" fontSize="13.0"/>
            </TextLine>
            <TextEquiv>
                <Unicode>Et d’ailleurs voſtre habit où je ne comprens rien
Peut avoir du mystere auſſi-bien que le mien.</Unicode>
            </TextEquiv>
        </TextRegion>
        <TextRegion type="paragraph" id="r_2_21" custom="readingOrder {index:21;}">
            <Coords points="613,3765 2875,3765 2875,4022 613,4022"/>
            <TextLine id="tl_29" primaryLanguage="English" custom="readingOrder {index:0;}">
                <Coords points="614,3766 2525,3766 2525,3865 614,3865"/>
                <Baseline points="614,3852 903,3853 1139,3852 1461,3858 1697,3857 1983,3858 2093,3859 2525,3865"/>
                <Word id="w_w2aab1b3b2c41b1ab1" language="English" custom="readingOrder {index:0;}">
                    <Coords points="614,3766 903,3766 903,3853 614,3853"/>
                    <TextEquiv>
                        <Unicode>L’azilc</Unicode>
                    </TextEquiv>
                    <TextStyle fontFamily="Times New Roman" fontSize="13.0"/>
                </Word>
                <Word id="w_w2aab1b3b2c41b1ac17" language="English" custom="readingOrder {index:1;}">
                    <Coords points="936,3769 1139,3769 1139,3854 936,3854"/>
                    <TextEquiv>
                        <Unicode>dont</Unicode>
                    </TextEquiv>
                    <TextStyle fontFamily="Times New Roman" fontSize="13.0"/>
                </Word>
                <Word id="w_w2aab1b3b2c41b1ac27" language="English" custom="readingOrder {index:2;}">
                    <Coords points="1172,3774 1461,3774 1461,3858 1172,3858"/>
                    <TextEquiv>
                        <Unicode>tantoft</Unicode>
                    </TextEquiv>
                    <TextStyle fontFamily="Times New Roman" fontSize="13.0"/>
                </Word>
                <Word id="w_w2aab1b3b2c41b1ac43" language="English" custom="readingOrder {index:3;}">
                    <Coords points="1496,3804 1697,3804 1697,3858 1496,3858"/>
                    <TextEquiv>
                        <Unicode>vous</Unicode>
                    </TextEquiv>
                    <TextStyle fontFamily="Times New Roman" fontSize="13.0"/>
                </Word>
                <Word id="w_w2aab1b3b2c41b1ac53" language="English" custom="readingOrder {index:4;}">
                    <Coords points="1732,3773 1983,3773 1983,3858 1732,3858"/>
                    <TextEquiv>
                        <Unicode>faifiez</Unicode>
                    </TextEquiv>
                    <TextStyle fontFamily="Times New Roman" fontSize="13.0"/>
                </Word>
                <Word id="w_w2aab1b3b2c41b1ac69" language="English" custom="readingOrder {index:5;}">
                    <Coords points="2020,3774 2093,3774 2093,3859 2020,3859"/>
                    <TextEquiv>
                        <Unicode>la</Unicode>
                    </TextEquiv>
                    <TextStyle fontFamily="Times New Roman" fontSize="13.0"/>
                </Word>
                <Word id="w_w2aab1b3b2c41b1ac75" language="English" custom="readingOrder {index:6;}">
                    <Coords points="2132,3777 2525,3777 2525,3865 2132,3865"/>
                    <TextEquiv>
                        <Unicode>demande</Unicode>
                    </TextEquiv>
                    <TextStyle fontFamily="Times New Roman" fontSize="13.0"/>
                </Word>
                <TextEquiv>
                    <Unicode>L’azile dont tantoſt vous faiſiez la demande</Unicode>
                </TextEquiv>
                <TextStyle fontFamily="Times New Roman" fontSize="13.0"/>
            </TextLine>
            <TextLine id="tl_30" primaryLanguage="English" custom="readingOrder {index:1;}">
                <Coords points="614,3886 2874,3886 2874,4021 614,4021"/>
                <Baseline points="614,3974 944,3977 1322,3979 1630,3979 1844,3980 2056,3983 2230,3983 2476,3987 2874,3999"/>
                <Word id="w_w2aab1b3b2c41b3ab1" language="English" custom="readingOrder {index:0;}">
                    <Coords points="614,3896 944,3896 944,3978 614,3978"/>
                    <TextEquiv>
                        <Unicode>Montre</Unicode>
                    </TextEquiv>
                    <TextStyle fontFamily="Times New Roman" fontSize="13.0"/>
                </Word>
                <Word id="w_w2aab1b3b2c41b3ac15" language="English" custom="readingOrder {index:1;}">
                    <Coords points="978,3894 1322,3894 1322,4013 978,4013"/>
                    <TextEquiv>
                        <Unicode>quelque</Unicode>
                    </TextEquiv>
                    <TextStyle fontFamily="Times New Roman" fontSize="13.0"/>
                </Word>
                <Word id="w_w2aab1b3b2c41b3ac31" language="English" custom="readingOrder {index:2;}">
                    <Coords points="1360,3895 1630,3895 1630,3980 1360,3980"/>
                    <TextEquiv>
                        <Unicode>besoin</Unicode>
                    </TextEquiv>
                    <TextStyle fontFamily="Times New Roman" fontSize="13.0"/>
                </Word>
                <Word id="w_w2aab1b3b2c41b3ac45" language="English" custom="readingOrder {index:3;}">
                    <Coords points="1662,3891 1844,3891 1844,3980 1662,3980"/>
                    <TextEquiv>
                        <Unicode>d'un</Unicode>
                    </TextEquiv>
                    <TextStyle fontFamily="Times New Roman" fontSize="13.0"/>
                </Word>
                <Word id="w_w2aab1b3b2c41b3ac55" language="English" custom="readingOrder {index:4;}">
                    <Coords points="1882,3896 2056,3896 2056,3983 1882,3983"/>
                    <TextEquiv>
                        <Unicode>bras</Unicode>
                    </TextEquiv>
                    <TextStyle fontFamily="Times New Roman" fontSize="13.0"/>
                </Word>
                <Word id="w_w2aab1b3b2c41b3ac65" language="English" custom="readingOrder {index:5;}">
                    <Coords points="2094,3899 2230,3899 2230,4017 2094,4017"/>
                    <TextEquiv>
                        <Unicode>qui</Unicode>
                    </TextEquiv>
                    <TextStyle fontFamily="Times New Roman" fontSize="13.0"/>
                </Word>
                <Word id="w_w2aab1b3b2c41b3ac73" language="English" custom="readingOrder {index:6;}">
                    <Coords points="2272,3933 2476,3933 2476,3987 2272,3987"/>
                    <TextEquiv>
                        <Unicode>vous</Unicode>
                    </TextEquiv>
                    <TextStyle fontFamily="Times New Roman" fontSize="13.0"/>
                </Word>
                <Word id="w_w2aab1b3b2c41b3ac83" language="English" custom="readingOrder {index:7;}">
                    <Coords points="2514,3895 2874,3895 2874,3999 2514,3999"/>
                    <TextEquiv>
                        <Unicode>défende,</Unicode>
                    </TextEquiv>
                    <TextStyle fontFamily="Times New Roman" fontSize="13.0"/>
                </Word>
                <TextEquiv>
                    <Unicode>Montre quelque beſoin d'un bras qui vous défende,</Unicode>
                </TextEquiv>
                <TextStyle fontFamily="Times New Roman" fontSize="13.0"/>
            </TextLine>
            <TextEquiv>
                <Unicode>L’azile dont tantoſt vous faiſiez la demande
Montre quelque beſoin d'un bras qui vous défende,</Unicode>
            </TextEquiv>
        </TextRegion>
        <TextRegion type="paragraph" id="r_2_22" custom="readingOrder {index:22;}">
            <Coords points="614,4011 2527,4011 2527,4235 614,4235"/>
            <TextLine id="tl_31" primaryLanguage="English" custom="readingOrder {index:0;}">
                <Coords points="619,4012 2526,4012 2526,4143 619,4143"/>
                <Baseline points="619,4100 716,4096 950,4099 1258,4101 1470,4100 1706,4099 1976,4104 2170,4103 2526,4113"/>
                <Word id="w_w2aab1b3b2c43b1ab1" language="English" custom="readingOrder {index:0;}">
                    <Coords points="619,4020 716,4020 716,4100 619,4100"/>
                    <TextEquiv>
                        <Unicode>Et</Unicode>
                    </TextEquiv>
                    <TextStyle fontFamily="Times New Roman" fontSize="13.0"/>
                </Word>
                <Word id="w_w2aab1b3b2c43b1ab7" language="English" custom="readingOrder {index:1;}">
                    <Coords points="753,4046 950,4046 950,4099 753,4099"/>
                    <TextEquiv>
                        <Unicode>mon</Unicode>
                    </TextEquiv>
                    <TextStyle fontFamily="Times New Roman" fontSize="13.0"/>
                </Word>
                <Word id="w_w2aab1b3b2c43b1ac15" language="English" custom="readingOrder {index:2;}">
                    <Coords points="987,4020 1258,4020 1258,4104 987,4104"/>
                    <TextEquiv>
                        <Unicode>devoir</Unicode>
                    </TextEquiv>
                    <TextStyle fontFamily="Times New Roman" fontSize="13.0"/>
                </Word>
                <Word id="w_w2aab1b3b2c43b1ac29" language="English" custom="readingOrder {index:3;}">
                    <Coords points="1297,4045 1470,4045 1470,4103 1297,4103"/>
                    <TextEquiv>
                        <Unicode>vers</Unicode>
                    </TextEquiv>
                    <TextStyle fontFamily="Times New Roman" fontSize="13.0"/>
                </Word>
                <Word id="w_w2aab1b3b2c43b1ac39" language="English" custom="readingOrder {index:4;}">
                    <Coords points="1501,4050 1706,4050 1706,4105 1501,4105"/>
                    <TextEquiv>
                        <Unicode>vous</Unicode>
                    </TextEquiv>
                    <TextStyle fontFamily="Times New Roman" fontSize="13.0"/>
                </Word>
                <Word id="w_w2aab1b3b2c43b1ac49" language="English" custom="readingOrder {index:5;}">
                    <Coords points="1741,4020 1976,4020 1976,4104 1741,4104"/>
                    <TextEquiv>
                        <Unicode>feroit</Unicode>
                    </TextEquiv>
                    <TextStyle fontFamily="Times New Roman" fontSize="13.0"/>
                </Word>
                <Word id="w_w2aab1b3b2c43b1ac63" language="English" custom="readingOrder {index:6;}">
                    <Coords points="2011,4021 2170,4021 2170,4109 2011,4109"/>
                    <TextEquiv>
                        <Unicode>mal</Unicode>
                    </TextEquiv>
                    <TextStyle fontFamily="Times New Roman" fontSize="13.0"/>
                </Word>
                <Word id="w_w2aab1b3b2c43b1ac71" language="English" custom="readingOrder {index:7;}">
                    <Coords points="2211,4021 2526,4021 2526,4142 2211,4142"/>
                    <TextEquiv>
                        <Unicode>acquité</Unicode>
                    </TextEquiv>
                    <TextStyle fontFamily="Times New Roman" fontSize="13.0"/>
                </Word>
                <TextEquiv>
                    <Unicode>Et mon devoir vers vous ſeroit mal acquité</Unicode>
                </TextEquiv>
                <TextStyle fontFamily="Times New Roman" fontSize="13.0"/>
            </TextLine>
            <TextLine id="tl_32" primaryLanguage="English" custom="readingOrder {index:1;}">
                <Coords points="615,4132 2405,4132 2405,4234 615,4234"/>
                <Baseline points="615,4220 741,4220 875,4221 1109,4220 1187,4220 1365,4225 1585,4224 1715,4225 1907,4224 2049,4229 2205,4229 2405,4228"/>
                <Word id="w_w2aab1b3b2c43b3ab1" language="English" custom="readingOrder {index:0;}">
                    <Coords points="615,4134 741,4134 741,4220 615,4220"/>
                    <TextEquiv>
                        <Unicode>S’il</Unicode>
                    </TextEquiv>
                    <TextStyle fontFamily="Times New Roman" fontSize="13.0"/>
                </Word>
                <Word id="w_w2aab1b3b2c43b3ac11" language="English" custom="readingOrder {index:1;}">
                    <Coords points="779,4167 875,4167 875,4221 779,4221"/>
                    <TextEquiv>
                        <Unicode>ne</Unicode>
                    </TextEquiv>
                    <TextStyle fontFamily="Times New Roman" fontSize="13.0"/>
                </Word>
                <Word id="w_w2aab1b3b2c43b3ac17" language="English" custom="readingOrder {index:2;}">
                    <Coords points="909,4167 1109,4167 1109,4225 909,4225"/>
                    <TextEquiv>
                        <Unicode>vous</Unicode>
                    </TextEquiv>
                    <TextStyle fontFamily="Times New Roman" fontSize="13.0"/>
                </Word>
                <Word id="w_w2aab1b3b2c43b3ac27" language="English" custom="readingOrder {index:3;}">
                    <Coords points="1143,4170 1187,4170 1187,4220 1143,4220"/>
                    <TextEquiv>
                        <Unicode>a</Unicode>
                    </TextEquiv>
                    <TextStyle fontFamily="Times New Roman" fontSize="13.0"/>
                </Word>
                <Word id="w_w2aab1b3b2c43b3ac31" language="English" custom="readingOrder {index:4;}">
                    <Coords points="1195,4141 1365,4141 1365,4225 1195,4225"/>
                    <TextEquiv>
                        <Unicode>voit</Unicode>
                    </TextEquiv>
                    <TextStyle fontFamily="Times New Roman" fontSize="13.0"/>
                </Word>
                <Word id="w_w2aab1b3b2c43b3ac41" language="English" custom="readingOrder {index:5;}">
                    <Coords points="1399,4142 1585,4142 1585,4224 1399,4224"/>
                    <TextEquiv>
                        <Unicode>mile</Unicode>
                    </TextEquiv>
                    <TextStyle fontFamily="Times New Roman" fontSize="13.0"/>
                </Word>
                <Word id="w_w2aab1b3b2c43b3ac51" language="English" custom="readingOrder {index:6;}">
                    <Coords points="1619,4171 1715,4171 1715,4225 1619,4225"/>
                    <TextEquiv>
                        <Unicode>en</Unicode>
                    </TextEquiv>
                    <TextStyle fontFamily="Times New Roman" fontSize="13.0"/>
                </Word>
                <Word id="w_w2aab1b3b2c43b3ac57" language="English" custom="readingOrder {index:7;}">
                    <Coords points="1753,4137 1907,4137 1907,4226 1753,4226"/>
                    <TextEquiv>
                        <Unicode>lieu</Unicode>
                    </TextEquiv>
                    <TextStyle fontFamily="Times New Roman" fontSize="13.0"/>
                </Word>
                <Word id="w_w2aab1b3b2c43b3ac67" language="English" custom="readingOrder {index:8;}">
                    <Coords points="1947,4142 2049,4142 2049,4229 1947,4229"/>
                    <TextEquiv>
                        <Unicode>de</Unicode>
                    </TextEquiv>
                    <TextStyle fontFamily="Times New Roman" fontSize="13.0"/>
                </Word>
                <Word id="w_w2aab1b3b2c43b3ac73" language="English" custom="readingOrder {index:9;}">
                    <Coords points="2081,4147 2205,4147 2205,4229 2081,4229"/>
                    <TextEquiv>
                        <Unicode>feu</Unicode>
                    </TextEquiv>
                    <TextStyle fontFamily="Times New Roman" fontSize="13.0"/>
                </Word>
                <Word id="w_w2aab1b3b2c43b3ac81" language="English" custom="readingOrder {index:10;}">
                    <Coords points="2217,4142 2405,4142 2405,4234 2217,4234"/>
                    <TextEquiv>
                        <Unicode>reté.</Unicode>
                    </TextEquiv>
                    <TextStyle fontFamily="Times New Roman" fontSize="13.0"/>
                </Word>
                <TextEquiv>
                    <Unicode>S’il ne vous avoit miſe en lieu de ſeureté.</Unicode>
                </TextEquiv>
                <TextStyle fontFamily="Times New Roman" fontSize="13.0"/>
            </TextLine>
            <TextEquiv>
                <Unicode>Et mon devoir vers vous ſeroit mal acquité
S’il ne vous avoit miſe en lieu de ſeureté.</Unicode>
            </TextEquiv>
        </TextRegion>
        <TextRegion type="paragraph" id="r_2_23" custom="readingOrder {index:23;}">
            <Coords points="613,4253 2830,4253 2830,4391 613,4391"/>
            <TextLine id="tl_33" primaryLanguage="English" custom="readingOrder {index:0;}">
                <Coords points="614,4254 2829,4254 2829,4390 614,4390"/>
                <Baseline points="614,4338 846,4341 1148,4346 1620,4351 1914,4350 2010,4350 2250,4352 2358,4354 2828,4368"/>
                <Word id="w_w2aab1b3b2c45b1ab1" language="English" custom="readingOrder {index:0;}">
                    <Coords points="614,4260 846,4260 846,4342 614,4342"/>
                    <TextEquiv>
                        <Unicode>Vous</Unicode>
                    </TextEquiv>
                    <TextStyle fontFamily="Times New Roman" fontSize="13.0"/>
                </Word>
                <Word id="w_w2aab1b3b2c45b1ac11" language="English" custom="readingOrder {index:1;}">
                    <Coords points="874,4262 1148,4262 1148,4377 874,4377"/>
                    <TextEquiv>
                        <Unicode>penfez</Unicode>
                    </TextEquiv>
                    <TextStyle fontFamily="Times New Roman" fontSize="13.0"/>
                </Word>
                <Word id="w_w2aab1b3b2c45b1ac25" language="English" custom="readingOrder {index:2;}">
                    <Coords points="1186,4259 1620,4259 1620,4380 1186,4380"/>
                    <TextEquiv>
                        <Unicode>m'échaper</Unicode>
                    </TextEquiv>
                    <TextStyle fontFamily="Times New Roman" fontSize="13.0"/>
                </Word>
                <Word id="w_w2aab1b3b2c45b1ac45" language="English" custom="readingOrder {index:3;}">
                    <Coords points="1644,4268 1914,4268 1914,4381 1644,4381"/>
                    <TextEquiv>
                        <Unicode>quand</Unicode>
                    </TextEquiv>
                    <TextStyle fontFamily="Times New Roman" fontSize="13.0"/>
                </Word>
                <Word id="w_w2aab1b3b2c45b1ac57" language="English" custom="readingOrder {index:4;}">
                    <Coords points="1944,4272 2010,4272 2010,4368 1944,4368"/>
                    <TextEquiv>
                        <Unicode>je</Unicode>
                    </TextEquiv>
                    <TextStyle fontFamily="Times New Roman" fontSize="13.0"/>
                </Word>
                <Word id="w_w2aab1b3b2c45b1ac63" language="English" custom="readingOrder {index:5;}">
                    <Coords points="2050,4297 2250,4297 2250,4355 2050,4355"/>
                    <TextEquiv>
                        <Unicode>vous</Unicode>
                    </TextEquiv>
                    <TextStyle fontFamily="Times New Roman" fontSize="13.0"/>
                </Word>
                <Word id="w_w2aab1b3b2c45b1ac73" language="English" custom="readingOrder {index:6;}">
                    <Coords points="2286,4268 2358,4268 2358,4354 2286,4354"/>
                    <TextEquiv>
                        <Unicode>le</Unicode>
                    </TextEquiv>
                    <TextStyle fontFamily="Times New Roman" fontSize="13.0"/>
                </Word>
                <Word id="w_w2aab1b3b2c45b1ac79" language="English" custom="readingOrder {index:7;}">
                    <Coords points="2392,4262 2828,4262 2828,4390 2392,4390"/>
                    <TextEquiv>
                        <Unicode>témoigne,</Unicode>
                    </TextEquiv>
                    <TextStyle fontFamily="Times New Roman" fontSize="13.0"/>
                </Word>
                <TextEquiv>
                    <Unicode>Vous penſez m'échaper quand je vous le témoigne,</Unicode>
                </TextEquiv>
                <TextStyle fontFamily="Times New Roman" fontSize="13.0"/>
            </TextLine>
            <TextEquiv>
                <Unicode>Vous penſez m'échaper quand je vous le témoigne,</Unicode>
            </TextEquiv>
        </TextRegion>
        <TextRegion type="paragraph" id="r_2_24" custom="readingOrder {index:24;}">
            <Coords points="614,4379 2773,4379 2773,4513 614,4513"/>
            <TextLine id="tl_34" primaryLanguage="English" custom="readingOrder {index:0;}">
                <Coords points="615,4380 2772,4380 2772,4512 615,4512"/>
                <Baseline points="616,4462 824,4463 1062,4462 1326,4467 1492,4468 1698,4471 1888,4472 1988,4472 2122,4475 2360,4476 2772,4488"/>
                <Word id="w_w2aab1b3b2c47b1ab1" language="English" custom="readingOrder {index:0;}">
                    <Coords points="616,4384 824,4384 824,4463 616,4463"/>
                    <TextEquiv>
                        <Unicode>Mais</Unicode>
                    </TextEquiv>
                    <TextStyle fontFamily="Times New Roman" fontSize="13.0"/>
                </Word>
                <Word id="w_w2aab1b3b2c47b1ac11" language="English" custom="readingOrder {index:1;}">
                    <Coords points="865,4413 1062,4413 1062,4467 865,4467"/>
                    <TextEquiv>
                        <Unicode>vous</Unicode>
                    </TextEquiv>
                    <TextStyle fontFamily="Times New Roman" fontSize="13.0"/>
                </Word>
                <Word id="w_w2aab1b3b2c47b1ac21" language="English" custom="readingOrder {index:2;}">
                    <Coords points="1095,4384 1326,4384 1326,4469 1095,4469"/>
                    <TextEquiv>
                        <Unicode>n’irez</Unicode>
                    </TextEquiv>
                    <TextStyle fontFamily="Times New Roman" fontSize="13.0"/>
                </Word>
                <Word id="w_w2aab1b3b2c47b1ac35" language="English" custom="readingOrder {index:3;}">
                    <Coords points="1363,4418 1492,4418 1492,4498 1363,4498"/>
                    <TextEquiv>
                        <Unicode>pas</Unicode>
                    </TextEquiv>
                    <TextStyle fontFamily="Times New Roman" fontSize="13.0"/>
                </Word>
                <Word id="w_w2aab1b3b2c47b1ac43" language="English" custom="readingOrder {index:4;}">
                    <Coords points="1531,4384 1698,4384 1698,4471 1531,4471"/>
                    <TextEquiv>
                        <Unicode>loin</Unicode>
                    </TextEquiv>
                    <TextStyle fontFamily="Times New Roman" fontSize="13.0"/>
                </Word>
                <Word id="w_w2aab1b3b2c47b1ac53" language="English" custom="readingOrder {index:5;}">
                    <Coords points="1731,4417 1888,4417 1888,4501 1731,4501"/>
                    <TextEquiv>
                        <Unicode>que</Unicode>
                    </TextEquiv>
                    <TextStyle fontFamily="Times New Roman" fontSize="13.0"/>
                </Word>
                <Word id="w_w2aab1b3b2c47b1ac61" language="English" custom="readingOrder {index:6;}">
                    <Coords points="1917,4388 1988,4388 1988,4502 1917,4502"/>
                    <TextEquiv>
                        <Unicode>je</Unicode>
                    </TextEquiv>
                    <TextStyle fontFamily="Times New Roman" fontSize="13.0"/>
                </Word>
                <Word id="w_w2aab1b3b2c47b1ac67" language="English" custom="readingOrder {index:7;}">
                    <Coords points="2026,4419 2122,4419 2122,4475 2026,4475"/>
                    <TextEquiv>
                        <Unicode>ne</Unicode>
                    </TextEquiv>
                    <TextStyle fontFamily="Times New Roman" fontSize="13.0"/>
                </Word>
                <Word id="w_w2aab1b3b2c47b1ac73" language="English" custom="readingOrder {index:8;}">
                    <Coords points="2159,4421 2360,4421 2360,4476 2159,4476"/>
                    <TextEquiv>
                        <Unicode>vous</Unicode>
                    </TextEquiv>
                    <TextStyle fontFamily="Times New Roman" fontSize="13.0"/>
                </Word>
                <Word id="w_w2aab1b3b2c47b1ac83" language="English" custom="readingOrder {index:9;}">
                    <Coords points="2393,4393 2772,4393 2772,4511 2393,4511"/>
                    <TextEquiv>
                        <Unicode>rejoigne,</Unicode>
                    </TextEquiv>
                    <TextStyle fontFamily="Times New Roman" fontSize="13.0"/>
                </Word>
                <TextEquiv>
                    <Unicode>Mais vous n’irez pas loin que je ne vous rejoigne,</Unicode>
                </TextEquiv>
                <TextStyle fontFamily="Times New Roman" fontSize="13.0"/>
            </TextLine>
            <TextEquiv>
                <Unicode>Mais vous n’irez pas loin que je ne vous rejoigne,</Unicode>
            </TextEquiv>
        </TextRegion>
        <TextRegion type="paragraph" id="r_2_25" custom="readingOrder {index:25;}">
            <Coords points="614,4499 2888,4499 2888,4636 614,4636"/>
            <TextLine id="tl_35" primaryLanguage="English" custom="readingOrder {index:0;}">
                <Coords points="615,4500 2887,4500 2887,4635 615,4635"/>
                <Baseline points="615,4584 989,4588 1179,4588 1355,4623 1599,4588 1879,4602 2217,4597 2399,4598 2659,4598 2887,4615"/>
                <Word id="w_w2aab1b3b2c49b1ab1" language="English" custom="readingOrder {index:0;}">
                    <Coords points="615,4500 989,4500 989,4589 615,4589"/>
                    <TextEquiv>
                        <Unicode>L’amour</Unicode>
                    </TextEquiv>
                    <TextStyle fontFamily="Times New Roman" fontSize="13.0"/>
                </Word>
                <Word id="w_w2aab1b3b2c49b1ac17" language="English" custom="readingOrder {index:1;}">
                    <Coords points="1027,4536 1179,4536 1179,4624 1027,4624"/>
                    <TextEquiv>
                        <Unicode>que</Unicode>
                    </TextEquiv>
                    <TextStyle fontFamily="Times New Roman" fontSize="13.0"/>
                </Word>
                <Word id="w_w2aab1b3b2c49b1ac25" language="English" custom="readingOrder {index:2;}">
                    <Coords points="1213,4505 1355,4505 1355,4623 1213,4623"/>
                    <TextEquiv>
                        <Unicode>j’ay</Unicode>
                    </TextEquiv>
                    <TextStyle fontFamily="Times New Roman" fontSize="13.0"/>
                </Word>
                <Word id="w_w2aab1b3b2c49b1ac35" language="English" custom="readingOrder {index:3;}">
                    <Coords points="1399,4536 1599,4536 1599,4620 1399,4620"/>
                    <TextEquiv>
                        <Unicode>pour</Unicode>
                    </TextEquiv>
                    <TextStyle fontFamily="Times New Roman" fontSize="13.0"/>
                </Word>
                <Word id="w_w2aab1b3b2c49b1ac45" language="English" custom="readingOrder {index:4;}">
                    <Coords points="1627,4539 1879,4539 1879,4602 1627,4602"/>
                    <TextEquiv>
                        <Unicode>vous,</Unicode>
                    </TextEquiv>
                    <TextStyle fontFamily="Times New Roman" fontSize="13.0"/>
                </Word>
                <Word id="w_w2aab1b3b2c49b1ac57" language="English" custom="readingOrder {index:5;}">
                    <Coords points="1913,4509 2217,4509 2217,4631 1913,4631"/>
                    <TextEquiv>
                        <Unicode>malgré</Unicode>
                    </TextEquiv>
                    <TextStyle fontFamily="Times New Roman" fontSize="13.0"/>
                </Word>
                <Word id="w_w2aab1b3b2c49b1ac71" language="English" custom="readingOrder {index:6;}">
                    <Coords points="2255,4544 2399,4544 2399,4598 2255,4598"/>
                    <TextEquiv>
                        <Unicode>vos</Unicode>
                    </TextEquiv>
                    <TextStyle fontFamily="Times New Roman" fontSize="13.0"/>
                </Word>
                <Word id="w_w2aab1b3b2c49b1ac79" language="English" custom="readingOrder {index:7;}">
                    <Coords points="2433,4512 2659,4512 2659,4598 2433,4598"/>
                    <TextEquiv>
                        <Unicode>dures</Unicode>
                    </TextEquiv>
                    <TextStyle fontFamily="Times New Roman" fontSize="13.0"/>
                </Word>
                <Word id="w_w2aab1b3b2c49b1ac91" language="English" custom="readingOrder {index:8;}">
                    <Coords points="2697,4514 2887,4514 2887,4615 2697,4615"/>
                    <TextEquiv>
                        <Unicode>loi#,</Unicode>
                    </TextEquiv>
                    <TextStyle fontFamily="Times New Roman" fontSize="13.0"/>
                </Word>
                <TextEquiv>
                    <Unicode>L’amour que j’ay pour vous, malgré vos dures loix,</Unicode>
                </TextEquiv>
                <TextStyle fontFamily="Times New Roman" fontSize="13.0"/>
            </TextLine>
            <TextEquiv>
                <Unicode>L’amour que j’ay pour vous, malgré vos dures loix,</Unicode>
            </TextEquiv>
        </TextRegion>
        <TextRegion type="paragraph" id="r_2_26" custom="readingOrder {index:26;}">
            <Coords points="621,4621 2846,4621 2846,4755 621,4755"/>
            <TextLine id="tl_36" primaryLanguage="English" custom="readingOrder {index:0;}">
                <Coords points="622,4622 2845,4622 2845,4754 622,4754"/>
                <Baseline points="622,4710 829,4709 1045,4740 1175,4710 1409,4710 1647,4711 1892,4726 2011,4714 2143,4719 2333,4722 2443,4723 2615,4721 2844,4718"/>
                <Word id="w_w2aab1b3b2c51b1ab1" language="English" custom="readingOrder {index:0;}">
                    <Coords points="622,4627 829,4627 829,4740 622,4740"/>
                    <TextEquiv>
                        <Unicode>Sçait</Unicode>
                    </TextEquiv>
                    <TextStyle fontFamily="Times New Roman" fontSize="13.0"/>
                </Word>
                <Word id="w_w2aab1b3b2c51b1ac13" language="English" custom="readingOrder {index:1;}">
                    <Coords points="864,4653 1045,4653 1045,4740 864,4740"/>
                    <TextEquiv>
                        <Unicode>trop</Unicode>
                    </TextEquiv>
                    <TextStyle fontFamily="Times New Roman" fontSize="13.0"/>
                </Word>
                <Word id="w_w2aab1b3b2c51b1ac23" language="English" custom="readingOrder {index:2;}">
                    <Coords points="1086,4656 1175,4656 1175,4714 1086,4714"/>
                    <TextEquiv>
                        <Unicode>ce</Unicode>
                    </TextEquiv>
                    <TextStyle fontFamily="Times New Roman" fontSize="13.0"/>
                </Word>
                <Word id="w_w2aab1b3b2c51b1ac29" language="English" custom="readingOrder {index:3;}">
                    <Coords points="1212,4627 1409,4627 1409,4745 1212,4745"/>
                    <TextEquiv>
                        <Unicode>qu’il</Unicode>
                    </TextEquiv>
                    <TextStyle fontFamily="Times New Roman" fontSize="13.0"/>
                </Word>
                <Word id="w_w2aab1b3b2c51b1ac41" language="English" custom="readingOrder {index:4;}">
                    <Coords points="1444,4656 1647,4656 1647,4714 1444,4714"/>
                    <TextEquiv>
                        <Unicode>vous</Unicode>
                    </TextEquiv>
                    <TextStyle fontFamily="Times New Roman" fontSize="13.0"/>
                </Word>
                <Word id="w_w2aab1b3b2c51b1ac51" language="English" custom="readingOrder {index:5;}">
                    <Coords points="1682,4627 1892,4627 1892,4726 1682,4726"/>
                    <TextEquiv>
                        <Unicode>doit,</Unicode>
                    </TextEquiv>
                    <TextStyle fontFamily="Times New Roman" fontSize="13.0"/>
                </Word>
                <Word id="w_w2aab1b3b2c51b1ac63" language="English" custom="readingOrder {index:6;}">
                    <Coords points="1926,4634 2011,4634 2011,4714 1926,4714"/>
                    <TextEquiv>
                        <Unicode>Le</Unicode>
                    </TextEquiv>
                    <TextStyle fontFamily="Times New Roman" fontSize="13.0"/>
                </Word>
                <Word id="w_w2aab1b3b2c51b1ac69" language="English" custom="readingOrder {index:7;}">
                    <Coords points="2054,4665 2143,4665 2143,4719 2054,4719"/>
                    <TextEquiv>
                        <Unicode>ce</Unicode>
                    </TextEquiv>
                    <TextStyle fontFamily="Times New Roman" fontSize="13.0"/>
                </Word>
                <Word id="w_w2aab1b3b2c51b1ac75" language="English" custom="readingOrder {index:8;}">
                    <Coords points="2178,4665 2333,4665 2333,4751 2178,4751"/>
                    <TextEquiv>
                        <Unicode>que</Unicode>
                    </TextEquiv>
                    <TextStyle fontFamily="Times New Roman" fontSize="13.0"/>
                </Word>
                <Word id="w_w2aab1b3b2c51b1ac83" language="English" custom="readingOrder {index:9;}">
                    <Coords points="2368,4634 2443,4634 2443,4752 2368,4752"/>
                    <TextEquiv>
                        <Unicode>je</Unicode>
                    </TextEquiv>
                    <TextStyle fontFamily="Times New Roman" fontSize="13.0"/>
                </Word>
                <Word id="w_w2aab1b3b2c51b1ac89" language="English" custom="readingOrder {index:10;}">
                    <Coords points="2488,4665 2615,4665 2615,4721 2488,4721"/>
                    <TextEquiv>
                        <Unicode>me</Unicode>
                    </TextEquiv>
                    <TextStyle fontFamily="Times New Roman" fontSize="13.0"/>
                </Word>
                <Word id="w_w2aab1b3b2c51b1ac95" language="English" custom="readingOrder {index:11;}">
                    <Coords points="2648,4633 2844,4633 2844,4718 2648,4718"/>
                    <TextEquiv>
                        <Unicode>dois.</Unicode>
                    </TextEquiv>
                    <TextStyle fontFamily="Times New Roman" fontSize="13.0"/>
                </Word>
                <TextEquiv>
                    <Unicode>Sçait trop ce qu’il vous doit, &amp; ce que je me dois.</Unicode>
                </TextEquiv>
                <TextStyle fontFamily="Times New Roman" fontSize="13.0"/>
            </TextLine>
            <TextEquiv>
                <Unicode>Sçait trop ce qu’il vous doit, &amp; ce que je me dois.</Unicode>
            </TextEquiv>
        </TextRegion>
        <SeparatorRegion id="r_3" custom="readingOrder {index:27;}">
            <Coords points="4169,6036 4177,6036 4177,6514 4169,6514"/>
        </SeparatorRegion>
    </Page>
</PcGts>
