4267 6701
921 477 987 559 8
1797 449 1957 547 M
2043 449 2145 547 E
2251 449 2353 543 L
2453 449 2529 543 I
2631 437 2745 543 T
2831 445 2935 543 B
2949 525 2991 569 }

921 629 1241 717 MEL.
1287 629 1389 713 Et
1427 655 1647 747 quoy
1685 651 1703 709 :
1745 651 1935 713 tous
1969 625 2079 713 les
2113 625 2431 713 miroirs
2475 619 2759 709 ont-ils
2797 615 2899 703 de
2933 619 3213 709 Emiles
3247 619 3549 743 glaces'.

917 755 1193 839 ERA.
1235 755 1895 843 Penferiez-vous
1933 781 1987 869 y
2025 751 2201 839 voir
2247 747 2323 835 la
2361 747 2737 835 moindre
2771 747 2873 831 de
2907 777 3055 835 vos
3093 755 3409 869 grâces?

1105 877 1231 965 De
1265 877 1319 965 fi
1357 877 1615 965 frefles
1653 873 1887 987 sujets
1925 903 2025 957 ne
2059 873 2515 991 fçauroient
2561 873 2951 987 exprimer

1105 1009 1227 1087 Ce
1257 1035 1371 1123 qu
1397 1009 1717 1087 Amour
1759 999 1955 1083 dans
1999 999 2109 1083 les
2151 1025 2415 1079 cccurs
2457 1021 2645 1109 peut
2687 991 2767 1079 lu
2783 1025 2829 1093 y
2871 995 3033 1079 feul
3067 995 3517 1113 imprimer,

1099 1135 1205 1215 Et
1243 1127 1515 1245 quand
1563 1153 1765 1215 vous
1807 1157 1903 1209 en
1947 1121 2309 1215 voudrez
2351 1147 2611 1205 croire
2653 1113 2825 1201 leur
2859 1117 3413 1241 impuifTance,

1105 1253 1349 1337 Cette
1383 1249 1647 1371 legere
1689 1243 1865 1333 idée
1903 1253 1995 1333 ôt
2037 1243 2297 1333 foible
2331 1239 2899 1327 connoiflance

1105 1379 1301 1485 Que
1339 1405 1541 1463 vous
1579 1401 1817 1459 aurez
1855 1401 1991 1489 par
2037 1401 2187 1459 eux
2229 1371 2331 1459 de
2369 1397 2545 1455 tant
2583 1367 2685 1455 de
2731 1393 3033 1455 tarerez

1105 1501 1337 1585 Vous
1379 1523 1673 1585 mettra
1711 1493 1903 1585 hors
1951 1493 2061 1581 du
2091 1497 2261 1611 pair
2295 1497 2397 1581 de
2435 1519 2701 1581 toutes
2741 1493 2851 1577 les
2889 1489 3257 1577 beaucez.

921 1623 1235 1711 MEL.
1283 1619 1533 1711 Voila
1567 1649 1751 1737 trop
1789 1649 1995 1711 vous
2029 1619 2235 1707 tenir
2273 1619 2471 1703 dans
2505 1649 2659 1703 une
2701 1615 3331 1733 complaisance,

1105 1749 1289 1851 Que
1319 1777 1525 1833 vous
1557 1745 1891 1829 deuftïez
1929 1745 2227 1859 quitter
2247 1807 2271 1839 >
2303 1741 2415 1825 du
2447 1771 2719 1829 moins
2753 1771 2851 1825 en
2889 1771 3025 1829 ma
3059 1741 3447 1859 prefence,

1099 1877 1201 1955 Et
1239 1899 1341 1951 ne
1383 1863 1777 1951 démentir
1819 1893 1955 1983 pas
1995 1863 2069 1951 le
2113 1889 2445 1983 rapport
2483 1863 2585 1947 de
2623 1893 2771 1951 vos
2811 1893 3055 1983 yeux,

1099 1989 1293 2079 Afin
1327 1989 1633 2079 d’avoir
1671 1985 1869 2105 sujet
1911 1985 2009 2073 de
2047 1985 2723 2105 m'entreprendre
2763 2017 3059 2073 mieux.

917 2121 1075 2205 ER
1087 2121 1191 2201 A.
1239 2121 1353 2201 Le
1383 2139 1711 2231 rapport
1745 2107 1847 2195 de
1881 2143 2051 2195 mes
2085 2139 2287 2205 yeux
2325 2143 2479 2195 aux
2517 2103 2811 2227 dépens
2845 2113 2947 2195 de
2985 2139 3151 2201 mes
3189 2107 3483 2201 larmes
3557 2181 3560 2191 .

1099 2247 1227 2327 Ne
1265 2269 1419 2327 ma
1457 2269 1615 2357 que
1645 2265 1829 2353 trop
1863 2235 2121 2353 appris
2155 2235 2231 2319 le
2269 2239 2623 2353 pouvoir
2661 2235 2759 2323 de
2797 2265 2947 2323 vos
2985 2235 3373 2323 charmes.

913 2365 1147 2453 TIR.
1191 2369 1337 2453 Sur
1379 2365 1611 2479 peine
1649 2357 1921 2449 d’eftre
1951 2361 2301 2483 ingrate,
2343 2357 2397 2445 il
2431 2357 2605 2445 faut
2649 2357 2749 2445 de
2789 2361 3051 2449 voftre
3089 2387 3273 2475 part

1105 2483 1681 2575 Reconnoiftre
1719 2483 1829 2571 les
1863 2483 2069 2571 dons
2107 2517 2265 2601 que
2309 2483 2383 2571 le
2427 2479 2605 2567 Ciel
2649 2513 2855 2571 vous
2889 2479 3195 2601 départ.

913 2619 1079 2701 ER
1087 2619 1197 2697 A.
1239 2613 1529 2729 Voyez
1563 2639 1721 2729 que
1759 2605 1943 2693 d’un
1981 2605 2279 2693 fécond
2313 2639 2515 2693 mon
2549 2605 2767 2693 droit
2801 2609 2881 2693 fe
2915 2605 3243 2693 fortifie.

917 2735 1237 2825 MEL.
1279 2735 1567 2851 Voyez
1601 2763 1755 2851 que
1785 2731 1935 2815 son
1963 2731 2283 2819 secours
2321 2757 2649 2819 montre
2683 2727 2873 2851 qu’il
2911 2727 3069 2815 s’en
3103 2727 3331 2815 défie.

913 2863 1145 2947 TIR.
1187 2863 1267 2947 le
1305 2885 1437 2941 me
1471 2885 1717 2977 range
1749 2853 2117 2969 toujours
2151 2885 2345 2941 avec
2379 2853 2463 2937 la
2495 2849 2771 2941 vérité.

913 2985 1229 3069 MEL.
1275 2981 1349 3069 Si
1387 3011 1589 3069 vous
1627 2981 1699 3065 la
1741 2975 2035 3069 voulez
2073 2981 2375 3077 suivre,
2417 2975 2571 3065 elle
2605 2981 2711 3065 cft
2745 2975 2845 3065 de
2879 3011 3085 3069 mon
3129 2971 3369 3065 cofté.

911 3107 1145 3191 TIR.
1187 3107 1385 3221 Ouy
1419 3103 1545 3187 fur
1579 3103 1843 3191 voftre
1877 3103 2187 3221 visage,
2229 3107 2319 3187 Ôt
2357 3137 2531 3191 non
2565 3133 2663 3191 en
2701 3137 2851 3191 vos
2885 3103 3195 3221 paroles
3221 3137 3239 3181 :

1091 3229 1305 3313 Mais
1345 3225 1589 3313 cessez
1633 3225 1733 3313 de
1781 3225 2165 3313 chercher
2207 3259 2335 3313 ces
2369 3229 2697 3313 refuites
2731 3225 3099 3321 frivoles,

1091 3359 1197 3439 Et
1235 3377 1573 3469 prenant
1605 3351 2039 3439 déformais
2081 3351 2217 3439 des
2255 3351 2689 3439 fentimens
2727 3351 2907 3469 plus
2955 3351 3213 3453 doux,

1091 3481 1219 3561 Ne
1261 3477 1489 3591 foyez
1531 3473 1707 3591 plus
1745 3473 1847 3561 de
1885 3473 2113 3597 glace
2151 3473 2195 3561 à
2229 3477 2375 3597 qui
2409 3477 2671 3561 brufle
2715 3509 2925 3597 pour
2971 3509 3199 3565 vous.

907 3599 1219 3687 MEL.
1257 3599 1397 3683 Vn
1431 3625 1777 3719 ennemy
1815 3595 2183 3683 d'amour
2217 3631 2349 3683 me
2387 3599 2589 3683 tenir
2623 3631 2711 3683 ce
2749 3599 3129 3719 langage!

1095 3721 1515 3811 Accordez
1549 3721 1817 3805 voftre
1851 3717 2179 3805 bouche
2217 3753 2409 3805 avec
2443 3721 2707 3811 voftre
2749 3753 3125 3841 courage,

1091 3849 1519 3963 Pratiquez
1557 3875 1707 3927 vos
1741 3839 2117 3937 conseils,
2165 3875 2275 3927 ou
2309 3875 2415 3927 ne
2447 3839 2659 3927 m’en
2697 3845 3021 3927 donnez
3059 3875 3221 3959 pas.

907 3971 1145 4059 TIR.
1191 3967 1289 4055 l’a
1301 3997 1345 4085 y
1387 3997 1663 4051 connu
1701 3997 1903 4051 mon
1947 3997 2213 4051 erreur
2247 3961 2527 4081 auprès
2561 3967 2663 4051 de
2697 3997 2851 4055 vos
2889 3997 3169 4085 appas,

1091 4093 1161 4181 Il
1191 4123 1393 4181 vous
1423 4089 1699 4177 l’avoit
1737 4083 1925 4173 bien
1963 4089 2105 4177 dit.
2169 4093 2331 4173 ER
2335 4093 2445 4173 A.
2487 4089 2707 4173 Ainfi
2741 4123 2867 4177 ma
2901 4089 3321 4207 prophétie

1091 4215 1267 4307 Eft,
1309 4211 1353 4299 à
1393 4245 1481 4299 ce
1515 4245 1673 4329 que
1701 4211 1773 4325 je
1807 4245 2013 4333 voy,
2059 4211 2157 4299 de
2191 4241 2379 4299 tout
2417 4215 2649 4329 point
2693 4211 2989 4299 reüflle.

907 4337 1145 4425 TIR.
1187 4341 1263 4425 Si
1301 4363 1393 4421 tu
1427 4337 1773 4455 pouvois
1811 4337 2191 4455 produire
2221 4367 2323 4421 en
2361 4337 2511 4421 elle
2543 4367 2653 4421 un
2693 4337 2989 4421 mefme
3029 4333 3261 4433 effet,

1091 4467 1607 4583 Croy-moy,
1649 4489 1807 4577 que
1841 4489 1991 4547 ton
2025 4459 2441 4547 bon-heur
2475 4459 2715 4547 feroit
2753 4459 3143 4547 bien-toft
3177 4459 3487 4577 parfait.

907 4585 1225 4673 MEL.
1271 4585 1489 4669 Pour
1523 4585 1703 4673 voir
1741 4581 1795 4669 fi
1829 4617 1983 4705 peu
2021 4585 2117 4669 de
2151 4581 2387 4673 chofe
2427 4585 2797 4673 aufîi-toft
2837 4617 3037 4679 vous
3071 4581 3343 4673 dédire

1091 4713 1241 4791 Me
1279 4707 1551 4797 donne
1589 4703 1633 4791 à
1667 4739 1817 4797 vos
1855 4703 2143 4827 dépens
2181 4707 2279 4797 de
2317 4707 2571 4797 beaux
2609 4713 2841 4831 sujets
2879 4707 2977 4791 de
3015 4707 3191 4805 rire,

1091 4829 1305 4919 Mais
1345 4829 1415 4949 je
1453 4835 1825 4949 pourrois
1863 4829 2257 4919 bien-toft
2299 4829 2345 4919 à
2383 4835 2881 4923 m'entendre
2911 4835 3161 4927 dater.

1091 4961 1559 5045 Concevoir
1593 4957 1943 5079 quelque
1981 4957 2297 5079 orgueil
2331 4957 2519 5079 qu’il
2561 4987 2759 5049 vaut
2797 4957 3073 5045 mieux
3115 4953 3387 5045 éviter.

1091 5079 1441 5163 Excusez
1483 5113 1615 5163 ma
1653 5083 1995 5167 retraite.
2055 5083 2337 5167 ERA.
2391 5083 2697 5175 Adieu,
2735 5079 2941 5167 belle
2981 5079 3469 5175 inhumaine,

1095 5201 1223 5285 De
1257 5201 1397 5315 qui
1427 5197 1637 5285 feule
1681 5197 2035 5319 dépend,
2073 5209 2161 5289 Le
2199 5241 2331 5293 ma
2365 5231 2593 5315 joye,
2635 5209 2723 5289 Le
2763 5235 2893 5293 ma
2933 5209 3181 5323 peine.

907 5323 1227 5411 MEL.
1271 5319 1459 5407 Plus
1493 5323 1669 5441 sage
1707 5319 1747 5411 à
1781 5323 2139 5425 l’avenir,
2173 5331 2479 5451 quittez
2517 5363 2641 5415 ces
2679 5331 2899 5419 vains
2941 5357 3283 5447 propos,

1095 5453 1197 5533 Et
1239 5441 1497 5533 laissez
1537 5449 1799 5533 voftre
1837 5449 2073 5569 esprit
2113 5459 2201 5537 &
2247 5449 2319 5537 le
2357 5453 2571 5537 mien
2605 5485 2707 5543 en
2745 5479 3003 5573 repos.

3237 5799 3801 5909 SCENE
