4267 6626
3167 363 3283 425 ri

1258 329 2410 428 COMEDIE.

608 507 990 622 Quêtant
1028 500 1234 589 belle
1278 496 1322 584 à
1364 527 1476 583 tes
1518 531 1762 619 yeux,
1808 500 1978 615 plus
2016 530 2250 585 outre
2286 500 2358 614 je
2406 497 2754 614 n’aspire.

431 639 663 727 PHI
717 639 899 739 Que
937 626 1239 743 tufçais
1281 626 1775 710 dextrement
1821 621 2147 705 adoucir
2187 652 2387 705 mon
2429 650 2801 740 martyre!

603 759 812 842 Mais
850 781 1128 869 parmy
1165 746 1274 835 les
1315 742 1602 862 plaifirs
1639 743 1960 862 qu’avec
1989 768 2132 861 toy
2161 743 2236 855 je
2273 743 2578 839 reffens,

612 883 683 964 A
726 880 951 993 peine
984 902 1182 960 mon
1222 867 1452 986 esprit
1488 868 1622 951 ofe
1660 893 1912 951 croire
1946 893 2112 948 mes
2144 867 2348 960 fens,

609 1001 1007 1115 Toujours
1049 1022 1265 1081 entre
1299 994 1369 1076 la
1411 992 1741 1083 crainte,
1783 993 1865 1071 Sc
1907 984 2211 1102 l’espoir
2249 1018 2345 1072 en
2381 985 2749 1090 balancej

607 1129 766 1206 Car
808 1118 916 1205 s’il
953 1118 1120 1202 faut
1156 1144 1312 1233 que
1345 1113 1686 1198 l'amour
1726 1104 1960 1193 naiiîe
1993 1110 2090 1193 de
2128 1109 2724 1202 ressemblance,

608 1251 787 1331 Mes
828 1238 1421 1356 imperfections
1458 1264 1667 1319 nous
1708 1231 2121 1349 éloignant
2162 1231 2211 1313 fi
2262 1230 2465 1325 fort,

613 1363 1183 1477 Qifoferois-je
1217 1356 1627 1476 prétendre
1657 1385 1757 1438 en
1795 1382 1881 1439 ce
1911 1385 2063 1468 peu
2101 1351 2197 1439 de
2231 1362 2595 1468 rapport?

432 1493 678 1577 CLO.
720 1489 860 1571 Du
894 1489 1158 1572 moins
1186 1514 1288 1568 ne
1324 1507 1632 1594 pretens
1666 1507 1800 1594 pas
1838 1472 2020 1593 qu’à
2058 1474 2366 1589 prefent
2408 1505 2478 1585 je
2512 1506 2590 1559 te
2627 1472 2848 1571 loue,

608 1617 709 1698 Et
742 1614 989 1727 qu’un
1028 1601 1313 1719 mépris
1346 1597 1513 1686 rufé
1552 1631 1707 1718 que
1740 1626 1883 1683 ton
1928 1625 2149 1680 cœur
2188 1596 2581 1684 defavoiie

609 1739 753 1818 Me
795 1760 1041 1817 mette
1079 1731 1201 1813 fur
1239 1726 1313 1810 la
1355 1725 1645 1843 langue
1675 1751 1783 1805 un
1825 1717 2047 1805 babil
2089 1716 2325 1805 affété

608 1859 826 1944 Pour
864 1882 942 1938 te
984 1850 1262 1938 rendre
1304 1844 1348 1934 à
1394 1878 1590 1931 mon
1628 1872 1814 1930 tour
1856 1872 1942 1927 ce
1976 1873 2132 1960 que
2166 1869 2254 1927 tu
2296 1843 2482 1930 m’as
2524 1840 2740 1961 prété
2766 1877 2780 1921 :

616 1983 745 2064 Au
783 1977 1213 2064 contraire,
1246 1972 1321 2080 je
1350 1997 1555 2055 veux
1592 1997 1745 2080 que
1782 1993 1965 2047 tout
2002 1968 2077 2048 le
2110 1968 2409 2050 monde
2446 1964 2729 2077 fçache

613 2105 800 2208 Que
845 2098 911 2210 je
949 2092 1287 2182 connois
1325 2119 1421 2172 en
1461 2115 1598 2206 toy
1631 2084 1761 2172 des
1799 2084 2103 2171 defauts
2145 2114 2301 2201 que
2337 2084 2409 2198 je
2451 2084 2715 2176 cache,

618 2223 1104 2336 Quiconque
1144 2244 1330 2301 avec
1364 2211 1620 2297 raifon
1658 2235 1848 2322 peut
1890 2206 2080 2292 eftre
2118 2201 2474 2328 négligé',

620 2351 691 2432 A
731 2346 865 2461 qui
906 2344 977 2426 le
1007 2364 1197 2431 veut
1239 2338 1481 2422 aimer
1523 2334 1627 2419 eft
1666 2331 1847 2414 bien
1891 2330 2061 2444 plus
2097 2327 2397 2448 obligé.

439 2473 672 2559 PHI
713 2469 994 2573 Quant
1031 2459 1076 2547 à
1113 2489 1300 2578 toy,
1343 2485 1430 2543 tu
1457 2485 1538 2543 te
1567 2455 1772 2538 crois
1811 2451 1908 2539 de
1947 2450 2366 2568 beaucoup
2393 2451 2568 2570 plus
2601 2447 2984 2539 aimable?

440 2593 688 2677 CLO.
734 2597 916 2677 Sans
948 2586 1236 2676 doute,
1276 2586 1360 2664 Se
1398 2579 1934 2697 qu’aurois-tu
1972 2607 2112 2694 qui
2154 2606 2280 2661 me
2318 2576 2470 2660 fuft
2512 2572 3068 2690 comparable?

441 2715 675 2802 PHI
721 2709 1075 2830 Regarde
1113 2707 1305 2793 dans
1337 2735 1499 2790 mes
1533 2731 1771 2818 yeux,
1825 2704 1913 2785 Se
1951 2728 2363 2818 reconnoy
2403 2693 2637 2815 qu’en
2671 2727 2871 2815 moy

621 2839 760 2918 On
797 2856 982 2949 peut
1021 2831 1200 2917 voir
1241 2821 1586 2944 quelque
1621 2821 1856 2906 chofe
1885 2821 2068 2906 auili
2101 2821 2302 2905 beau
2337 2852 2660 2906 comme
2695 2848 2858 2939 toy.

444 2958 692 3039 CLO.
742 2952 938 3039 C’eft
976 2955 1140 3038 fans
1178 2942 1606 3038 difficulté,
1652 2943 1805 3061 m’y
1842 2971 2142 3060 voyant
2188 2939 2602 3060 exprimée.

449 3080 683 3164 PHI
721 3076 1007 3185 Quitte
1035 3103 1127 3159 ce
1153 3072 1331 3159 vain
1363 3068 1675 3185 orgueil
1717 3067 1917 3151 dont
1947 3094 2025 3150 ta
2055 3076 2253 3151 veué
2291 3068 2395 3150 eft
2427 3063 2815 3151 charmée.

625 3205 752 3286 Tu
790 3196 916 3314 n’y
946 3197 1118 3284 vois
1156 3224 1310 3311 que
1343 3222 1546 3276 mon
1587 3217 1810 3276 cœur
1845 3188 1982 3307 qui
2019 3185 2142 3272 n’a
2179 3188 2350 3307 plus
2389 3219 2500 3272 un
2537 3186 2698 3272 feul
2735 3185 2956 3280 trait,

634 3327 817 3432 Que
854 3349 1043 3406 ceux
1082 3314 1268 3435 qu’il
1308 3343 1350 3398 a
1386 3343 1654 3427 reçeus
1690 3309 1786 3397 de
1826 3339 1974 3397 ton
2010 3309 2426 3397 charmant
2468 3309 2845 3427 portrait,

629 3455 727 3532 Et
765 3446 903 3561 qui
945 3469 1123 3526 tout
1165 3436 1541 3523 aufti-toft
1579 3464 1735 3552 que
1765 3461 1853 3517 tu
1881 3464 2017 3518 tes
2049 3435 2193 3517 fait
2227 3435 2641 3546 paroiftre,

637 3569 822 3652 Afin
853 3564 946 3646 de
980 3589 1058 3646 te
1088 3560 1352 3643 mieux
1390 3557 1610 3646 voir,
1652 3551 1814 3634 s’eft
1846 3556 2004 3635 mis
2035 3551 2080 3634 à
2115 3551 2188 3633 la
2217 3554 2570 3635 feneftre.

458 3689 707 3773 CLO.
746 3689 861 3773 Le
890 3685 1069 3764 trait
1100 3676 1279 3763 n’cft
1312 3707 1443 3790 pas
1474 3671 1871 3765 mauvais,
1916 3671 2113 3755 mais
2148 3667 2513 3786 puisqu'il
2544 3663 2867 3780 teplaift
2900 3688 3099 3764 tant,

637 3806 993 3927 Regarde
1027 3797 1219 3885 dans
1255 3827 1417 3880 mes
1455 3822 1697 3911 yeux,
1735 3793 1827 3875 ils
1859 3788 2011 3876 t’en
2049 3818 2465 3876 montrent
2503 3814 2815 3885 autant,

638 3935 816 4018 Nos
852 3923 1166 4010 brafiers
1206 3948 1386 4006 tous
1424 3914 1702 4031 pareils
1734 3940 1882 3997 ont
1916 3913 2244 4001 mefmes
2281 3910 2702 3998 étincelles.

470 4054 703 4139 PHI.
746 4048 999 4140 Ainfi,
1040 4039 1603 4131 chereCloris,
1644 4068 1791 4122 nos
1830 4038 2145 4122 ardeurs
2182 4029 2603 4122 mutuelles

643 4173 963 4259 Dedans
1001 4193 1201 4251 cette
1239 4163 1489 4247 union
1533 4187 1861 4276 prenant
1903 4190 2007 4242 un
2059 4158 2357 4243 mefme
2395 4186 2663 4250 cours,

648 4301 878 4380 Nous
920 4289 1322 4406 préparent
1368 4315 1476 4367 un
1520 4280 1714 4369 heur
1752 4280 1892 4397 qui
1934 4280 2210 4368 durera
2252 4281 2650 4394 toujours,

652 4414 1123 4531 Cependant
1160 4440 1257 4493 en
1294 4406 1567 4493 faveur
1612 4400 1709 4488 de
1742 4434 1875 4489 ma
1914 4400 2211 4523 longue
2252 4401 2779 4490 souffrance...

483 4543 726 4626 CLO.
773 4542 1172 4652 Tay-toy,
1213 4559 1411 4616 mon
1455 4531 1659 4614 frère
1695 4527 1929 4614 vient.

2779 5591 2835 5665 B
2895 5578 2944 5696 ij
