4267 6694
941 360 1031 540 ^
1792 374 1968 473 M
2048 377 2150 475 E
2246 383 2348 481 L
2446 386 2524 482 I
2626 378 2748 486 T
2846 388 3008 513 E,

1121 543 1336 627 Mais
1373 570 1462 630 ce
1499 540 1776 631 flateur
1825 550 2084 669 espoir
2120 552 2309 673 qu’il
2339 554 2612 668 rejette
2637 588 2740 648 en
2767 593 2970 648 mon
2999 593 3205 665 ame,

1117 662 1332 749 N’eft
1368 662 1620 785 qu’un
1661 668 1880 757 doux
1923 677 2364 792 imposteur
2400 683 3383 801 quauthorifemaflame,

1114 793 1218 874 Et
1264 790 1402 909 qui
1442 789 1615 879 fans
1656 789 2097 883 m’afleurer
2140 827 2229 887 ce
2262 801 2452 922 qu’il
2488 802 2787 891 femble
2820 805 3201 909 m’offrir,

1116 911 1265 996 Me
1294 911 1439 1000 fait
1468 915 1715 1031 plaire
1744 947 1847 1004 en
1874 949 2007 1005 ma
2035 925 2312 1040 peine,
2352 929 2439 1010 6c
2480 923 2913 1017 m’obstine
2942 928 2992 1017 à
3016 933 3362 1027 souffrir.

936 1028 1160 1120 TIR.
1199 1037 1393 1145 Que
1415 1037 1493 1147 je
1520 1063 1597 1122 te
1630 1063 1954 1139 trouve,
1988 1075 2212 1161 amy,
2244 1045 2299 1132 d
2322 1076 2477 1132 une
2502 1046 2847 1136 humeur
2876 1056 3345 1152 admirable:

1109 1159 1330 1244 Pour
1369 1159 1750 1275 paroiftre
1791 1158 2176 1284 éloquent
2213 1194 2304 1254 tu
2339 1195 2416 1254 te
2449 1169 2650 1258 feins
2681 1173 3122 1279 miferable,

1107 1280 1376 1366 Efl-ce
1407 1277 1455 1366 à
1495 1281 1780 1370 deflein
1809 1284 1912 1374 de
1935 1289 2116 1376 voir
2153 1321 2342 1379 avec
2374 1290 2678 1414 quelles
2715 1299 3084 1389 couleurs

1111 1403 1196 1485 le
1229 1403 1576 1519 fçaurois
1617 1404 1950 1497 adoucir
1991 1408 2104 1497 les
2143 1417 2364 1501 traits
2407 1416 2504 1502 de
2533 1444 2648 1506 tes
2685 1420 3128 1514 malheurs?

1106 1525 1235 1607 Ne
1276 1521 1681 1650 t’imagine
1726 1560 1861 1646 pas
1900 1530 2226 1649 qu’ainfi
2266 1537 2389 1624 fur
2426 1566 2505 1628 ta
2544 1542 2821 1659 parole

1102 1643 1369 1732 D’une
1404 1647 1649 1737 fausse
1688 1652 2029 1741 douleur
2070 1688 2181 1742 un
2218 1690 2407 1780 amy
2440 1687 2521 1750 te
2554 1665 2879 1757 confole
2898 1705 2913 1750 :

1098 1769 1227 1849 Ce
1253 1796 1409 1885 que
1438 1768 1745 1859 chacun
1774 1804 1873 1860 en
1906 1774 2023 1859 dit
2050 1809 2155 1867 ne
2184 1779 2339 1867 m’a
2361 1812 2521 1902 que
2554 1813 2735 1906 trop
2764 1796 3023 1912 appris

1097 1887 1289 1993 Que
1326 1888 1611 1976 Melite
1643 1922 1851 2006 pour
1885 1922 2029 2015 toy
2057 1896 2276 1989 n’eut
2315 1900 2592 2021 jamais
2623 1910 2722 1998 de
2759 1912 3078 2032 mépris.

911 2004 1184 2095 ERA.
1225 2013 1388 2095 Son
1421 2013 1792 2128 gracieux
1827 2022 2135 2103 accueil
2169 2027 2256 2103 Le
2289 2052 2426 2108 ma
2457 2034 3014 2142 perfeverancc

1093 2135 1300 2216 Font
1339 2130 1622 2217 naiftre
1655 2162 1744 2216 ce
1777 2130 1968 2221 faux
2011 2136 2230 2229 bruit
2267 2140 2504 2234 d’une
2531 2152 2766 2243 vaine
2799 2187 3263 2278 apparence,

1095 2257 1228 2339 Ses
1265 2248 1556 2368 mépris
1595 2253 1776 2342 font
1817 2258 2155 2359 cachez,
2200 2270 2290 2351 ôc
2321 2267 2477 2360 s’en
2518 2270 2704 2361 font
2742 2284 3009 2368 mieux
3050 2288 3311 2381 sentir.

1092 2379 1195 2459 Et
1228 2371 1527 2461 n’étant
1560 2380 1797 2495 point
1836 2413 2191 2482 connus,
2232 2422 2343 2478 on
2374 2393 2503 2512 n’y
2543 2428 2739 2518 peut
2776 2413 3196 2526 compatir.

906 2494 1134 2582 TIR.
1168 2502 1293 2581 En
1328 2494 1549 2587 étant
1594 2497 1781 2587 bien
1822 2533 2106 2604 receu,
2148 2509 2255 2596 du
2292 2542 2495 2604 reste
2527 2551 2687 2639 que
2720 2523 3169 2646 t’importe?

1090 2615 1297 2705 C’eft
1338 2650 1523 2707 tout
1570 2654 1659 2712 ce
1687 2654 1851 2743 que
1886 2654 1973 2714 tu
2017 2663 2224 2723 veux
2257 2631 2394 2722 des
2435 2637 2634 2730 filles
2675 2645 2774 2730 de
2815 2650 2892 2735 fa
2927 2654 3162 2743 forte.

901 2737 1180 2829 ERA.
1211 2737 1368 2827 Cét
1411 2775 1644 2831 accez
1681 2746 2142 2851 favorable,
2187 2788 2482 2848 ouvert
2523 2766 2612 2848 6c
2649 2763 2852 2858 libre
2889 2767 2933 2858 à
2981 2803 3205 2875 tous,

1081 2867 1214 2949 Ne
1247 2894 1380 2950 me
1421 2863 1568 2952 fait
1602 2902 1738 2988 pas
1777 2894 2106 2967 trouver
2143 2907 2348 2967 mon
2389 2911 2736 3009 martyre
2772 2890 2948 3014 plus
2985 2897 3231 3000 doux,

1074 2984 1248 3076 Elle
1289 2984 1588 3079 fouffre
1635 2990 2014 3084 aisément
2056 3031 2225 3089 mes
2258 3003 2517 3104 foins,
2558 3015 2647 3101 6c
2684 3045 2883 3105 mon
2910 3020 3021 3109 fer
3032 3025 3231 3122 vice,

1076 3108 1291 3193 Mais
1324 3108 1501 3197 loin
1538 3112 1637 3202 de
1678 3116 1755 3200 fe
1790 3116 2165 3211 refoudre
2210 3120 2256 3213 à
2292 3126 2463 3217 leur
2502 3135 2787 3227 rendre
2823 3138 3126 3253 justice,

1076 3229 1341 3318 Parler
1382 3229 1479 3320 de
1516 3230 1989 3353 l’Hymenée
2028 3243 2073 3332 à
2114 3277 2203 3332 ce
2244 3278 2469 3341 cœur
2516 3256 2613 3345 de
2650 3260 2974 3361 rocher,

1076 3348 1283 3437 C’eft
1318 3351 1671 3474 l’unique
1699 3391 1998 3481 moyen
2027 3365 2129 3455 de
2153 3379 2338 3461 n’en
2375 3379 2552 3493 plus
2583 3387 3044 3502 approcher.

891 3471 1118 3559 TIR.
1153 3476 1284 3559 Ne
1315 3473 1806 3568 dissimulons
1831 3491 2108 3602 point,
2157 3522 2246 3580 tu
2275 3500 2530 3618 réglés
2559 3509 2826 3596 mieux
2867 3539 2948 3597 ta
2981 3517 3235 3616 flame,

1075 3599 1178 3681 Et
1219 3622 1310 3680 tu
1355 3594 1514 3685 nés
1548 3634 1684 3715 pas
1717 3603 1777 3688 fi
1805 3605 1950 3694 fou
1986 3642 2142 3727 que
2179 3613 2356 3703 d’en
2387 3622 2582 3712 faire
2615 3656 2696 3712 ta
2725 3630 3047 3721 femme.

887 3717 1161 3803 ERA.
1206 3721 1497 3838 Quoy,
1539 3748 1628 3807 tu
1661 3726 1998 3812 fembles
2041 3735 2329 3821 douter
2366 3740 2463 3824 de
2494 3778 2665 3830 mes
2702 3752 3184 3842 intentions?

888 3833 1119 3925 TIR.
1154 3848 1239 3924 le
1272 3870 1465 3958 croy
1504 3840 2049 3937 malaisément
2082 3882 2243 3971 que
2288 3884 2399 3946 tes
2436 3860 2861 3956 asseyions

1068 3967 1217 4047 Sur
1254 3957 1515 4051 l’éclat
1556 3962 1741 4052 d’un
1782 3966 1985 4055 beau
2022 3977 2225 4063 teint
2261 3980 2513 4099 qu’on
2550 3991 2725 4078 voit
2762 3991 2817 4078 fi
2859 3996 3267 4112 périssable

1068 4084 1411 4204 Règlent
1452 4084 1685 4174 d’une
1722 4088 2009 4181 moitié
2048 4092 2121 4185 le
2158 4097 2399 4190 choix
2438 4109 2896 4203 invariable.

1075 4209 1208 4290 Tu
1245 4206 1484 4296 ferois
1521 4210 1836 4311 incivil,
1873 4214 1950 4304 la
1979 4248 2280 4343 voyant
2319 4224 2626 4351 chaque
2659 4235 2869 4350 jour,

1063 4327 1192 4411 De
1219 4359 1322 4413 ne
1351 4328 1488 4447 luy
1525 4336 1732 4422 tenir
1768 4367 1906 4455 pas
1934 4343 2320 4464 quelques
2350 4380 2652 4473 propos
2685 4358 3083 4469 d’amour;

1063 4453 1276 4536 Mais
1313 4451 1498 4539 d’un
1539 4458 1720 4544 vain
1761 4463 2294 4579 compliment
2331 4503 2409 4560 ta
2446 4480 2739 4592 paflion
2784 4480 3089 4577 bornée

1060 4572 1309 4661 Caisse
1348 4572 1535 4662 aller
1578 4607 1693 4665 tes
1730 4580 2055 4674 desseins
2092 4590 2399 4684 ailleurs
2435 4632 2643 4718 pour
2680 4602 3174 4727 l’Hymenée.

1062 4697 1193 4775 Tu
1228 4694 1417 4813 fçais
1449 4702 1703 4817 qu’on
1738 4734 1819 4792 te
1844 4707 2203 4801 souhaite
2236 4746 2387 4806 aux
2423 4720 2599 4840 plus
2632 4729 2883 4819 riches
2920 4737 3300 4835 massons.

1061 4817 1253 4921 Que
1276 4817 1385 4905 les
1416 4821 1813 4914 meilleurs
1847 4833 2168 4949 partis...
2214 4841 2486 4930 ERA.
2539 4845 2796 4941 Trêve
2827 4851 2926 4940 de
2967 4886 3092 4945 ces
3129 4864 3446 4966 raifons,

1060 4941 1276 5024 Mon
1311 4973 1596 5031 amour
1629 4946 1784 5037 s’en
1817 4951 2164 5054 offense,
2197 4965 2286 5050 6c
2323 4966 2700 5056 tiendroit
2728 5007 2934 5092 pour
2967 4981 3314 5101 supplice

1061 5059 1192 5145 De
1229 5070 1580 5152 recevoir
1613 5069 1746 5158 des
1781 5073 1946 5162 loix
1987 5077 2220 5171 d’une
2257 5085 2408 5175 fale
2437 5095 2777 5194 avarice,

1055 5178 1126 5262 11
1165 5211 1292 5268 me
1325 5185 1520 5272 rend
1553 5190 1954 5280 insensible
1993 5230 2142 5287 aux
2170 5208 2355 5294 faux
2393 5216 2691 5301 attraits
2732 5217 2829 5305 de
2862 5218 3047 5319 l’or,

1055 5305 1158 5385 Et
1191 5329 1479 5394 trouve
1512 5340 1615 5397 en
1646 5312 1723 5398 fa
1760 5317 2143 5431 personne
2182 5360 2291 5414 un
2340 5334 2535 5418 assez
2567 5339 2824 5455 grand
2862 5346 3126 5432 trefor.

876 5421 1106 5507 TIR.
1142 5425 1216 5511 Si
1252 5421 1549 5514 c’eft-la
1582 5431 1659 5518 le
1686 5436 2003 5527 chemin
2031 5473 2265 5562 quen
2288 5453 2587 5541 aimant
2618 5487 2709 5542 tu
2736 5491 2937 5550 veux
2964 5465 3244 5567 suivre.

1062 5547 1187 5633 Tu
1230 5577 1331 5638 ne
1372 5551 1563 5638 feais
1595 5586 1837 5676 guere
1870 5591 2111 5651 encor
2149 5600 2239 5659 ce
2271 5604 2431 5689 que
2467 5575 2639 5664 c’eft
2675 5612 2830 5703 que
2867 5583 2966 5672 de
3003 5593 3248 5681 vivre.
