4267 6647
1186 414 2518 522 TRAGEDIE.

938 706 2118 882 SCENE
2382 722 2658 886 III

1162 1038 1246 1134 C
1282 1038 1378 1134 L
1430 1042 1506 1134 I
1554 1026 1666 1134 T
1710 1038 2522 1138 ANDRE'

585 1319 685 1537 I
693 1321 755 1399 E
789 1347 885 1399 ne
923 1311 1087 1429 fçay
1121 1311 1179 1399 fi
1207 1311 1283 1425 je
1315 1311 1581 1403 veille,
1619 1341 1729 1395 ou
1761 1311 1815 1395 fi
1853 1347 1983 1399 ma
2021 1315 2343 1399 rcfverie

697 1441 763 1521 A
805 1467 971 1521 mes
1001 1437 1161 1521 fens
1195 1433 1593 1521 endormis
1631 1433 1771 1517 fait
1805 1433 2147 1551 quelque
2181 1441 2633 1555 tromperie,

581 1563 741 1645 Peu
779 1589 811 1641 s
835 1589 931 1641 en
965 1559 1135 1641 faut
1169 1559 1361 1641 dans
1399 1549 1671 1641 l’excès
1705 1553 1797 1641 de
1827 1589 1961 1641 ma
1991 1559 2411 1641 confusion

581 1683 767 1785 Que
801 1683 867 1781 je
909 1709 1005 1763 ne
1039 1701 1329 1793 prenne
1363 1705 1547 1763 tout
1579 1709 1785 1793 pour
1823 1709 1979 1763 une
2013 1679 2347 1763 illufion.

581 1801 989 1883 Clitandre
1027 1801 1455 1915 prisonnier
1481 1827 1495 1879 !
1519 1801 1589 1915 je
1623 1797 1797 1883 n'en
1835 1801 1975 1883 fais
2013 1835 2143 1919 pas
2181 1801 2581 1919 croyable,

581 1927 711 2039 Ny
745 1917 901 2005 l'air
935 1921 1079 2005 sale
1121 1927 1205 2005 èc
1247 1953 1495 2039 puant
1533 1921 1715 2005 d’un
1749 1921 2039 2009 cachot
2069 1921 2529 2039 effroyable,

581 2047 711 2161 Ny
749 2043 845 2131 de
879 2073 971 2131 ce
1005 2043 1253 2131 foible
1285 2043 1465 2157 jour
1503 2043 1525 2127 1
1553 2047 1979 2131 incertaine
2013 2043 2277 2139 clarté,

577 2173 707 2281 Ny
745 2165 815 2251 le
853 2165 1075 2281 poids
1113 2169 1209 2247 de
1247 2195 1369 2251 ces
1403 2165 1555 2247 fers
1593 2165 1793 2247 dont
1823 2173 1889 2265 je
1917 2165 2065 2247 fuis
2099 2165 2385 2265 arreté;

577 2293 659 2373 le
693 2289 803 2373 les
835 2289 1045 2381 fens,
1069 2289 1139 2399 je
1177 2285 1283 2369 les
1321 2315 1521 2403 voy,
1553 2289 1749 2369 mais
1783 2319 1979 2373 mon
2025 2319 2195 2373 ame
2233 2289 2663 2373 innocente

577 2407 923 2495 Dément
961 2441 1143 2495 tous
1173 2407 1279 2495 les
1311 2407 1567 2511 objets
1611 2441 1763 2529 que
1801 2441 1997 2495 mon
2035 2407 2173 2495 ccil
2207 2407 2343 2525 luy
2381 2411 2757 2525 présenté.

581 2541 677 2615 Et
711 2531 781 2615 le
819 2531 1343 2623 désavouant,
1385 2527 1677 2615 défend
1715 2527 1759 2615 à
1791 2563 1923 2615 ma
1957 2531 2213 2615 raison

581 2657 703 2737 De
745 2687 871 2741 me
905 2653 1309 2771 persuader
1337 2683 1495 2771 que
1533 2653 1603 2767 je
1637 2657 1789 2737 fois
1827 2683 1919 2741 en
1953 2653 2239 2767 prison,

577 2783 655 2857 la
667 2779 853 2861 mais
891 2809 1149 2861 aucun
1191 2775 1503 2871 forfait,
1537 2809 1789 2861 aucun
1831 2775 2113 2861 defiein
2151 2779 2447 2861 infâme

571 2895 725 2979 N’a
757 2931 853 3013 pu
887 2895 1201 2983 fouiller
1239 2931 1365 2979 ma
1403 2899 1615 2983 main
1649 2965 1671 2991 ,
1709 2931 1815 3013 ny
1849 2895 2105 3017 glifier
2143 2899 2329 2983 dans
2371 2931 2563 2983 mon
2609 2931 2809 2991 ame,

577 3025 673 3105 Et
705 3021 777 3131 je
815 3021 957 3105 fuis
991 3043 1265 3105 retenu
1303 3021 1491 3105 dans
1523 3051 1645 3105 ces
1679 3021 2023 3105 funestes
2061 3021 2265 3105 lieux
2293 3047 2309 3099 i

577 3147 811 3233 Non,
835 3143 997 3225 cela
1021 3173 1117 3225 ne
1147 3143 1221 3225 fe
1259 3169 1481 3255 peut,
1511 3173 1715 3229 vous
1753 3173 1953 3229 vous
1991 3169 2395 3259 trompez,
2423 3169 2589 3225 mes
2627 3173 2853 3259 yeux,

577 3267 837 3351 l’aime
871 3263 1131 3351 mieux
1169 3263 1477 3377 rejetter
1511 3297 1655 3351 vos
1693 3263 1863 3381 plus
1895 3263 2121 3351 clairs
2159 3263 2737 3385 témoignages,

577 3389 841 3471 l’aime
879 3389 1139 3471 mieux
1177 3381 1563 3471 démentir
1601 3411 1689 3471 ce
1719 3385 1961 3503 qu’on
2005 3415 2131 3471 me
2169 3385 2303 3467 fait
2345 3385 2815 3503 d’outrages,

577 3509 755 3611 Que
793 3509 885 3593 de
927 3505 1413 3627 m’imaginer
1445 3509 1625 3593 fous
1657 3541 1763 3589 un
1801 3505 1849 3589 fi
1887 3509 2087 3619 juste
2125 3515 2303 3623 Roy

581 3627 849 3741 Qir’on
883 3631 1161 3745 peuple
1199 3631 1305 3709 les
1341 3631 1637 3745 priions
1679 3627 2135 3715 d’innocens
2165 3657 2485 3709 comme
2523 3657 2745 3745 moy.

659 3747 1123 3865 Cependant
1155 3747 1221 3861 je
1259 3747 1413 3839 m’v
1445 3779 1775 3845 trouve,
1809 3753 1897 3831 &
1939 3743 2117 3835 bien
2155 3783 2313 3865 que
2351 3779 2477 3831 ma
2519 3743 2789 3861 penfée

571 3869 1027 3957 Recherche
1065 3869 1105 3957 à
1143 3873 1213 3957 la
1251 3873 1567 3991 rigueur
1605 3903 1733 3957 ma
1775 3873 2153 3957 conduite
2199 3869 2473 3987 passée»

571 3999 781 4083 Mon
819 3999 1087 4077 exaéte
1125 3995 1439 4077 censure
1477 4025 1517 4077 a
1553 3995 1755 4083 beau
1791 3995 2265 4087 l’examiner,

567 4125 681 4203 Ec
719 4121 957 4203 crime
991 4121 1127 4233 qui
1165 4147 1291 4199 me
1333 4115 1521 4233 perd
1559 4151 1655 4203 ne
1689 4121 1759 4203 fe
1797 4147 1979 4233 peut
2021 4115 2369 4211 deviner,

571 4249 673 4325 Et
705 4237 1041 4355 quelque
1077 4237 1329 4359 grand
1363 4237 1603 4325 effort
1637 4271 1789 4355 que
1827 4237 2013 4325 faite
2047 4271 2179 4325 ma
2207 4237 2623 4333 mémoire,

571 4363 737 4445 Elle
775 4393 867 4445 ne
905 4393 1027 4445 me
1061 4363 1365 4445 fournit
1403 4393 1559 4481 que
1597 4363 1723 4445 des
1757 4363 1983 4475 sujets
2021 4363 2117 4445 de
2155 4359 2433 4481 gloire.

571 4483 699 4567 Ah
731 4483 1057 4575 Prince,
1099 4483 1273 4567 c’eft
1315 4479 1741 4597 quelqu’un
1775 4483 1871 4567 de
1909 4519 2053 4571 vos
2091 4483 2399 4567 faveurs
2441 4479 2701 4579 jaloux

571 4609 741 4713 Qui
783 4605 1191 4723 m’impute
1233 4635 1279 4683 a
1311 4605 1585 4687 forfait
1619 4601 1879 4687 d’eftre
1917 4605 2153 4723 chery
2191 4605 2287 4687 de
2319 4631 2545 4693 vous,

571 4735 681 4813 Le
715 4757 967 4843 temps
1005 4725 1247 4843 qu’on
1285 4721 1495 4809 m’en
1523 4721 1823 4839 fcpare,
1849 4757 1953 4809 on
1987 4725 2057 4809 le
2095 4725 2365 4809 donne
2397 4721 2443 4809 à
2475 4721 2793 4813 l’Envie,

571 4855 923 4935 Comme
961 4877 1117 4931 une
1161 4843 1439 4931 liberté
1477 4843 1893 4931 d’attenter
1927 4847 2049 4931 fur
2087 4881 2213 4931 ma
2251 4877 2403 4939 vie,

567 4977 677 5055 Le
715 5003 937 5055 cœur
969 5003 1169 5055 vous
1207 4969 1279 5051 le
1315 4969 1599 5061 disoit,
1641 4973 1719 5051 de
1761 4995 1827 5077 je
1869 4999 1967 5051 ne
1999 4969 2179 5081 fçay
2221 4989 2629 5051 comment

577 5099 785 5177 Mon
823 5093 1071 5177 destin
1113 5123 1239 5177 me
1277 5089 1543 5207 pouffa
1579 5089 1767 5173 dans
1809 5085 1931 5173 céc
1965 5085 2545 5207 aveuglement,

571 5215 699 5299 De
731 5215 1035 5325 rejetter
1073 5215 1287 5303 l’avis
1325 5215 1417 5293 de
1459 5245 1655 5293 mon
1683 5211 1893 5293 Dieu
1935 5207 2325 5293 tutelaire*.

577 5331 771 5419 C’cft
809 5337 885 5419 là
917 5367 1045 5419 ma
1077 5337 1279 5419 feule
1315 5331 1529 5419 faute
1571 5397 1589 5427 ,
1627 5337 1715 5415 &
1761 5331 1923 5415 c’en
1965 5331 2069 5415 efl
2117 5327 2187 5415 le
2229 5327 2515 5419 salaire.

577 5453 767 5541 C’en
809 5457 911 5541 efi
949 5457 1019 5541 le
1057 5453 1485 5541 châtiment
1519 5483 1677 5571 que
1715 5461 1779 5553 je
1817 5453 2069 5553 reçois
2103 5453 2251 5567 icy,

577 5579 711 5661 On
745 5605 945 5665 vous
975 5609 1269 5697 vange,
1299 5609 1491 5661 mon
1529 5579 1805 5661 Prince
1839 5639 1863 5671 ,
1901 5605 1997 5657 en
2029 5605 2157 5657 me
2195 5575 2511 5661 traitant
2541 5575 2757 5679 ainfi;

3297 1181 3321 1213 *
3337 1177 3389 1239 il
3419 1177 3563 1269 parle

3293 1272 3566 1354 enprijoft*

2625 5691 2821 5808 L ij
