4267 6540
3228 331 3349 460 vij
676 1311 3055 1572 DISCOVRS

379 1711 588 1813 DE
711 1681 1711 1797 L’VTILITE'
1827 1683 2052 1784 ET
2187 1675 2496 1779 DES
2623 1666 3372 1771 PARTIES

518 1928 815 2070 DV
908 1889 1607 2063 POEME
1685 1897 3191 2049 DRAMATIQVE

1199 2318 1250 2404 /
1269 2316 1354 2399 E
1367 2317 1486 2399 2S[
1530 2343 1676 2432 que
1701 2305 1922 2424 félon
1967 2312 2326 2391 Aristote
2363 2300 2430 2382 le
2457 2293 2646 2411 feul
2691 2292 2830 2380 but
2865 2287 2962 2378 de
2997 2288 3080 2374 la
3125 2292 3382 2407 Foefie

1205 2443 1746 2554 Dramatique
1777 2426 1928 2543 fait
1953 2426 2052 2509 de
2069 2423 2324 2544 plaire
2359 2452 2528 2506 aux
2551 2423 3060 2535 Spectateurs,
3231 2440 3384 2529 que

1200 2556 1279 2642 la
1322 2552 1687 2671 pluspart
1714 2551 1811 2638 de
1845 2580 1963 2634 ces
2000 2546 2327 2630 Poèmes
2358 2538 2537 2623 leur
2562 2563 2805 2655 ayent
2838 2529 2979 2650 plu
3003 2544 3029 2638 ,
3058 2543 3133 2638 je
3164 2558 3387 2612 veux

1202 2674 1373 2761 bien
1398 2673 1699 2757 avouer
1720 2667 2069 2786 toutefois
2104 2696 2255 2783 que
2304 2658 2687 2773 beaucoup
2708 2653 3140 2737 d'entreux
3172 2654 3394 2731 nont

1205 2824 1336 2888 pas
1364 2798 1658 2880 atteint
1695 2790 1766 2872 le
1809 2786 1948 2872 but
1991 2786 2086 2869 de
2125 2783 2366 2868 l'Art.
2483 2780 2544 2863 Il
2585 2806 2680 2861 ne
2717 2775 2882 2860 faut
2921 2802 3048 2885 pas
3081 2797 3388 2881 préten¬

1205 2914 1374 3009 dre,
1401 2913 1526 3000 dit
1563 2947 1638 2994 ce
1677 2902 2124 3025 Pbilofiphe
2137 2969 2164 2999 ,
2205 2934 2358 3020 que
2385 2931 2472 2986 ce
2495 2926 2731 3017 genre
2766 2897 2859 2977 de
2887 2887 3153 2978 Poefie
3185 2918 3387 2974 nous

1204 3036 1463 3120 donne
1502 3059 1727 3116 toute
1770 3029 1973 3115 forte
2014 3028 2109 3110 de
2150 3020 2437 3139 plaifir,
2482 3019 2675 3103 mais
2704 3015 3127 3098 feulement
3172 3007 3395 3118 celuy

388 3195 525 3280 qui
566 3168 693 3277 luy
728 3163 829 3242 eft
868 3185 1147 3273 propre
1188 3170 1211 3259 ;
1252 3151 1353 3248 éfi
1376 3178 1573 3272 pour
1604 3177 1930 3233 trouver
1960 3177 2038 3229 ce
2062 3143 2336 3258 plaifir
2368 3168 2506 3258 qui
2549 3134 2685 3255 luy
2712 3135 2817 3246 efi
2832 3154 3102 3250 propre
3118 3195 3149 3225 3
3190 3125 3288 3218 éfi
3325 3126 3396 3204 le

391 3284 680 3366 donner
715 3309 884 3362 aux
919 3279 1378 3391 Spectateurs
1402 3338 1430 3370 3
1465 3270 1532 3353 il
1537 3271 1742 3386 faut
1743 3267 2030 3382 filivre
2065 3261 2178 3345 les
2217 3265 2626 3373 Préceptes
2665 3254 2758 3336 de
2797 3250 2830 3333 l
2855 3257 3064 3348 Art,
3107 3240 3204 3339 éfi
3235 3241 3404 3328 leur

379 3399 633 3518 plaire
654 3396 871 3515 filon
896 3399 1023 3510 fis
1057 3390 1349 3515 Refies.
1461 3386 1539 3477 Il
1581 3389 1676 3502 efi
1709 3408 2071 3472 constant
2105 3377 2303 3501 qu'il
2341 3412 2392 3496 y
2437 3411 2487 3459 a
2524 3378 2659 3460 des
2690 3377 3097 3485 Préceptes
3121 3390 3147 3481 ,
3189 3368 3401 3480 puis¬

396 3518 597 3638 qu'il
640 3551 685 3637 y
724 3548 779 3600 a
818 3548 925 3600 un
958 3520 1119 3613 Art
1137 3581 1165 3613 3
1208 3518 1409 3596 mais
1450 3509 1515 3595 il
1554 3515 1627 3592 n
1634 3510 1739 3617 efi
1752 3531 1899 3622 pas
1936 3521 2297 3583 constant
2334 3492 2559 3613 quels
2596 3489 2697 3573 ils
2716 3487 2923 3604 fint.
3040 3487 3171 3566 On
3220 3512 3398 3563 con¬

396 3641 622 3724 vient
655 3636 764 3719 du
806 3666 978 3719 nom
1011 3634 1204 3749 fans
1244 3657 1618 3714 convenir
1651 3624 1748 3707 de
1783 3619 1866 3701 la
1908 3615 2152 3732 chofij
2193 3611 2292 3706 &
2326 3646 2422 3695 on
2458 3607 2840 3694 s’accorde
2853 3603 3004 3718 fier
3035 3598 3144 3684 les
3175 3624 3400 3718 paro¬

399 3756 510 3841 les
532 3782 560 3872 ,
591 3781 790 3872 pour
819 3777 1194 3839 contester
1217 3748 1356 3864 fur
1381 3744 1554 3830 leur
1563 3739 2106 3863 fignification.
2191 3731 2278 3816 Jl
2291 3734 2490 3847 faut
2525 3725 2884 3843 obfirver
2917 3722 3198 3805 l’unité
3231 3717 3403 3801 d’a¬

401 3879 589 3959 ction
609 3877 635 3970 ,
676 3876 767 3959 de
808 3871 1015 3971 lieu,
1060 3867 1161 3962 (fi
1200 3868 1295 3954 de
1336 3881 1509 3971 jour
1517 3890 1543 3982 ,
1581 3861 1939 3982 perfinne
1980 3863 2053 3941 n
2061 3889 2153 3937 en
2188 3854 2421 3937 doute
2461 3880 2485 3953 ;
2529 3850 2735 3932 mais
2769 3878 2847 3927 ce
2882 3875 2935 3928 n
2963 3842 3067 3953 efi
3074 3865 3221 3958 pas
3256 3871 3409 3923 une

392 3998 639 4110 petite
676 3990 1059 4110 difficulté
1094 3991 1189 4074 de
1228 3987 1321 4106 fi
1320 3991 1561 4070 avoir
1606 4015 1685 4064 ce
1742 4008 1889 4098 que
1942 3973 2109 4086 cefi
2150 4004 2301 4093 que
2342 3997 2537 4057 cette
2590 3965 2821 4051 unité
2860 3963 3185 4046 d’action
3216 3973 3247 4056 ,
3310 3951 3411 4047 Çfi

405 4126 714 4235 jusques
754 4109 850 4196 où
886 4136 1076 4230 peut
1112 4106 1486 4192 s’étendre
1530 4127 1722 4188 cette
1762 4093 1992 4183 unité
2023 4092 2118 4178 de
2145 4122 2332 4201 jour
2342 4156 2374 4189 j
2419 4088 2514 4184 Çjf
2555 4087 2652 4174 de
2691 4083 2876 4170 heu.
2937 4076 3018 4161 Il
3033 4083 3226 4196 faut
3261 4106 3414 4195 que

409 4234 482 4314 le
527 4238 760 4315 Poète
815 4233 1056 4315 traite
1103 4229 1252 4342 fin
1313 4228 1536 4332 Sujet
1571 4220 1798 4336 filon
1857 4212 1928 4298 le
1981 4203 2638 4333 vray-fimblable
2701 4201 2798 4298 éfi
2856 4200 2927 4286 le
2981 4232 3075 4281 ne
3083 4194 3255 4311 cefia
3257 4228 3371 4277 ire
3389 4237 3416 4294 $

408 4356 765 4438 Aristote
800 4349 871 4429 le
906 4349 1079 4446 dit,
1112 4344 1211 4440 Çfi
1242 4370 1415 4426 tous
1444 4341 1557 4456 fies
1604 4343 2051 4451 interprètes
2090 4355 2431 4447 répètent
2470 4327 2581 4409 les
2622 4356 2741 4409 me
2720 4323 2899 4438 fine
2900 4357 2937 4404 s
2976 4339 3227 4412 mots,
3278 4317 3421 4435 qui

414 4472 583 4555 leur
596 4463 981 4584 fimblent
1012 4468 1101 4579 fi
1142 4462 1375 4549 clairs
1417 4449 1517 4554 éfi
1550 4459 1639 4570 fi
1668 4450 2144 4572 intelligibles
2172 4484 2199 4568 ,
2240 4454 2634 4568 qu'aucun
2687 4445 2924 4528 d'eux
2964 4470 3016 4521 n
3044 4471 3096 4520 a
3141 4429 3426 4549 daigné

417 4620 604 4673 nous
633 4587 804 4673 dire
826 4620 854 4685 ,
893 4583 1256 4702 non-plus
1291 4612 1442 4701 que
1481 4577 1614 4694 luy
1646 4608 1670 4673 ,
1725 4607 1804 4660 ce
1857 4603 2006 4692 que
2047 4570 2216 4681 cefi
2243 4599 2392 4686 que
2431 4599 2512 4651 ce
2547 4552 3202 4680 vray-femblable
3236 4549 3264 4648 ,
3321 4547 3422 4643 &

421 4744 501 4792 ce
537 4740 627 4793 ne
635 4739 709 4791 ce
694 4706 945 4825 faire.
1009 4710 1422 4819 Beaucoup
1461 4698 1581 4808 me
1562 4697 1735 4808 fine
1771 4718 1905 4776 ont
1924 4693 2016 4804 fi
2035 4714 2187 4804 peu
2223 4684 2591 4797 confideré
2623 4714 2703 4767 ce
2738 4681 3069 4770 dernier,
3109 4675 3251 4791 qui
3287 4702 3427 4753 ac¬

418 4852 815 4945 compagne
856 4837 1195 4933 toujours
1236 4818 1519 4903 l’autre
1558 4812 1775 4933 chef
1796 4846 1871 4895 ce
1910 4803 2359 4924 Philofophe
2377 4803 2405 4902 ,
2448 4799 2759 4916 horfimis
2806 4828 2959 4881 une
2998 4786 3217 4907 feule
3232 4791 3427 4906 fois,

422 4945 520 5028 où
560 4944 626 5030 tl
668 4939 888 5061 parle
945 4945 1038 5028 de
1093 4939 1178 5025 la
1231 4935 1586 5023 Comedie
1610 4967 1632 5053 ,
1682 4935 1910 5053 qu'on
1972 4962 2062 5011 en
2126 4928 2227 5039 efi
2288 4953 2510 5009 venu
2555 4914 2882 5038 jusqu’à
2941 4905 3230 4997 établir
3280 4939 3432 4993 une

421 5065 812 5150 JHaxime
851 5060 1272 5179 tres-faujje
1300 5123 1326 5153 ,
1367 5054 1548 5177 qu'il
1583 5053 1748 5137 faut
1793 5079 1944 5167 que
1981 5047 2054 5133 le
2095 5050 2306 5154 Sujet
2337 5046 2566 5129 d'une
2611 5033 2988 5165 Tragédie
3019 5033 3170 5116 foit
3207 5054 3425 5136 vray-

426 5178 845 5269 femblable
881 5214 905 5280 ;
945 5177 1415 5295 appliquant
1449 5169 1656 5294 ainfi
1687 5201 1855 5253 aux
1895 5165 2323 5252 conditions
2362 5162 2473 5248 du
2508 5166 2729 5267 Sujet
2764 5139 2847 5239 Ta
2887 5145 3165 5234 moitié
3210 5145 3305 5226 de
3350 5174 3429 5222 ce

434 5298 629 5418 qu'il
664 5333 717 5383 a
754 5297 883 5384 dit
916 5297 1009 5380 de
1060 5294 1145 5380 la
1198 5298 1539 5381 maniéré
1580 5293 1673 5376 de
1714 5284 1783 5372 le
1822 5289 2119 5371 traiter.
2232 5285 2337 5366 Ce
2388 5280 2567 5389 n'efi
2606 5301 2751 5401 pas
2798 5275 3025 5393 qu'on
3070 5297 3162 5350 ne
3204 5255 3430 5376 puifie

423 5421 620 5532 faire
660 5450 810 5505 une
851 5413 1228 5537 Tragédie
1265 5413 1454 5499 d'un
1499 5416 1722 5520 Sujet
1745 5425 2160 5528 purement
2193 5391 2846 5521 vray-fimblable
2880 5391 2906 5486 ,
2955 5382 3024 5473 il
3057 5413 3150 5466 en
3185 5378 3434 5465 donne
