4267 6606
778 414 850 483 x
1746 378 2855 487 DISCOVRS

777 585 818 633 s
841 546 1158 634 énoncer
1179 543 1332 663 fitr
1371 546 1484 633 tes
1531 546 1964 634 Maximes
1997 550 2092 635 de
2129 545 2216 634 la
2257 547 2584 636 Morale
2607 550 2634 652 ,
2813 552 2906 638 de
2937 551 3020 639 la
3049 551 3474 677 Politique.
3588 563 3808 651 'Tous

774 701 935 756 mes
964 671 1281 751 Poèmes
1312 668 1907 759 demeureraient
1934 668 2105 755 bien
2120 675 2541 789 estropiez»
2552 675 2643 790 fi
2666 705 2763 759 on
2800 706 2893 760 en
2924 675 3377 760 retranchait
3406 711 3487 763 ce
3518 714 3673 799 que
3696 684 3807 807 fy

773 821 872 875 en
903 816 1008 911 ay
1041 786 1278 905 mejlé
1299 826 1322 892 ;
1355 796 1558 876 mais
1587 822 1808 876 encor
1833 821 1944 876 un
1969 817 2195 913 coup,
2225 786 2286 883 H
2327 825 2418 876 ne
2453 790 2562 875 les
2573 795 2770 914 faut
2791 821 2934 914 pas
2969 791 3252 915 pouffer
3277 792 3438 879 loin
3455 799 3660 918 fans
3695 804 3806 889 les

774 890 1179 1030 appliquer
1204 941 1313 996 au
1344 909 1834 1031 particulier,
1868 938 2295 1001 autrement
2330 912 2493 1027 cefi
2520 945 2631 1000 un
2658 912 2817 1001 lieu
2858 946 3217 1003 commun
3234 985 3266 1018 ,
3290 921 3427 1038 qui
3458 952 3557 1004 ne
3578 955 3808 1008 man¬

767 1061 915 1149 que
955 1037 1243 1141 jamais
1289 1032 1697 1155 dennuyer
1729 1028 2231 1132 l’Auditeur,
2273 1059 2497 1155 parce
2529 1033 2730 1155 quil
2745 1041 2932 1156 fatt
2963 1033 3283 1159 languir
3313 1036 3659 1141 l’affton,
3703 1044 3808 1143 (fi

770 1148 1108 1275 quelque
1144 1152 1700 1271 heureufement
1730 1186 1878 1274 que
1910 1152 2196 1276 reüfjiffe
2228 1179 2346 1241 cet
2370 1153 2660 1278 étalage
2680 1156 2776 1241 de
2792 1157 3387 1262 Moralités,il
3394 1165 3600 1280 faut
3622 1187 3802 1250 tou¬

761 1287 969 1383 jours
1007 1276 1349 1360 craindre
1380 1307 1533 1395 que
1567 1308 1645 1361 ce
1673 1309 1769 1362 ne
1784 1272 1937 1391 fiit
1979 1308 2085 1357 un
2121 1277 2219 1362 de
2259 1309 2379 1361 ces
2413 1303 2841 1366 ornements
2869 1277 3345 1382 ambitieux,
3376 1315 3483 1403 qu
3507 1286 3805 1375 Horace

766 1423 960 1477 nous
994 1394 1310 1482 ordonne
1342 1394 1440 1483 de
1466 1394 1916 1482 retrancher.

899 1514 1373 1636 I’avoüeray
1429 1519 1765 1637 toutefois
1798 1547 1951 1637 que
1991 1514 2105 1603 les
2155 1518 2493 1607 discours
2520 1552 2927 1642 generaux
2973 1548 3107 1610 ont
3136 1523 3493 1641 fbuvent
3526 1560 3803 1649 grâce,

757 1635 1038 1757 quand
1063 1630 1272 1758 celuy
1303 1639 1442 1756 qui
1479 1633 1586 1722 les
1613 1661 1976 1753 prononce
2017 1635 2118 1731 (fi
2151 1638 2352 1761 celuy
2387 1647 2528 1760 qui
2560 1639 2672 1726 les
2711 1643 2966 1731 écoute
2993 1670 3134 1731 ont
3169 1669 3344 1732 tous
3367 1647 3580 1732 deux
3617 1647 3802 1734 l’es¬

748 1760 911 1873 prit
960 1751 1187 1874 affef
1216 1756 1681 1873 tranquille,
1708 1786 1913 1874 pour
1944 1746 2037 1873 fi
2090 1759 2381 1844 donner
2434 1759 3129 1878 raifonnablement
3170 1794 3361 1852 cette
3406 1772 3790 1886 patience.

753 1881 996 1960 Dans
1033 1871 1104 1954 le
1139 1875 1576 1993 quatrième
1613 1880 1820 1960 Aède
1861 1875 1960 1963 de
1997 1876 2355 1975 Melite,
2399 1876 2484 1963 la
2513 1893 2692 2002 joye
2723 1884 2988 2005 quelle
3025 1918 3082 1968 a
3119 1887 3384 2006 d'eftre
3415 1889 3662 1975 aimée
3699 1892 3802 1980 de

752 1987 1029 2076 Tircis
1076 1988 1217 2113 luy
1252 1991 1421 2114 fait
1454 1991 1779 2119 fiujfrir
1806 1996 2011 2115 fans
2066 1995 2371 2123 chagrin
2414 2000 2499 2085 la
2546 2030 3059 2092 remontrance
3096 2008 3199 2097 de
3218 2009 3327 2128 fa
3364 2015 3796 2113 Nourrice,

753 2112 892 2229 qui
939 2113 1036 2199 de
1063 2112 1216 2231 fin
1269 2116 1452 2231 cofié
1485 2116 1856 2234 fatisfait
1897 2115 1952 2204 d
1997 2143 2186 2205 cette
2225 2120 2822 2247 démangeaifon
2875 2194 2901 2226 ,
2963 2163 3073 2252 qu
3097 2132 3407 2217 Horace
3459 2133 3799 2221 attribue

748 2261 918 2316 aux
954 2232 1254 2320 'vieilles
1278 2269 1530 2358 gens,
1574 2236 1670 2325 de
1686 2240 1904 2358 faire
1940 2238 2074 2325 des
2112 2237 2364 2354 leçons
2400 2275 2572 2329 aux
2606 2258 2878 2358 jeunes
2920 2283 2948 2355 ;
2982 2258 3184 2336 mais
3206 2253 3303 2368 fi
3324 2255 3456 2338 elle
3468 2250 3572 2373 ff
3568 2258 3796 2343 avait

748 2383 801 2555 ?
805 2362 901 2436 ue
933 2362 952 2397 <
941 2349 1201 2442 Tircis
1235 2353 1319 2442 la
1359 2353 1560 2472 crûfi
1591 2357 1955 2478 inpdelle,
2001 2356 2106 2455 (A
2143 2361 2344 2484 quil
2375 2400 2473 2450 en
2497 2369 2678 2484 fufi
2701 2401 2813 2455 au
2851 2370 3269 2492 défispoir,
3329 2408 3613 2459 comme
3653 2378 3791 2463 elle

749 2474 1143 2591 apprend
1180 2511 1276 2562 en
1299 2476 1564 2597 fuite,
1612 2481 1744 2566 elle
1790 2487 1960 2566 tien
1977 2465 2410 2604 fiuffriroit
2431 2512 2582 2605 pas
2627 2515 2914 2612 quatre
2956 2525 3160 2578 vers.
3277 2490 3792 2618 Quelquefois

745 2578 1027 2712 mejrne
1061 2628 1185 2683 ces
1223 2597 1555 2686 discours
1570 2602 1757 2721 font
1789 2588 2207 2721 necejfaires
2229 2633 2257 2725 ,
2288 2633 2491 2725 pour
2521 2637 2869 2729 appuyer
2899 2614 3031 2699 des
3050 2612 3491 2733 fintimens
3524 2684 3555 2716 ,
3597 2619 3795 2707 dont

742 2711 816 2797 le
852 2713 1400 2831 raifinnement
1438 2753 1534 2806 ne
1557 2722 1652 2845 fi
1677 2747 1874 2842 peut
1893 2723 2184 2842 fonder
2197 2726 2354 2845 fur
2388 2760 2692 2816 aucune
2741 2731 2880 2820 des
2925 2740 3216 2820 allions
3249 2735 3788 2858 particulières

736 2831 835 2918 de
872 2868 1069 2922 ceux
1104 2838 1291 2927 dont
1320 2872 1421 2927 on
1458 2839 1701 2962 parle.
1816 2844 2241 2965 Rodogune
2276 2877 2389 2932 au
2416 2856 2755 2971 premier
2786 2853 2991 2944 Aéfa
3028 2890 3125 2944 ne
3144 2855 3507 2974 fçauroit
3532 2866 3783 2971 justi¬

711 2954 872 3069 fier
903 2954 988 3039 la
1025 2955 1360 3048 défiance
1397 2962 1672 3085 quelle
1699 2994 1756 3046 a
1789 2962 1894 3051 de
1927 2964 2371 3086 Cleopatre,
2409 3002 2562 3094 que
2585 2998 2746 3094 par
2777 2973 2850 3060 le
2879 3002 3032 3095 peu
3069 2976 3168 3065 de
3175 2981 3546 3094 fincerité
3583 2980 3792 3107 quil

714 3101 781 3193 y
816 3105 871 3158 a
900 3074 1361 3168 d’ordinaire
1398 3085 1599 3172 dans
1634 3085 1749 3172 les
1788 3089 2401 3180 réconciliations
2434 3092 2575 3180 des
2606 3098 2933 3185 Grands
2958 3127 3179 3220 apres
3210 3131 3359 3189 une
3390 3097 3651 3228 ojfènfi
3658 3105 3778 3224 fi¬

731 3227 824 3276 ais
823 3196 914 3278 al
911 3196 992 3283 ée
1015 3265 1047 3298 ,
1085 3224 1316 3316 parce
1355 3238 1506 3327 que
1543 3208 1808 3321 depuis
1845 3205 1922 3292 le
1957 3210 2244 3297 Traité
2267 3213 2364 3301 de
2405 3218 2630 3302 Paix
2651 3282 2683 3315 ,
2723 3244 2919 3306 cette
2955 3226 3213 3310 Reine
3247 3226 3379 3310 n’a
3415 3230 3581 3314 rien
3603 3229 3784 3344 fait

732 3316 873 3449 qui
916 3312 1002 3403 la
1040 3319 1272 3408 doive
1308 3325 1568 3412 rendre
1592 3313 1950 3447 juspeffe
1986 3330 2084 3417 de
2120 3359 2324 3421 cette
2366 3334 2652 3438 haine,
2692 3342 2962 3461 quelle
3006 3339 3134 3465 luy
3170 3346 3524 3465 confirve
3570 3351 3778 3435 dans

727 3421 799 3519 le
829 3470 1043 3524 cœur.
1133 3442 1655 3562 L’ajfeurance
1695 3479 1845 3568 que
1881 3453 2134 3568 prend
2163 3453 2475 3572 Melifje
2521 3491 2631 3546 au
2675 3463 3113 3579 quatrième
3145 3467 3243 3550 de
3283 3466 3367 3551 la
3403 3471 3621 3559 Suite
3661 3471 3775 3558 du

728 3557 1134 3644 Menteur
1146 3556 1300 3675 fitr
1330 3562 1440 3649 les
1467 3573 1882 3684 premières
1909 3579 2454 3692 protestations
2478 3579 2836 3668 d’amour
2859 3616 3012 3705 que
3032 3584 3170 3705 luy
3185 3587 3364 3706 fait
3382 3597 3770 3692 Dorante,

722 3676 991 3793 quelle
1025 3686 1157 3765 n’a
1195 3715 1357 3770 veu
1398 3690 1683 3803 qu’une
1696 3686 1923 3804 feule
1940 3694 2145 3813 fis,
2185 3728 2281 3778 ne
2296 3695 2393 3814 fi
2424 3720 2607 3813 peut
2649 3703 3073 3826 autborifir
3104 3741 3259 3829 que
3270 3708 3425 3827 fitr
3455 3708 3539 3796 la
3544 3716 3771 3829 faci¬

724 3797 862 3882 lité
896 3794 996 3891 (fi
1028 3797 1116 3886 la
1155 3807 1684 3925 promptitude
1721 3840 1874 3928 que
1918 3828 2128 3899 deux
2164 3818 2532 3903 Amants
2560 3824 2746 3941 nef
2764 3819 2926 3912 l’un
2955 3849 3154 3942 pour
3191 3825 3478 3917 l’autre
3517 3859 3658 3919 ont
3709 3832 3766 3924 à

723 3915 1013 4003 donner
1045 3952 1397 4045 croyance
1428 3923 1481 4012 d
1518 3960 1597 4011 ce
1634 3927 1873 4049 qu’ils
1900 3934 2427 4055 s’entredifint
2460 3983 2485 4041 ;
2524 3936 2625 4036 k§*
2658 3940 2773 4029 les
2804 3944 3075 4042 douzj
3116 3979 3301 4036 vers
3324 3957 3473 4075 qui
3506 3958 3765 4075 expri¬

719 4060 934 4127 ment
971 4066 1158 4127 cette
1203 4043 1602 4134 Moralité
1633 4081 1726 4134 en
1763 4076 2044 4140 termes
2061 4086 2454 4174 generaux
2491 4086 2632 4148 ont
2663 4065 3052 4156 tellement
3071 4069 3271 4187 plu,
3315 4107 3468 4197 que
3515 4074 3762 4164 beau¬

718 4186 903 4276 coup
954 4159 1051 4247 de
1084 4198 1279 4287 gens
1320 4168 1635 4286 d’esprit
1690 4176 1907 4259 n’ont
1932 4198 2081 4290 pas
2120 4175 2503 4298 dédaigné
2546 4185 2721 4270 d’en
2774 4186 3103 4312 charger
3160 4193 3327 4282 leur
3368 4203 3752 4288 mémoire.

713 4281 922 4366 Vous
959 4313 1056 4368 en
1085 4267 1494 4375 trouvent
1545 4292 1668 4415 icy
1703 4293 2084 4416 quelques
2109 4326 2376 4385 antres
2405 4304 2502 4389 de
2537 4330 2733 4393 cette
2767 4336 3071 4402 nature.
3159 4319 3291 4402 La
3309 4318 3533 4437 feule
3561 4324 3757 4444 réglé

714 4404 939 4517 qu’on
958 4431 1029 4521 y
1054 4430 1249 4522 peut
1286 4405 1612 4511 établir,
1652 4414 1823 4527 cefi
1850 4414 2051 4539 quil
2082 4417 2196 4504 les
2216 4422 2413 4539 faut
2434 4427 2710 4547 placer
2736 4430 3442 4557 judicieufiment,
3492 4438 3593 4535 (fi
3602 4447 3760 4562 fur

711 4543 888 4604 tout
913 4516 1025 4607 les
1059 4551 1335 4614 mettre
1369 4563 1465 4617 en
1493 4530 1577 4616 la
1603 4529 1877 4621 bouche
1905 4537 2001 4626 de
2017 4571 2213 4659 gens
2241 4546 2380 4663 qui
2413 4572 2639 4669 ayent
2671 4546 2965 4674 l’esprit
2969 4555 3177 4674 fans
3197 4558 3615 4663 embarras,
3635 4560 3748 4660 (fi

710 4667 848 4759 qui
890 4674 986 4729 ne
1008 4645 1268 4764 fiient
1292 4655 1516 4768 point
1548 4679 1946 4772 emportez,
1969 4684 2130 4779 par
2156 4658 2240 4747 la
2270 4661 2588 4756 chaleur
2612 4670 2708 4759 de
2744 4671 3076 4763 l’aéfion.

845 4762 983 4849 La
1002 4765 1327 4884 féconde
1369 4770 1631 4863 utilité
1663 4775 1775 4862 du
1805 4783 2085 4867 Poème
2121 4787 2665 4914 Dramatique
2680 4791 2771 4911 fi
2801 4826 3185 4888 rencontre
3213 4834 3309 4888 en
3343 4801 3427 4887 la
3455 4809 3743 4928 naïfve

691 4881 1046 4999 peinture
1106 4886 1242 4973 des
1282 4896 1500 4978 vices
1548 4895 1650 4987 (fi
1696 4896 1832 4983 des
1880 4929 2202 5004 vertus,
2239 4912 2384 5031 qui
2430 4946 2528 4997 ne
2564 4945 2910 5038 manque
2937 4929 3236 5029 jamais
3277 4920 3332 5013 d
3355 4929 3572 5044 faire
3587 4929 3740 5048 fin

701 4999 907 5121 effet,
942 5007 1219 5125 quand
1243 5006 1377 5099 eÜe
1407 5015 1511 5126 efi
1537 5012 1705 5100 bien
1733 5015 2115 5123 achevée,
2168 5002 2277 5121 (fi
2304 5061 2453 5150 que
2486 5029 2597 5116 les
2632 5041 2861 5124 traits
2900 5075 2997 5125 en
3016 5044 3203 5160 font
3204 5045 3297 5158 fi
3312 5053 3735 5172 reconnoifi

675 5108 984 5241 fables,
1015 5130 1242 5248 qu’on
1273 5162 1370 5215 ne
1403 5131 1512 5218 les
1535 5162 1722 5255 peut
1751 5143 2150 5262 confondre
2185 5144 2348 5233 l’un
2377 5152 2582 5237 dans
2611 5152 2927 5261 l’autre,
2963 5195 3070 5284 ny
3097 5166 3418 5287 prendre
3453 5170 3524 5258 le
3557 5179 3732 5258 vice

690 5270 893 5361 pour
916 5274 1179 5335 vertu.
1226 5252 1809 5378 Ceüe-cyfefatt
1828 5261 2033 5349 alors
2052 5282 2389 5378 toujours
2418 5305 2694 5377 atmer,
2734 5312 2935 5405 quoy
2960 5315 3113 5404 que
3132 5286 3728 5414 mal-beureufi,

705 5359 808 5457 (fi
839 5368 1168 5482 celuy-ld
1181 5371 1280 5490 fi
1299 5376 1468 5491 fait
1497 5389 1838 5485 toujours
1871 5381 2071 5485 haïr,
2103 5385 2278 5474 bien
2311 5423 2464 5512 que
2495 5398 2991 5519 triomphant.
3065 5410 3229 5494 Les
3257 5414 3617 5500 Anciens
3639 5419 3728 5536 fi

676 5480 869 5601 font
870 5488 1045 5607 fort
1054 5488 1397 5607 fouvent
1428 5522 1826 5597 contentez^
1854 5501 1951 5592 de
1978 5535 2174 5598 cette
2202 5517 2608 5631 peinture,
2618 5522 2824 5641 fans
2836 5522 2933 5641 fi
2956 5553 3230 5616 mettre
3252 5562 3348 5619 en
3372 5540 3602 5653 peine
3626 5539 3722 5628 de
