4267 6701
974 489 1043 574 6

1848 456 2023 556 M
2102 450 2203 551 E
2276 454 2381 547 L
2468 448 2543 543 I
2634 436 2751 543 T
2836 442 2997 559 £j

1164 636 1589 732 S’attacher
1622 662 1827 757 pour
1854 633 2123 748 jamais
2150 654 2301 713 aux
2338 619 2601 708 coftez
2644 614 2695 703 d
2722 642 2881 700 une
2914 611 3253 699 femme’.

1165 768 1454 857 Perdre
1496 790 1698 882 pour
1735 759 1868 847 des
1906 756 2182 843 enfans
2215 746 2292 836 le
2326 772 2554 862 repos
2591 743 2688 828 de
2727 742 2872 828 fon
2913 759 3126 822 amei

1165 893 1376 979 Voir
1405 891 1574 975 leur
1605 878 1948 971 nombre
1989 878 2406 991 importun
2443 864 2764 979 remplir
2805 887 2959 945 une
2997 859 3343 944 maison:

1168 1012 1305 1101 Ah
1349 1040 1367 1096 :
1409 1038 1655 1131 quon
1693 1007 1899 1094 aime
1928 1030 2017 1087 ce
2054 1000 2253 1118 joug
2286 1021 2475 1085 avec
2512 1017 2671 1106 peu
2714 986 2813 1072 de
2852 983 3155 1070 raison:

992 1142 1265 1228 ERA.
1304 1143 1511 1224 Mais
1540 1131 1599 1219 il
1636 1160 1691 1251 y
1720 1131 1895 1216 faut
1928 1125 2195 1215 venir,
2238 1117 2414 1203 c’eft
2452 1142 2550 1197 en
2584 1108 2768 1198 vain
2792 1104 3042 1223 qu’on
3080 1106 3382 1201 recule,

1173 1257 1376 1346 C’eft
1413 1290 1510 1345 en
1543 1256 1730 1346 vain
1763 1244 2008 1371 qu’on
2045 1242 2326 1337 refuit,
2365 1234 2524 1324 toft
2561 1261 2676 1320 ou
2709 1226 2890 1315 tard
2919 1261 3030 1316 on
3063 1226 3170 1346 s'y
3211 1226 3474 1328 brûle,

1174 1387 1389 1469 Pour
1430 1379 1747 1468 libertin
1781 1369 2031 1493 qu’on
2068 1370 2265 1462 soit,
2299 1392 2415 1449 on
2447 1357 2556 1481 s’y
2585 1383 2877 1446 trouve
2911 1345 3257 1468 attrapé:

1174 1501 1699 1624 Toy-mefme
1728 1496 1869 1616 qui
1906 1496 2051 1581 fais
2090 1515 2263 1577 tant
2302 1488 2415 1573 du
2452 1480 2729 1573 cheval
2762 1470 3099 1593 e'chapé,

1177 1635 1412 1713 Nous
1448 1654 1528 1713 te
1562 1649 1886 1715 verrons
1924 1649 2034 1703 un
2067 1613 2250 1730 jour
2277 1611 2566 1729 songer
2597 1632 2698 1690 au
2735 1602 3108 1717 mariage.

995 1751 1224 1840 T/R.
1271 1746 1508 1835 Alors
1535 1777 1638 1830 ne
1671 1742 1904 1860 pense
1941 1771 2077 1855 pas
2111 1763 2265 1855 que
2303 1733 2324 1847 j
2351 1727 2641 1846 epoufe
2671 1757 2781 1813 un
2815 1720 3099 1843 visage,

1174 1875 1259 1955 le
1300 1867 1515 1987 réglé
1548 1894 1717 1952 mes
1748 1860 1977 1948 delïrs
2012 1859 2323 1943 suivant
2360 1880 2563 1938 mon
2600 1846 2951 1936 intercft,

1181 1995 1258 2078 Si
1291 1990 1538 2074 Doris
1572 2015 1698 2066 me
1746 1981 2108 2065 vouloir,
2148 2002 2380 2057 toute
2417 1968 2624 2052 laide
2658 1963 2942 2083 quelle
2980 1964 3126 2056 cft,

1175 2119 1262 2200 le
1297 2103 1782 2196 l’estimerois
1819 2096 1996 2219 plus
2033 2090 2544 2214 qu’Aminte,
2583 2093 2672 2174 &
2709 2117 2820 2204 qu
2827 2091 2845 2109 J
2857 2077 3326 2204 Hyppolite,

1182 2241 1345 2324 Son
1385 2259 1677 2319 revenu
1714 2221 1907 2310 chez
1946 2251 2143 2339 moy
2176 2212 2563 2302 tiendroit
2600 2209 2759 2297 lieu
2796 2209 2895 2293 de
2932 2208 3239 2292 mérité.

1182 2353 1385 2442 C’eft
1418 2377 1742 2441 comme
1776 2344 1832 2433 il
1875 2343 2048 2432 faut
2086 2343 2381 2432 aimer,
2429 2335 2458 2420 1
2478 2330 2956 2420 abondance
2987 2331 3120 2415 des
3159 2325 3382 2415 biens

1181 2481 1398 2567 Pour
1441 2475 1782 2563 l’amour
1827 2462 2204 2586 conjugal
2239 2495 2288 2546 a
2321 2462 2420 2545 de
2455 2457 2794 2575 puiftans
2835 2453 3072 2548 liens,

1182 2605 1301 2689 La
1344 2591 1669 2688 beauté,
1706 2592 1817 2681 les
1855 2588 2201 2680 attraits,
2238 2583 2575 2698 l’esprit,
2608 2579 2685 2664 la
2722 2578 2999 2664 bonne
3037 2575 3295 2668 mine,

1188 2718 1665 2812 Echauffent
1702 2715 1891 2803 bien
1928 2715 2003 2797 le
2042 2735 2311 2803 cœur,
2342 2705 2541 2791 mais
2574 2731 2743 2789 non
2780 2730 2915 2816 pas
2956 2697 3035 2782 la
3068 2692 3379 2789 cuifinc,

1181 2853 1288 2934 Et
1325 2840 1702 2961 l’Hymen
1735 2836 1878 2956 qui
1911 2830 2240 2921 fuccede
2281 2827 2326 2911 à
2359 2853 2484 2912 ces
2521 2823 2756 2909 folles
2795 2849 3118 2907 amours

1191 2961 1437 3081 Après
1469 2962 1851 3083 quelques
1884 2957 2283 3044 douceurs
2321 2984 2367 3037 a
2408 2949 2593 3034 bien
2630 2945 2729 3031 de
2767 2940 3121 3031 mauvais
3162 2937 3405 3055 jours.

1188 3089 1371 3175 Vne
1400 3080 1673 3173 amitié
1702 3081 1761 3170 fi
1798 3081 2105 3199 longue
2138 3076 2243 3165 eft
2282 3071 2449 3161 fort
2488 3067 2651 3157 mal
2686 3063 3025 3157 affeurée

1187 3211 1468 3297 Dessus
1505 3208 1638 3296 des
1675 3202 2152 3292 fondemens
2189 3198 2288 3282 de
2321 3194 2374 3283 ft
2412 3224 2566 3312 peu
2599 3189 2698 3278 de
2731 3186 3004 3274 durée.

1187 3329 1556 3454 L’argent
1589 3329 1782 3415 dans
1819 3328 1894 3413 le
1929 3320 2266 3443 ménage
2303 3351 2348 3405 a
2383 3315 2730 3406 certaine
2761 3307 3182 3429 splendeur

1190 3456 1363 3562 Qui
1404 3455 1673 3540 donne
1706 3481 1821 3536 un
1854 3451 2061 3536 teint
2094 3441 2375 3531 d’eclat
2412 3437 2457 3526 à
2500 3439 2575 3527 la
2608 3437 2903 3524 meffne
2944 3433 3283 3522 laideur,

1188 3581 1288 3662 Et
1332 3604 1420 3658 tu
1462 3604 1564 3659 ne
1600 3603 1804 3687 peux
1850 3597 2176 3658 trouver
2222 3569 2322 3650 de
2355 3564 2414 3648 fi
2455 3561 2754 3645 douces
2792 3557 3150 3650 caresses.

1187 3699 1424 3784 Dont
1461 3694 1538 3779 le
1571 3695 1804 3811 gouft
1845 3692 2044 3776 dure
2081 3712 2362 3772 autant
2395 3712 2558 3798 que
2591 3678 2824 3798 ccluy
2857 3678 2994 3763 des
3029 3673 3422 3763 richesses.

1010 3823 1285 3910 ERA.
1318 3813 1621 3929 Auprès
1648 3814 1749 3899 de
1781 3840 1873 3893 ce
1910 3804 2043 3894 bel
2077 3804 2217 3890 œil
2255 3804 2393 3920 qui
2431 3805 2633 3886 tient
2667 3827 2833 3885 mes
2866 3800 3035 3881 sens
3071 3796 3317 3885 ravis,

1200 3947 1271 4024 A
1312 3939 1539 4054 peine
1580 3932 2079 4051 pourrois-tu
2116 3927 2533 4011 conserver
2570 3948 2721 4008 ton
2770 3918 2960 4007 avis.

1015 4067 1246 4152 TIR.
1287 4066 1402 4147 La
1443 4057 1698 4147 raison
1735 4083 1834 4139 en
1867 4080 2052 4138 tous
2081 4049 2292 4134 lieux
2329 4050 2436 4133 eft
2473 4041 2926 4165 également
2967 4039 3204 4126 forte.

1015 4189 1289 4273 ERA.
1318 4179 1614 4300 L’eftay
1645 4176 1825 4265 n’en
1863 4166 2099 4260 coûte
2133 4172 2345 4263 rien,
2386 4166 2671 4251 Melite
2709 4165 2815 4250 eft
2858 4158 2903 4247 à
2940 4161 3021 4247 fa
3059 4188 3331 4276 porte;

1204 4302 1533 4400 Allons,
1574 4307 1659 4385 &
1698 4324 1791 4382 tu
1824 4323 2087 4387 verras
2116 4293 2311 4381 dans
2342 4288 2453 4373 ses
2486 4284 2867 4373 aimables
2902 4285 3121 4370 traits

1201 4431 1412 4513 Tant
1457 4428 1554 4513 de
1588 4420 2004 4509 charmans
2038 4445 2314 4535 appas,
2351 4437 2524 4499 tant
2557 4412 2654 4496 de
2687 4406 3018 4496 brillans
3046 4402 3370 4495 attraits,

1205 4555 1394 4658 Que
1431 4576 1516 4635 tu
1553 4547 1752 4631 feras
1789 4536 2014 4631 forcé
2055 4538 2538 4657 toy-mefme
2575 4528 2620 4618 à
2657 4528 3200 4618 reconnoiftre

1208 4677 1397 4784 Que
1440 4668 1493 4753 fi
1534 4668 1607 4782 je
1640 4667 1791 4753 suis
1832 4694 1943 4750 un
1980 4664 2175 4757 fou,
2216 4660 2361 4779 j’ay
2396 4655 2579 4744 bien
2618 4656 2873 4741 raison
2914 4652 3017 4735 de
3054 4652 3081 4735 l
3110 4651 3325 4736 eftre.

1026 4796 1254 4884 TIR.
1292 4791 1621 4887 Allons,
1658 4796 1746 4875 &
1794 4813 1882 4871 tu
1916 4812 2178 4876 verras
2216 4812 2374 4900 que
2410 4804 2636 4866 toute
2673 4781 2750 4863 fa
2791 4768 3078 4862 beauté

1203 4921 1332 5003 Ne
1371 4918 1642 5031 fçaura
1679 4939 1812 4998 me
1849 4934 2178 4996 tourner
2221 4930 2498 4994 contre
2535 4900 2612 4989 la
2657 4894 2926 4989 vérité.
