4267 6735
933 432 1086 549 H

1805 392 1977 485 M
2053 383 2157 483 E
2253 382 2353 478 L
2453 377 2529 477 I
2637 368 2753 472 T
2853 375 3021 494 E,

1454 966 2767 1213 ACTE
3022 955 3287 1188 II

989 1470 1941 1659 SCENE
2197 1447 3797 1645 PREMIERE-

1840 1776 2959 1896 ERASTE.
1575 2057 1637 2137 E
1679 2048 1953 2142 l’avois
2001 2044 2185 2133 bien
2229 2039 2523 2163 préveu
2565 2071 2721 2164 que
2759 2074 2847 2129 ce
2885 2067 3111 2128 cœur
3153 2035 3505 2128 infidelle

1587 2180 1708 2260 Sfe
1741 2176 1816 2260 fe
1851 2171 2308 2259 défendroit
2341 2170 2576 2287 poinc
2613 2167 2748 2251 des
2789 2198 2984 2291 yeux
3029 2167 3130 2251 de
3167 2198 3304 2253 ma
3347 2154 3680 2256 cruelle,

1582 2302 1754 2409 Qni
1794 2299 2024 2387 traire
2052 2293 2272 2382 mille
2302 2320 2610 2379 amants
2640 2321 2834 2383 avec
2864 2289 3088 2379 mille
3112 2286 3430 2404 mépris,

1579 2435 1681 2509 Et
1723 2422 1843 2510 n’a
1887 2423 2115 2541 point
2149 2418 2247 2506 de
2285 2417 2597 2507 faveurs
2631 2447 2791 2537 que
2829 2443 3035 2536 pour
3075 2413 3155 2501 le
3193 2411 3501 2500 dernier
3543 2408 3721 2527 pris.

1127 2548 1414 2637 Si-toft
1451 2543 1642 2668 qu’il
1683 2543 2084 2636 l'aborda,
2127 2544 2198 2654 je
2241 2539 2410 2629 leus
2439 2540 2568 2628 fur
2599 2539 2744 2624 fon
2775 2540 3036 2658 vifage

1124 2675 1252 2759 De
1286 2676 1360 2760 fa
1400 2666 1826 2791 déloyauté
1860 2661 2330 2755 l’infaillible
2372 2658 2686 2782 préfage
2710 2701 2734 2765 ;

1118 2799 1261 2879 V11
1302 2798 1667 2880 inconnu
1706 2793 1983 2878 frifion
2026 2790 2225 2875 dans
2263 2816 2461 2873 mon
2505 2815 2737 2899 corps
2772 2780 3129 2900 épandu,

1123 2921 1274 3001 Me
1307 2916 1582 3001 donna
1621 2913 1734 3001 les
1767 2913 1936 3002 avis
1977 2909 2076 3001 de
2119 2942 2208 2996 ce
2249 2939 2408 3031 que
2447 2904 2594 3028 j’ay
2631 2904 2908 3023 perdu.

1128 3039 1474 3159 Depuis,
1518 3064 1724 3124 cette
1768 3035 2058 3159 volage
2096 3030 2308 3124 évite
2350 3062 2484 3120 ma
2522 3056 2984 3124 rencontre,

1118 3163 1265 3247 Ou
1302 3162 1361 3246 fi
1403 3158 1711 3281 malgré
1754 3162 1865 3246 fes
1902 3161 2115 3247 foins
2156 3158 2231 3246 le
2270 3154 2567 3243 hazard
2601 3189 2733 3243 me
2776 3152 2851 3243 la
2885 3179 3247 3250 montre,

1127 3289 1203 3373 Si
1245 3285 1318 3399 je
1359 3289 1531 3404 puis
1573 3283 2010 3377 l’aborder,
2047 3284 2194 3370 fon
2233 3281 2589 3370 discours
2623 3281 2702 3365 fe
2745 3276 3142 3377 confond,

1128 3413 1296 3497 Son
1324 3413 1562 3528 esprit
1592 3442 1694 3497 en
1724 3407 2088 3496 defordre
2118 3404 2168 3492 à
2206 3407 2436 3524 peine
2464 3436 2598 3492 me
2628 3399 2970 3523 répond,

1128 3535 1313 3619 Vne
1342 3535 1725 3619 reflexion
1755 3561 1927 3620 vers
1960 3531 2037 3615 le
2066 3531 2369 3616 traiftre
2407 3525 2693 3647 quelle
2733 3527 2941 3611 aime

1123 3657 1505 3772 Presques
1545 3649 1587 3741 à
1627 3682 1811 3742 tous
1851 3683 2225 3741 momens
2267 3649 2343 3737 le
2385 3679 2707 3738 ramene
2749 3679 2847 3735 en
2891 3648 3032 3764 luy
3071 3644 3399 3737 mefme,

1124 3783 1224 3865 Et
1272 3806 1458 3865 tout
1496 3777 1808 3865 refveur
1850 3777 2040 3896 qu'il
2084 3780 2238 3870 eft,
2286 3777 2338 3861 il
2382 3772 2506 3857 n’a
2548 3771 2782 3888 point
2824 3768 2926 3856 de
2970 3770 3228 3855 foucis

1130 3907 1409 4013 Qujun
1456 3898 1713 4015 foupir
1750 3930 1851 3984 ne
1900 3894 2101 3985 trahi
2108 3898 2211 3984 (Te
2254 3929 2351 3983 au
2386 3894 2549 3979 feul
2586 3925 2791 3979 nom
2832 3890 2931 3974 de
2974 3890 3255 3975 Tircis.

1141 4031 1343 4111 Lors
1377 4053 1509 4142 par
1545 4021 1619 4111 le
1657 4047 1983 4141 prompt
2023 4018 2211 4107 effet
2255 4017 2443 4105 d’un
2487 4018 3027 4137 changement
3065 4009 3395 4132 étrange

1136 4153 1304 4237 Son
1342 4144 1624 4234 filence
1662 4176 1958 4264 rompu
2000 4144 2076 4229 fe
2114 4140 2474 4241 déborde
2514 4172 2610 4228 en
2650 4141 3044 4260 louange;

1130 4271 1303 4361 Elle
1346 4297 1765 4387 remarque
1812 4301 1913 4356 en
1952 4267 2095 4387 luy
2140 4293 2313 4352 tant
2354 4267 2453 4353 de
2498 4263 3027 4382 perfections,

1131 4399 1321 4505 Que
1377 4394 1489 4478 les
1527 4394 1795 4479 moins
1833 4385 2167 4480 éclairez
2207 4390 2607 4478 verroient
2649 4389 2759 4475 fes
2797 4386 3171 4505 partions;

1140 4525 1238 4605 Sa
1280 4517 1606 4605 bouche
1650 4544 1752 4603 ne
1790 4518 1866 4602 fe
1904 4512 2128 4633 plaift
2164 4543 2400 4634 quen
2438 4540 2650 4598 cette
2688 4510 3022 4601 flaterie,

1126 4649 1235 4733 Et
1280 4670 1467 4729 tout
1508 4667 1735 4729 autre
1772 4669 2073 4760 propos
2114 4636 2253 4760 luy
2290 4636 2487 4725 rend
2526 4636 2603 4720 fa
2640 4635 2989 4725 refverie.

1131 4762 1607 4887 Cependant
1653 4762 1961 4882 chaque
2003 4763 2185 4877 jour
2229 4793 2329 4848 au
2367 4759 2725 4847 discours
2763 4753 3149 4847 attachez,

1131 4889 1238 4975 Ils
1280 4920 1382 4975 ne
1426 4889 1874 4976 retiennent
1916 4885 2098 5005 plus
2135 4882 2340 4970 leurs
2381 4885 2804 4970 fentimens
2848 4875 3180 4971 cachez,

1136 5009 1239 5097 Ils
1276 5040 1423 5097 ont
1460 5011 1597 5098 des
1632 5012 2181 5101 rendez-vous
2220 5003 2335 5098 où
2372 5005 2713 5097 l’amour
2754 5001 2865 5089 les
2898 4996 3307 5096 aflemble,

1137 5139 1405 5220 Encor
1443 5131 1611 5217 hier
1653 5138 1777 5220 fur
1815 5136 1891 5220 le
1929 5135 2089 5219 foir
2123 5132 2203 5246 je
2241 5131 2351 5219 les
2381 5131 2667 5246 furpris
2711 5121 3149 5219 enfemble,

1139 5263 1410 5343 Encor
1452 5281 1638 5340 tout
1679 5254 1778 5342 de
1820 5284 2196 5343 nouveau
2231 5257 2304 5368 je
2343 5253 2418 5339 la
2456 5284 2620 5368 voy
2654 5249 2794 5369 qui
2837 5245 3186 5334 l’attend.

1146 5381 1342 5483 Que
1382 5374 1506 5462 cét
1548 5376 1686 5461 œil
1732 5373 2028 5466 affleuré
2070 5407 2396 5491 marque
2434 5406 2544 5456 un
2584 5373 2822 5491 esprit
2864 5390 3234 5457 content!

1141 5494 1387 5589 Perds
1431 5525 1615 5584 tout
1659 5503 2005 5614 respeét,
2037 5504 2343 5593 Eraste,
2381 5500 2465 5583 &
2509 5525 2693 5584 tout
2733 5494 2905 5579 foin
2947 5490 3049 5576 de
3083 5491 3225 5607 luy
3257 5486 3531 5606 plaire,

1145 5618 1458 5716 Rends,
1495 5621 1668 5707 fans
1697 5618 1874 5732 plus
1909 5616 2272 5715 différer,
2307 5649 2386 5707 ta
2418 5648 2874 5742 vangeance
2911 5612 3422 5733 exemplaire;
