4267 6527
3226 378 3296 448 V

1186 367 1456 465 AV
1590 357 2560 460 ZECTEVR.

479 549 719 634 nleres
757 535 1077 655 fyllabes
1113 535 1209 619 de
1233 565 1379 618 nos
1399 558 1607 615 mots
1633 531 1765 643 qui
1803 557 1939 610 ont
1981 527 2049 609 la
2079 527 2573 610 terminaifon
2597 523 3013 618 féminine,
3057 527 3133 601 &
3167 524 3299 639 qui

480 667 618 754 fait
638 662 694 746 fi
726 689 868 774 peu
892 660 1192 749 defon,
1224 684 1378 770 que
1416 676 1612 737 cette
1646 646 1930 763 lÿllabe
1960 643 2140 729 n’cft
2176 646 2436 727 iamais
2462 642 2738 727 contée
2768 641 2806 723 a
2830 647 2990 729 rien
3022 641 3062 724 à
3092 643 3164 723 la
3194 642 3304 724 fin

481 787 575 868 de
599 812 741 865 nos
761 807 927 864 vers
948 778 1349 864 féminins,
1391 770 1523 885 qui
1565 799 1659 852 en
1697 796 1841 851 ont
1875 764 2259 848 toufiours
2295 790 2441 847 vne
2479 765 2645 876 plus
2683 791 2833 872 que
2878 765 2981 843 les
3023 790 3295 848 autres.

479 901 604 988 LV
638 897 1004 984 mafeulin
1042 897 1172 1010 qui
1195 898 1268 975 le
1288 918 1694 1004 prononce
1717 915 2032 971 comme
2069 884 2258 967 dans
2295 885 2366 967 la
2387 880 2670 995 langue
2711 881 3028 972 Latine,
3073 885 3160 961 &
3201 914 3304 966 vn

480 1018 861 1108 troifiéme
892 1050 933 1097 e
960 1017 1097 1128 qui
1136 1042 1233 1095 ne
1280 1041 1371 1094 va
1424 1011 1693 1091 iamais
1734 1006 1897 1089 fans
1930 1003 2059 1097 IV»
2096 1003 2229 1120 qui
2268 1003 2399 1114 luy
2436 1003 2701 1086 donne
2738 1033 2841 1086 vn
2882 998 3019 1081 fon
3064 994 3305 1081 eflcué

479 1145 618 1260 qui
647 1144 716 1224 fe
755 1161 1158 1250 prononce
1191 1126 1230 1213 à
1267 1126 1582 1213 bouche
1615 1152 1939 1210 ouuerte
1973 1187 1992 1217 ,
2035 1156 2127 1205 en
2171 1153 2293 1205 ces
2321 1151 2574 1213 mois,
2581 1118 2880 1233 Jîicces,
2899 1151 3144 1213 accès,
3169 1152 3307 1200 ex¬

472 1291 646 1382 près
680 1292 706 1340 :
744 1261 864 1339 Or
900 1280 1212 1337 comme
1262 1279 1348 1332 ce
1390 1249 1616 1331 feroit
1658 1275 1808 1331 vne
1850 1244 2140 1362 grande
2172 1242 2628 1333 confufion,
2670 1271 2820 1352 que
2856 1270 2976 1323 ces
3014 1266 3202 1324 trois
3238 1272 3304 1328 e,

481 1415 579 1468 en
617 1408 737 1462 ces
773 1376 957 1460 trois
999 1399 1245 1464 mots,
1287 1365 1583 1485 a/près,
1631 1368 1943 1459 vérité,
1985 1369 2067 1443 Le
2109 1385 2375 1478 apres,
2411 1393 2543 1476 qui
2585 1390 2725 1443 ont
2763 1390 2913 1444 vne
2957 1386 3303 1472 pronon¬

484 1500 770 1586 ciation
789 1493 842 1577 fi
863 1492 1306 1582 differente,
1344 1486 1630 1571 eulfent
1654 1513 1760 1569 vn
1794 1487 2178 1566 caractère
2210 1484 2488 1595 pareil,
2523 1483 2576 1561 il
2618 1480 2718 1565 eft
2746 1475 2888 1562 aifé
2911 1476 3032 1590 d’y
3056 1508 3308 1563 remé¬

484 1623 685 1710 dier,
723 1645 857 1732 par
893 1644 1013 1698 ces
1047 1611 1235 1694 trois
1270 1606 1511 1693 fortes
1542 1606 1655 1688 de
1687 1636 1837 1719 que
1867 1633 2065 1685 nous
2100 1602 2365 1685 donne
2398 1598 2963 1715 l’Imprimerie,
3000 1628 3077 1689 e,
3118 1629 3197 1689 e,
3242 1590 3309 1688 è,

485 1739 720 1858 qu’on
755 1760 940 1850 peut
977 1760 1340 1816 nommer
1377 1725 1464 1811 IV
1493 1725 1804 1837 fimple,
1845 1722 1872 1808 1
1873 1722 1932 1804 ’e
1971 1725 2194 1841 aigu,
2231 1731 2314 1803 &
2353 1722 2446 1804 IV
2473 1751 2734 1838 graue.
2831 1721 2942 1801 Le
2983 1716 3312 1828 premier

484 1858 755 1944 feruira
794 1884 989 1969 pour
1024 1883 1167 1936 nos
1198 1850 1737 1932 terminaisons
1780 1844 2233 1935 féminines,
2282 1841 2355 1923 le
2388 1840 2675 1924 fécond
2720 1866 2913 1954 pour
2954 1836 3059 1922 les
3102 1841 3312 1919 Lati¬

485 2011 617 2064 nes
641 2040 662 2070 ,
689 1980 771 2058 Le
799 1977 867 2059 le
893 1969 1279 2055 troifiéme
1309 1994 1505 2080 pour
1533 1968 1637 2048 les
1663 1960 2021 2055 cfleuées,
2047 1968 2127 2045 Le
2155 1992 2355 2046 nous
2381 1959 2751 2044 eferirons
2779 1956 2955 2041 ainfi
2983 1985 3099 2038 ces
3125 1960 3311 2040 trois

484 2124 694 2186 mots
728 2100 808 2178 Le
846 2091 1042 2177 leurs
1080 2088 1392 2203 pareils,
1432 2088 1716 2202 a/pres,
1734 2079 2024 2177 vérité,
2060 2104 2314 2198 apres,
2350 2108 2436 2164 ce
2466 2109 2616 2196 que
2640 2108 2838 2160 nous
2870 2109 2904 2161 e
2914 2075 3316 2161 tiendrons

489 2215 533 2335 à
561 2209 873 2335 fnccès,
909 2207 1129 2297 excès
1165 2275 1193 2305 ,
1229 2201 1519 2326 procès,
1549 2201 1783 2322 qu’on
1819 2211 2033 2288 auoic
2071 2197 2437 2318 jufqu’icy
2473 2197 2725 2284 eferits
2759 2227 2943 2281 auec
2992 2193 3075 2276 IV
3107 2197 3311 2311 aigu,

490 2363 808 2424 comme
845 2333 950 2417 les
990 2329 1522 2416 terminaisons
1555 2325 1906 2416 Latines,
1934 2352 2148 2439 quoy
2178 2351 2330 2436 que
2363 2320 2432 2402 le
2465 2319 2602 2403 fon
2652 2346 2742 2398 en
2787 2317 2934 2399 foit
2965 2316 3126 2399 fort
3161 2312 3320 2395 dif¬

488 2457 759 2542 ferent.
824 2453 889 2535 Il
922 2452 1025 2535 eft
1054 2481 1233 2569 vray
1262 2479 1413 2564 que
1446 2449 1549 2531 les
1582 2448 2081 2559 Imprimeurs
2112 2474 2161 2556 y
2192 2440 2509 2525 auoienc
2558 2440 2701 2521 mis
2742 2436 3075 2552 quelque
3102 2432 3321 2518 diffé¬

489 2606 758 2668 rence,
795 2605 886 2657 en
919 2602 1004 2655 ce
1037 2601 1188 2688 que
1221 2597 1420 2654 cette
1459 2566 1954 2650 terminaifon
1985 2559 2302 2648 n’eftant
2345 2562 2608 2645 iamais
2647 2555 2812 2671 fans
2825 2554 2914 2671 f
2955 2554 3220 2670 quand
3263 2550 3320 2636 il

494 2695 643 2782 s’en
676 2691 1159 2777 rencontroic
1198 2718 1345 2777 vne
1380 2680 1590 2803 apres
1624 2683 1727 2772 vn
1768 2682 1813 2769 é
1844 2690 2066 2768 Latin
2104 2746 2127 2776 ,
2176 2681 2262 2768 ils
2292 2683 2364 2765 la
2394 2681 2908 2797 changement
2946 2707 3040 2760 en
3068 2707 3138 2763 z,
3162 2737 3185 2765 ,
3226 2678 3308 2756 &:

493 2843 593 2900 ne
613 2815 685 2899 la
709 2813 1059 2896 faifoient
1087 2808 1447 2921 précéder
1471 2840 1621 2923 que
1645 2835 1777 2921 par
1803 2836 1969 2892 vn^
2003 2801 2287 2916 fimple.
2337 2802 2437 2883 Ils
2479 2801 2929 2913 impriment
2963 2819 3321 2888 veniez.,

494 2940 866 3027 Deïtetj,
894 2928 1308 3048 dignitésj,
1348 2933 1430 3010 Le
1470 2958 1630 3011 non
1674 2955 1842 3041 pas,
1884 2922 2226 3018 ventés,
2270 2921 2604 3015 Deïtés,
2644 2916 2976 3036 dignités
3000 2958 3018 3014 ;
3060 2921 3142 2997 Le
3182 2910 3324 3028 j’ay

493 3049 865 3138 conferué
897 3078 1097 3135 cette
1130 3044 1633 3164 Orcographe
1657 3081 1671 3121 :
1709 3048 1897 3130 mais
1929 3074 2131 3159 pour
2156 3040 2395 3126 éditer
2431 3066 2653 3125 toute
2694 3048 2893 3122 forte
2924 3038 3015 3120 de
3039 3030 3325 3118 confu¬

489 3175 660 3262 sion
694 3199 902 3257 entre
935 3170 1004 3256 le
1041 3171 1178 3253 fon
1211 3170 1344 3252 des
1378 3192 1584 3251 mots
1624 3197 1756 3282 qui
1794 3193 1940 3248 ont
1975 3162 2064 3249 IV
2107 3166 2334 3246 Latin
2375 3159 2540 3273 fans
2551 3158 2636 3273 f
2677 3187 2998 3244 comme
3033 3150 3322 3246 vérité,

492 3301 585 3376 &
624 3323 813 3377 ceux
850 3294 983 3405 qui
1020 3315 1163 3372 ont
1206 3288 1277 3373 la
1326 3286 1927 3402 prononciation
1972 3281 2283 3375 éleuée,
2330 3286 2645 3392 comme
2690 3272 2991 3392 J.accès,
3016 3269 3155 3389 j’ay
3192 3268 3329 3355 crû

493 3411 542 3498 à
583 3442 868 3529 propos
909 3408 1006 3495 de
1045 3439 1242 3492 nous
1279 3408 1512 3491 feruir
1547 3408 1642 3490 de
1679 3404 2080 3491 differents
2125 3408 2586 3491 caraéteres,
2635 3400 2952 3508 puisque
2997 3425 3193 3474 nous
3231 3418 3327 3470 en

498 3562 787 3624 auons,
824 3537 906 3613 Le
944 3532 1238 3614 donner
1272 3523 1358 3610 IV
1390 3556 1624 3639 graue
1670 3523 1714 3605 à
1752 3553 1944 3606 ceux
1992 3523 2088 3601 de
2142 3547 2344 3602 cette
2394 3519 2734 3598 derniere
2784 3515 3062 3627 efpece.
3158 3514 3328 3593 Nos

507 3655 703 3737 deux
735 3650 1035 3733 articles
1067 3643 1413 3760 pluriels,
1449 3643 1557 3725 les
1589 3639 1671 3725 Le
1713 3639 1847 3725 des
1871 3702 1887 3732 ,
1917 3667 2059 3720 ont
2095 3638 2165 3720 le
2201 3638 2483 3720 mefme
2517 3633 2695 3724 fon,
2737 3662 2947 3746 quoy
2975 3625 3329 3746 qu’écrits

506 3799 690 3855 auec
722 3765 808 3852 IV
846 3767 1106 3882 fimple
1144 3795 1162 3843 :
1198 3766 1246 3847 il
1296 3765 1400 3844 eft
1445 3760 1498 3843 fi
1534 3758 1876 3844 mal-aifé
1911 3757 2008 3844 de
2037 3757 2144 3839 les
2180 3783 2624 3870 prononcer
2670 3773 3142 3839 autrement,
3180 3776 3328 3861 que

506 3897 575 3975 ie
603 3888 767 4004 n’ay
795 3919 919 4001 pas
949 3917 1077 3970 cru
1101 3884 1277 4001 qu’il
1304 3884 1447 3966 fuft
1478 3880 1743 3966 befoin
1768 3876 1885 3970 d’y
1909 3881 2071 3963 rien
2095 3876 2453 3991 changer.
2512 3881 2589 3957 le
2614 3872 2713 3984 dy
2736 3872 2807 3954 la
2831 3872 3113 3953 mefme
3136 3866 3329 3949 cho¬

511 4013 580 4093 se
615 4012 712 4094 de
747 4007 836 4090 IV
875 4007 1158 4090 devant
1187 3999 1384 4087 deux
1419 3999 1520 4099 ü,
1567 4003 1702 4116 qui
1741 3999 1982 4111 prend
2027 3997 2096 4081 le
2137 3996 2276 4081 fon
2303 3996 2484 4081 aufti
2521 3990 2760 4077 efleué
2801 4021 2896 4073 en
2937 4020 3058 4072 ces
3091 4012 3328 4076 mots,

514 4126 729 4226 belle,
746 4122 1039 4246 fidelle,
1072 4119 1371 4218 rebelle,
1414 4114 1573 4213 f§V.
1620 4119 1845 4234 qu’en
1886 4115 2211 4226 ceux-cy
2244 4110 2549 4225 fuccès,
2584 4110 2807 4196 excès
2830 4153 2855 4209 ;
2886 4110 3075 4193 mais
3102 4136 3332 4189 com¬

519 4279 643 4331 me
681 4245 839 4328 cela
883 4250 1127 4328 arriuc
1169 4241 1553 4327 toufiours
1589 4240 1851 4354 quand
1895 4237 1943 4320 il
1985 4237 2055 4319 fe
2091 4262 2505 4320 rencontre
2555 4257 2785 4315 auant
2831 4258 2951 4315 ces
3001 4220 3197 4310 deux
3241 4220 3335 4314 II,

518 4369 570 4451 il
600 4362 800 4451 suffit
832 4361 994 4447 d’en
1024 4364 1208 4447 faire
1232 4390 1430 4443 cette
1450 4386 1854 4473 remarque
1874 4358 2038 4440 fans
2074 4352 2594 4467 changement
2630 4352 2724 4435 de
2758 4352 3160 4431 caraétere.
3222 4348 3334 4426 Le

515 4484 805 4571 mefme
841 4484 1081 4566 arriue
1123 4483 1403 4563 deuant
1445 4479 1515 4561 la
1551 4476 1811 4587 fimple
1849 4472 1923 4570 /,
1969 4471 2011 4557 à
2045 4474 2113 4558 la
2147 4476 2253 4558 fin
2291 4475 2389 4557 du
2431 4497 2661 4562 mot,
2713 4462 3035 4562 mortel,
3073 4458 3325 4579 appel,

518 4599 920 4695 criminel,
957 4608 1038 4680 Le
1076 4632 1234 4681 non
1276 4629 1404 4710 pas
1436 4628 1532 4681 au
1568 4595 1876 4688 milieu,
1918 4625 2232 4678 comme
2270 4624 2362 4677 en
2398 4624 2522 4676 ces
2554 4615 2806 4679 mots,
2840 4582 3058 4680 celer,
3096 4577 3334 4663 chan¬

523 4723 741 4820 celer,
764 4717 873 4804 où
908 4718 1001 4801 IV
1028 4746 1259 4800 auant
1292 4747 1493 4800 cette
1520 4714 1553 4796 /
1573 4778 1591 4808 ,
1618 4714 1851 4830 garde
1874 4714 1943 4796 le
1968 4713 2101 4799 fon
2132 4714 2229 4796 de
2264 4711 2349 4795 IV
2380 4710 2735 4796 féminin.

647 4840 706 4923 Il
751 4841 852 4926 eft
893 4836 1056 4923 bon
1093 4836 1268 4919 aufïi
1305 4836 1396 4919 de
1431 4862 1876 4949 remarquer
1911 4837 2152 4948 qu’on
2193 4863 2292 4916 ne
2329 4832 2398 4914 fe
2435 4832 2582 4913 sert
2617 4824 3078 4911 d’ordinaire
3115 4823 3206 4905 de
3247 4820 3342 4902 IV

530 4959 741 5075 aigu,
770 4954 944 5072 qu’à
966 4956 1038 5038 la
1058 4959 1164 5038 fin
1194 4956 1298 5037 du
1322 4983 1537 5046 mot,
1572 4985 1674 5038 ou
1708 4951 1964 5067 quand
2002 4981 2110 5035 on
2138 4948 2520 5063 supprime
2546 4943 2786 5062 l’/qui
2814 4947 2882 5029 le
2912 4948 3091 5041 fuit;
3116 4972 3334 5025 com¬

535 5108 663 5161 me
701 5074 745 5160 à
773 5070 1073 5170 établir,
1105 5075 1413 5157 étonner
1445 5109 1469 5153 :
1513 5070 1939 5182 cependant
1973 5067 2021 5153 il
2057 5070 2127 5152 fe
2151 5095 2559 5154 rencontre
2597 5066 2925 5149 forment
2955 5096 3047 5144 au
3073 5058 3337 5143 milieu

540 5197 668 5279 des
704 5219 910 5280 mots
944 5223 1128 5276 auec
1162 5193 1230 5277 le
1266 5197 1552 5276 mefme
1590 5194 1770 5279 fon,
1816 5188 1994 5272 bien
2032 5186 2266 5301 qu’on
2300 5218 2394 5267 ne
2424 5185 2756 5268 l’cfcriue
2796 5180 3108 5297 qu’auec
3158 5206 3256 5263 vn
3298 5206 3342 5250 e

540 5316 801 5428 fimple
837 5355 859 5411 ;
893 5342 1199 5395 comme
1233 5342 1327 5394 en
1365 5343 1447 5395 ce
1487 5309 1659 5419 mot
1692 5305 2049 5419 feuerité,
2087 5305 2271 5420 qu’il
2308 5304 2651 5387 faudroit
2683 5296 2947 5412 efcrire
2962 5288 3339 5412 féuérité,

540 5466 734 5551 pour
769 5435 840 5518 le
881 5431 1064 5515 faire
1113 5458 1550 5543 prononcer
1589 5430 2118 5518 exaéfement,
2155 5432 2236 5510 Le
2281 5423 2688 5539 peut-eftre
2733 5418 2804 5502 le
2843 5411 3142 5525 feray-je
3183 5406 3338 5493 ob-

2626 5542 2671 5623 â
2738 5537 2811 5645 iij
