4267 6633
3133 406 3281 503 z7

1247 381 2419 487 COMEDIE.

596 567 666 649 A
708 557 942 645 servir
976 554 1172 677 qu’il
1214 553 1538 641 l’acheté
1582 553 1634 637 il
1672 554 1780 636 eft
1822 548 2182 663 toujours
2216 579 2400 668 tout
2444 548 2688 667 preft,

587 691 693 769 Et
731 714 831 767 ne
865 683 1037 770 voit
1081 678 1245 766 rien
1283 674 1643 792 d’injuste
1677 670 1789 762 où
1830 669 2057 758 brille
2098 669 2485 762 l’intereft.

599 803 882 891 Allons
915 803 1082 891 fans
1124 799 1396 922 perdre
1433 826 1690 917 temps
1719 796 1858 914 luy
1887 824 2122 913 payer
2155 828 2286 883 ma
2319 821 2812 917 vangeancc.

600 933 703 1015 Et
742 924 817 1012 la
850 924 1143 1046 pistole
1176 955 1277 1012 en
1312 924 1535 1013 main
1572 920 1855 1037 prelfer
1896 921 1975 1003 ta
2008 916 2429 1037 diligence.

975 1139 2172 1320 SCENE

1132 1421 1825 1547 TIRCIS,
1900 1421 1989 1518 C
2008 1421 2225 1524 LO
2248 1423 2453 1528 RI
2468 1422 2569 1522 S.

419 1671 653 1759 TIR.
999 1668 1069 1751 A
1101 1664 1357 1759 sœur,
1391 1694 1505 1746 un
1529 1684 1711 1747 mot
1745 1654 1983 1747 d’avis
2013 1654 2139 1742 fur
2173 1685 2285 1737 un
2323 1649 2701 1739 méchant
2743 1659 3047 1742 Sonnet

995 1785 1181 1901 XVJ.Que
1218 1785 1288 1901 je
1322 1788 1538 1875 viens
1568 1785 1664 1869 de
1702 1778 2092 1868 brouiller
2130 1779 2424 1867 dedans
2462 1808 2662 1863 mon
2700 1775 3042 1868 cabinet.

418 1913 663 1997 CLO.
712 1913 913 1997 Ceft
950 1913 995 1997 à
1029 1909 1375 2033 quelque
1408 1900 1695 1993 beauté
1727 1935 1885 2022 que
1927 1931 2005 1989 ta
2038 1901 2269 1989 Mufe
2306 1896 2691 1989 l’adrelTe?

419 2034 648 2122 TIR.
691 2038 810 2117 En
845 2031 1116 2121 faveur
1157 2029 1348 2118 d’un
1381 2059 1566 2143 amy
1597 2031 1672 2139 je
1707 2025 1888 2109 flate
1913 2024 1992 2105 ù.
2025 2021 2472 2113 Maitrelfe,

592 2159 779 2275 Voy
808 2151 861 2240 fi
894 2181 981 2239 tu
1014 2155 1087 2242 le
1130 2152 1509 2244 connois,
1546 2151 1634 2229 Le
1666 2146 1721 2230 fi
1752 2143 2062 2264 parlant
2098 2168 2304 2256 pour
2344 2138 2485 2256 luy

597 2281 750 2399 I’ay
781 2276 951 2364 feeu
985 2267 1665 2365 m’accommoder
1705 2301 1855 2356 aux
1897 2268 2229 2385 pallions
2263 2262 2657 2381 d’autruy.

1139 2494 2547 2651 SONNET.
722 2763 937 2989 A
950 2765 1152 2848 ires
1188 2755 1376 2844 l'œil
1412 2756 1510 2844 de
1544 2760 1712 2843 Me
1714 2752 1858 2840 lire
1892 2749 1964 2835 il
1994 2756 2070 2834 ri
2076 2747 2183 2864 eft
2212 2750 2386 2835 rien
2414 2743 2970 2835 d’admirable.

967 2880 1119 2973 Ah,
1131 2880 1353 2977 frere,
1365 2880 1417 2964 il
1439 2877 1617 2964 n’en
1633 2876 1807 2962 faut
1835 2874 2031 2993 plus.
2069 2873 2203 2960 TI
2203 2876 2441 2959 R.Tu
2467 2867 2623 2955 n’es
2643 2902 2773 2990 pas
2799 2864 3309 2991 supportable

594 3011 722 3091 De
760 3038 886 3094 me
928 3035 1246 3124 rompre
1283 3001 1564 3089 fi-toft.
1627 3001 1880 3085 CLO.
1917 2994 2216 3081 C’étoit
2249 2994 2420 3081 fans
2458 3023 2508 3111 y
2540 2994 2834 3111 penser.

600 3126 943 3218 Achevé.
1002 3128 1237 3215 TIR.
1270 3131 1629 3245 Tay-toy
1658 3122 1919 3215 donc,
1956 3118 2035 3237 je
2070 3149 2171 3206 va
2172 3145 2217 3241 y
2262 3144 2895 3203 recommencer.

1157 3349 2526 3503 SONNET.
423 3615 655 3837 A
687 3614 880 3698 ires
911 3610 1100 3693 l’œil
1123 3608 1222 3694 de
1251 3604 1564 3693 Melite
1599 3598 1670 3686 il
1701 3606 1778 3686 ri
1786 3603 1886 3712 eft
1914 3602 2086 3685 rien
2125 3589 2654 3682 d’admirable
2656 3658 2688 3694 ,

686 3730 767 3819 Il
794 3740 871 3814 ri
870 3731 981 3841 eft
996 3734 1171 3815 rien
1208 3727 1307 3811 de
1312 3723 1577 3841 folide
1610 3718 1837 3841 après
1870 3748 2011 3801 ma
2038 3714 2391 3836 loyauté,

429 3856 645 3940 Mon
651 3857 801 3971 feu
833 3886 1121 3936 comme
1131 3843 1281 3966 fin
1317 3869 1527 3932 teint
1533 3839 1628 3961 fi
1663 3839 1859 3928 rend
1891 3832 2503 3957 incomparable,

428 3974 550 4056 Et
566 3987 650 4088 je
662 3975 836 4091 fuis
868 4009 964 4060 en
1006 4003 1290 4061 amour
1314 4002 1394 4053 ce
1428 3961 1704 4096 quelle
1736 3963 1836 4082 eft
1866 3995 1962 4047 en
1994 3956 2296 4046 beauté.

547 4215 780 4339 Quoy
819 4249 968 4342 que
993 4211 1230 4337 puiffe
1265 4245 1320 4299 a
1357 4244 1522 4299 mes
1545 4207 1728 4327 fins
1757 4203 1968 4330 offrir
1991 4202 2078 4290 la
2111 4199 2606 4299 nouveauté,

428 4340 653 4428 Mon
694 4370 899 4424 cœur
928 4331 981 4423 à
1026 4362 1199 4421 tous
1212 4331 1349 4451 fis
1378 4335 1619 4420 traits
1660 4328 2025 4416 demeure
2052 4319 2617 4412 invulnérable
2616 4388 2653 4420 ,

431 4462 553 4544 Et
587 4457 759 4545 bien
803 4457 1069 4580 quelle
1101 4479 1227 4540 ait
1261 4458 1551 4566 aufien
1589 4449 1677 4537 la
1711 4453 1997 4570 mefine
2031 4444 2395 4540 cruauté,

432 4586 610 4670 Ma
614 4583 762 4701 foy
788 4604 992 4700 pour
994 4574 1128 4695 fis
1162 4577 1514 4695 rigueurs
1546 4579 1720 4657 rien
1754 4573 1856 4688 eft
1862 4599 2016 4695 pas
2048 4573 2296 4654 moins
2342 4560 2674 4652 durable
2674 4630 2696 4652 .

553 4824 758 4941 C’eft
781 4824 976 4908 donc
1007 4850 1216 4906 avec
1243 4816 1498 4935 raifin
1533 4845 1688 4941 que
1719 4845 1896 4899 mon
1929 4815 2314 4934 extrefme
2341 4807 2638 4898 ardeur

436 4946 757 5033 Trouve
790 4942 923 5030 che
926 4945 1225 5067 facette
1252 4937 1435 5029 belle
1468 4971 1624 5024 une
1656 4937 2032 5054 extrefme
2056 4933 2451 5054 froideur,

441 5066 565 5150 Et
589 5100 741 5189 que
751 5066 949 5182 fans
981 5062 1161 5179 eftre
1193 5062 1415 5150 aimé
1435 5074 1517 5176 je
1551 5054 1803 5176 brufïe
1829 5083 2037 5179 pour
2061 5049 2403 5142 Melite.

564 5313 733 5392 Car
760 5308 857 5390 de
885 5343 965 5396 ce
1003 5338 1153 5429 que
1182 5307 1299 5395 les
1330 5308 1621 5391 Dieux
1655 5333 1851 5391 nous
1884 5320 2297 5416 envoyant
2318 5330 2435 5382 au
2452 5307 2641 5403 jour

449 5434 922 5513 Donnèrent
943 5455 1142 5547 pour
1163 5463 1356 5517 nous
1391 5428 1604 5512 deux
1641 5424 2054 5516 d'amour,
2225 5421 2322 5503 de
2349 5421 2672 5516 mérité,

446 5545 624 5634 Elle
664 5585 718 5633 a
756 5575 932 5634 tout
966 5545 1034 5633 le
1070 5555 1344 5637 mérité
1380 5614 1411 5650 ,
1582 5576 1763 5664 moy
1784 5549 1955 5663 j’ay
1992 5567 2170 5628 tout
2198 5537 2534 5629 l'amour
2534 5605 2554 5625 .

747 5670 995 5754 Tome
1033 5674 1101 5754 I.

2837 5653 2909 5733 C
