4267 6626
1315 355 2489 451 COMEDIE.

3239 397 3358 506 13
500 539 726 623 PHI
724 601 734 615 .
746 545 766 575 a
810 527 1006 615 C’eft
1036 527 1248 613 donc
1278 532 1460 610 ainfi
1484 562 1730 648 quon
1760 560 2016 648 quitte
2044 562 2150 618 un
2188 561 2460 619 amant
2494 561 2694 649 pour
2732 569 2840 621 un
2878 539 3110 628 frere’.

496 661 736 741 CLO.
778 647 1242 743 Philandre,
1290 652 1512 736 avoir
1550 686 1662 734 un
1700 682 1852 770 peu
1894 656 1990 734 de
2024 651 2426 747 curiofitéj

674 781 790 861 Ce
834 773 1020 861 n'çft
1062 803 1192 885 pas
1234 802 1508 860 envers
1544 802 1688 890 toy
1734 776 2030 894 grande
2080 777 2456 865 infidélité
2482 811 2500 855 :

674 893 990 987 Souffre
1032 929 1188 1011 que
1234 897 1306 1007 je
1350 898 1680 982 defrobe
1718 928 1826 980 un
1864 929 2232 984 moment
2274 895 2318 981 à
2358 933 2490 985 ma
2532 903 2626 985 fia
2636 933 2766 985 me

670 1027 882 1111 Pour
924 1019 1062 1101 lire
1098 1014 1404 1136 malgré
1438 1018 1572 1118 luy
1610 1018 1960 1136 jusqu’au
1998 1019 2202 1105 fond
2244 1019 2340 1105 de
2378 1023 2520 1105 fon
2564 1053 2780 1115 ame,

663 1153 898 1227 Nous
939 1169 1042 1223 en
1069 1139 1326 1225 rirons
1363 1170 1582 1258 apres
1613 1140 2056 1236 ensemble,
2089 1142 2142 1227 fi
2187 1169 2276 1227 tu
2321 1173 2548 1227 veux.

489 1273 721 1353 PHI.
773 1269 1061 1383 Qnqyj
1105 1256 1395 1348 c’eft-là
1437 1290 1615 1348 tout
1661 1260 1873 1348 l'état
1915 1294 2073 1382 que
2105 1294 2193 1348 tu
2231 1265 2373 1351 fais
2407 1265 2503 1351 de
2537 1299 2703 1351 mes
2735 1269 2951 1355 feux!

483 1393 727 1473 CLO.
769 1393 851 1473 le
881 1415 977 1473 ne
1001 1381 1257 1471 t’aime
1291 1416 1421 1502 pas
1455 1386 1719 1472 moins
1757 1420 1963 1502 pour
2003 1388 2193 1473 eftre
2227 1393 2599 1485 curicufc,

657 1519 757 1593 Et
799 1537 877 1593 ta
911 1511 1141 1593 flame
1179 1501 1219 1589 à
1255 1541 1455 1594 mon
1489 1540 1715 1594 cœur
1753 1506 1939 1594 n’cft
1977 1540 2107 1626 pas
2145 1515 2409 1595 moins
2451 1515 2861 1627 precieufe,

661 1631 963 1719 Confier
971 1661 1301 1728 ve-moy
1337 1632 1413 1718 le
1451 1632 1659 1728 tien,
1709 1636 1797 1714 &
1825 1632 1975 1718 fois
2007 1636 2171 1719 leur
2209 1633 2305 1719 de
2335 1665 2465 1719 ma
2499 1635 2663 1735 foy.

479 1761 717 1845 PHI.
761 1753 891 1839 Ah
923 1753 1163 1847 folle,
1205 1754 1439 1869 qu’en
1471 1752 1879 1852 t’aimant,
1921 1756 1973 1842 il
2015 1756 2189 1844 faut
2223 1757 2539 1843 souffrir
2581 1761 2677 1843 de
2715 1787 2849 1877 toy
2875 1783 2891 1835 !

3382 621 3408 656 û
3420 613 3469 673 tl
3494 617 3684 677 retient

3387 708 3546 768 Chris
3585 712 3684 789 qui

3382 798 3503 880 fuit
3533 802 3641 880 jon

3378 884 3525 971 frere
3529 932 3543 949 *

2748 5601 2814 5683 B
2878 5591 2960 5709 iij
