4267 6587
1442 355 1679 452 DE
1810 351 2583 452 MHLITE.
3336 356 3557 452 xxix

479 550 616 644 jus
613 557 694 616 te
677 525 800 649 fie.
895 527 1186 611 Eraste
1209 554 1282 640 y
1299 523 1480 639 fait
1517 520 1957 637 contrefaire
1995 519 2129 601 des
2173 516 2437 602 lettres
2483 516 2575 602 de
2619 515 2974 616 AIelite,
3015 515 3116 615 (fi
3155 516 3265 602 les
3303 544 3566 638 porter

494 656 546 740 à
584 649 1040 740 Philandre.
1112 648 1222 731 Ce
1252 639 1692 728 Philandre
1728 640 1836 751 efi
1862 636 2036 722 bien
2068 635 2374 723 credule
2406 639 2502 721 de
2514 636 2608 752 fi
2638 636 3052 751 perfkader
3070 639 3320 748 â’efire
3346 644 3572 727 aimé

493 776 719 860 d'une
759 768 1109 890 perfonne
1149 763 1345 888 qu’il
1376 773 1449 851 ri
1449 798 1503 847 a
1545 768 1837 864 jamais
1875 785 2305 847 entretenue
2329 823 2357 855 ,
2388 759 2579 847 dont
2610 755 2683 838 il
2719 789 2811 839 ne
2853 763 3145 847 connoit
3169 764 3393 880 point
3422 763 3555 851 l'é¬

497 902 826 992 criture,
863 889 968 988 (fi
985 892 1130 1009 qui
1157 888 1290 1010 luy
1321 883 1598 1005 défend
1633 883 1730 967 de
1757 879 2006 967 l'aller
2029 912 2206 967 voir
2221 926 2244 984 5
2267 880 2696 999 cependant
2727 880 2996 997 quelle
3023 910 3258 993 reçoit
3289 883 3398 968 les
3417 892 3554 971 vi-

472 1022 662 1138 fites
696 1013 882 1100 d'un
908 1039 1184 1104 autre,
1228 1039 1428 1092 avec
1458 1008 1600 1131 qui
1638 999 1704 1087 il
1742 1002 1914 1087 doit
1954 1008 2194 1088 avoir
2222 1033 2370 1087 une
2402 999 2688 1087 amitié
2718 996 2934 1117 affez,
2962 999 3218 1087 étroite
3246 1068 3278 1100 ,
3324 1012 3554 1121 puis¬

497 1137 691 1262 qu'il
721 1136 827 1251 efi
849 1128 1173 1220 accordé
1197 1128 1293 1216 de
1317 1129 1421 1245 fa
1437 1116 1671 1247 fœur.
1767 1120 1851 1211 Il
1871 1128 2047 1246 fait
2071 1120 2293 1245 plus,
2317 1129 2469 1241 fur
2499 1120 2581 1206 la
2611 1119 2921 1241 legereté
2947 1123 3177 1208 dune
3209 1155 3553 1246 croyance

485 1266 548 1386 fi
576 1285 732 1378 peu
768 1248 1280 1374 raifinnable,
1315 1249 1386 1331 il
1412 1279 1718 1336 renonce
1753 1244 1806 1331 à
1836 1278 1988 1330 une
2020 1246 2358 1369 affection
2393 1245 2580 1331 dont
2611 1247 2676 1330 il
2709 1244 2902 1327 étoit
2933 1244 3246 1362 affeuré,
3285 1245 3386 1340 (fi
3410 1252 3556 1369 qui

492 1385 685 1468 étoit
708 1378 939 1499 prefie
974 1376 1297 1463 d’avoir
1298 1369 1447 1489 fin
1480 1364 1667 1490 effet.
1762 1368 2053 1451 Eraste
2080 1372 2155 1451 ri
2156 1368 2253 1480 efi
2278 1393 2421 1486 pas
2448 1368 2701 1450 moins
2736 1363 3059 1448 ridicule
3082 1398 3229 1485 que
3254 1364 3381 1489 luy
3398 1437 3427 1463 ,
3456 1372 3555 1457 de

489 1510 945 1623 s’imaginer
973 1529 1123 1619 que
1141 1492 1247 1612 fa
1261 1488 1531 1614 fiurbe
1567 1485 1877 1605 caufira
1921 1515 2115 1572 cette
2157 1513 2475 1606 rupture
2493 1556 2519 1584 ,
2551 1491 2695 1606 qui
2711 1485 2949 1601 ferait
2985 1484 3333 1600 toutefois
3367 1493 3553 1575 inu¬

494 1622 638 1712 tile
670 1621 722 1709 d
742 1620 890 1743 fin
922 1613 1186 1739 deffein
1210 1682 1238 1712 3
1278 1613 1408 1700 s’il
1432 1646 1530 1699 ne
1555 1609 1880 1730 fçavoit
1911 1609 2006 1696 de
2042 1609 2426 1695 certitude
2458 1642 2606 1731 que
2641 1603 3068 1703 Philandre
3088 1673 3116 1703 3
3150 1603 3456 1730 malgré
3481 1608 3558 1696 le

466 1750 721 1866 fiecret
754 1738 951 1867 qu'il
990 1741 1125 1859 luy
1148 1738 1329 1854 fait
1364 1729 1789 1821 demander
1822 1754 1975 1850 par
2010 1728 2315 1817 Melite
2354 1729 2563 1816 dans
2616 1763 2735 1816 ces
2766 1723 3051 1849 fauffês
3094 1725 3365 1829 lettres
3383 1797 3413 1829 3
3456 1762 3559 1818 ne

497 1896 929 1987 manquera
971 1887 1109 1981 pas
1149 1858 1203 1944 à
1245 1854 1353 1944 les
1389 1882 1721 1945 montrer
1755 1848 1807 1939 à
1847 1852 2103 1940 Pircis
2135 1888 2162 1974 ;
2201 1887 2353 1974 que
2389 1878 2499 1939 cet
2527 1862 2849 1940 Amant
2861 1848 3235 1970 favorisé
3241 1918 3273 1948 3
3315 1857 3553 1937 croira

480 1985 764 2110 plûtofi
794 2020 902 2072 un
952 1986 1310 2069 caraékre
1352 1974 1552 2099 qu’il
1588 1981 1658 2060 ri
1660 2007 1714 2059 a
1750 1981 2042 2083 jamais
2080 2006 2240 2059 vcu
2278 2041 2306 2072 ,
2366 2006 2514 2095 que
2550 1974 2656 2060 les
2694 1968 3158 2089 affeurances
3202 1974 3560 2059 d’amour

497 2105 693 2232 qu’il
725 2110 957 2222 reçoit
995 2131 1165 2189 tous
1196 2098 1307 2184 les
1326 2115 1543 2213 jours
1574 2097 1667 2184 de
1672 2095 1783 2215 fa
1810 2093 2231 2215 Alaitreffe
2251 2111 2275 2198 ;
2310 2093 2413 2189 (fi
2429 2094 2623 2215 qu’il
2659 2118 2957 2210 rompra
2989 2123 3193 2175 avec
3209 2094 3339 2180 elle
3348 2097 3553 2209 fans

495 2234 630 2356 luy
661 2226 928 2351 parler
934 2295 964 2326 3
999 2227 1096 2313 de
1119 2248 1322 2343 peur
1351 2221 1444 2309 de
1471 2226 1628 2304 s’en
1655 2213 2024 2305 éclaircir.
2111 2222 2332 2304 Cette
2363 2213 2782 2335 pretenfion
2815 2212 3174 2299 dEraste
3219 2247 3318 2300 ne
3357 2243 3551 2335 pou¬

496 2357 662 2442 vait
694 2350 872 2467 efire
892 2341 1368 2468 fupportable
1408 2377 1460 2429 a
1502 2341 1748 2426 moins
1784 2338 2016 2425 dune
2058 2338 2540 2438 révélation,
2580 2333 2678 2432 (fi
2710 2338 2968 2425 Pircis
3002 2336 3146 2463 qui
3178 2334 3288 2450 efi
3312 2333 3514 2423 l'hon
3512 2388 3552 2402 -

497 2475 687 2592 nefie
729 2471 1027 2558 homme
1063 2467 1159 2553 de
1201 2462 1285 2548 la
1323 2471 1601 2562 Piece,
1651 2467 1725 2545 ri
1723 2491 1777 2545 a
1805 2488 1949 2578 pas
1981 2457 2271 2579 l’esprit
2303 2463 2553 2547 moins
2599 2458 2793 2579 leger
2827 2487 2975 2578 que
3014 2447 3125 2541 les
3159 2458 3373 2541 deux
3401 2488 3553 2545 au¬

498 2624 692 2693 tres,
727 2595 826 2679 de
858 2587 1422 2678 s’abandonner
1453 2616 1560 2669 au
1591 2581 1964 2703 defispoir
1993 2607 2150 2703 par
2183 2616 2336 2668 une
2373 2582 2648 2702 mefme
2675 2573 3000 2699 facilité
3033 2577 3128 2661 de
3171 2607 3522 2698 croyance
3522 2646 3552 2678 ,

498 2754 553 2802 a
596 2715 681 2802 la
716 2744 873 2799 veu
892 2728 925 2798 'è
964 2711 1059 2797 de
1114 2744 1187 2795 ce
1232 2714 1594 2795 caraékre
1636 2735 1988 2789 inconnu.
2102 2706 2259 2794 Les
2278 2703 2704 2824 fintimens
2740 2703 2838 2785 de
2872 2693 3196 2785 douleur
3220 2697 3418 2818 qu’il
3456 2732 3552 2785 en

481 2865 675 2960 peut
695 2835 1237 2957 légitimement
1261 2830 1657 2918 concevoir
1661 2895 1693 2925 3
1733 2827 2133 2913 devroient
2161 2826 2271 2914 du
2307 2859 2561 2913 moins
2587 2822 3003 2943 l’emporter
3019 2853 3071 2905 a
3087 2822 3305 2939 faire
3329 2822 3549 2943 quel¬

498 2993 684 3080 ques
726 2951 1092 3076 reproches
1124 2986 1178 3039 a
1218 2951 1382 3038 celle
1415 2954 1600 3039 dont
1637 2947 1704 3033 il
1723 2946 1816 3067 fi
1852 2951 2038 3034 croit
2066 2946 2336 3068 trahy,
2380 2946 2482 3041 (fi
2517 2946 2656 3072 luy
2689 2947 2984 3033 donner
3000 2967 3156 3059 par
3181 2938 3270 3028 là
3305 2937 3552 3029 l’occa-

478 3084 651 3196 fion
676 3079 771 3167 de
810 3076 881 3162 le
912 3070 1331 3195 defkbufir,
1448 3076 1581 3159 La
1594 3067 1789 3192 folie
1822 3070 2195 3170 d’Eraste
2209 3140 2241 3170 3
2272 3075 2353 3158 ri
2350 3071 2457 3183 efi
2478 3096 2625 3188 pas
2676 3067 2769 3153 de
2814 3063 3199 3149 meilleure
3232 3088 3549 3185 trempe.

505 3200 593 3324 Je
631 3199 715 3287 la
745 3200 1241 3287 condamnois
1269 3195 1549 3311 deflors
1581 3225 1673 3278 en
1713 3225 1889 3278 mon
1921 3225 2101 3278 ame
2131 3238 2156 3295 5
2195 3199 2399 3278 mais
2433 3224 2717 3278 comme
2749 3186 2995 3275 cétoit
3019 3217 3131 3269 un
3165 3208 3557 3270 ornement

502 3324 596 3410 de
630 3319 980 3407 Pheatre
1022 3322 1164 3441 qui
1188 3354 1280 3402 ne
1316 3319 1730 3436 manquait
1750 3319 2046 3423 jamais
2076 3314 2174 3399 de
2190 3316 2476 3432 plaire,
2514 3310 2614 3406 (fi
2626 3311 2718 3432 fi
2728 3306 3012 3431 faifioit
3026 3303 3382 3423 fiuvent
3410 3306 3554 3391 ad¬

503 3450 767 3543 mirer,
788 3427 1151 3564 j’affèâay
1175 3439 1593 3527 volontiers
1621 3469 1733 3523 ces
1749 3435 2051 3557 grands
2074 3435 2549 3553 égaremens,
2586 3431 2687 3528 (fi
2711 3464 2807 3515 en
2834 3452 3045 3548 tiray
3075 3461 3185 3511 un
3211 3423 3373 3548 effet
3404 3456 3555 3543 que

487 3576 570 3676 je
605 3564 964 3652 tiendrais
1003 3593 1218 3647 encor
1245 3555 1672 3645 admirable
1707 3588 1804 3637 en
1845 3590 1916 3638 ce
1947 3576 2210 3673 temps.
2321 3552 2532 3677 C’eff
2559 3552 2642 3638 la
2685 3552 3026 3633 maniéré
3061 3547 3248 3631 dont
3271 3547 3554 3630 Eraste

476 3688 650 3804 fait
686 3679 1078 3796 connoifire
1120 3680 1174 3767 à
1214 3675 1692 3771 Philandre,
1724 3706 1820 3763 en
1852 3672 1920 3758 le
1948 3698 2284 3794 prenant
2304 3701 2506 3793 pour
2542 3671 2878 3766 A/Linos,
2924 3666 3006 3750 la
3032 3662 3308 3787 fourbe
3358 3666 3556 3787 qu’il

503 3804 643 3930 luy
695 3839 747 3891 a
789 3808 1053 3925 faite,
1119 3800 1221 3896 (fi
1265 3799 1579 3887 l’erreur
1625 3829 1727 3882 ou
1767 3794 1837 3879 il
1882 3792 1993 3878 l’a
2029 3796 2249 3903 jetté-
2367 3799 2623 3883 Dans
2663 3816 2831 3877 tout
2869 3822 2939 3874 ce
2981 3821 3129 3907 que
3173 3792 3339 3908 j’ay
3374 3791 3553 3907 fait

503 3928 822 4046 depuis,
849 3936 930 4032 je
969 3957 1068 4007 ne
1097 3923 1320 4041 penfi
1351 3949 1492 4041 pas
1531 3915 1732 4040 qu’il
1753 3916 1850 4037 fi
1891 3942 2266 4003 rencontre
2315 3919 2486 4003 rien
2533 3916 2626 4002 de
2667 3911 2846 4033 plus
2895 3911 3156 3999 adroit
3189 3932 3392 4028 pour
3439 3940 3552 3993 un

464 4048 980 4136 dénouement.

649 4169 865 4253 Pout
905 4164 971 4252 le
1003 4159 1429 4286 cinquième
1459 4166 1655 4248 Aile
1677 4155 2121 4281 peutpaffer
2143 4184 2341 4276 pour
2371 4152 2683 4243 inutile.
2755 4152 3011 4239 Pircis
3037 4147 3451 4243 (fiAdelite
3453 4148 3553 4269 fi

479 4292 678 4406 font
708 4288 1282 4380 raccommodez,
1314 4310 1578 4371 avant
1612 4280 1812 4406 qu’il
1848 4313 2296 4376 commence,
2337 4273 2434 4371 (fi
2462 4302 2620 4397 par
2650 4272 3102 4396 confiequent
3127 4268 3436 4354 l’aBion
3458 4268 3556 4381 efi

506 4408 891 4496 terminée.
992 4405 1075 4491 Il
1104 4408 1275 4512 rieft
1296 4401 1475 4525 plus
1506 4409 1863 4526 question
1894 4435 2047 4522 que
2072 4403 2167 4487 de
2178 4400 2511 4516 .fçavoir
2546 4401 2689 4516 qui
2710 4431 2765 4479 a
2780 4396 2951 4517 fait
2988 4391 3069 4477 la
3094 4387 3555 4512 Juppofition

507 4528 641 4616 des
683 4529 993 4625 lettres,
1033 4522 1131 4619 (fi
1159 4524 1255 4608 ils
1291 4528 1711 4646 pouvoient
1745 4521 2039 4607 l’avoir
2041 4520 2231 4641 fieu
2251 4523 2347 4606 de
2375 4516 2661 4616 Cloris,
2689 4515 2741 4603 à
2779 4520 2917 4637 qui
2951 4508 3379 4599 Philandre
3401 4507 3549 4595 l’à-

510 4653 688 4736 voit
720 4649 846 4736 dit
870 4674 1066 4766 pour
1074 4644 1168 4761 fi
1192 4645 1540 4758 justifier.
1612 4641 1698 4728 Il
1742 4644 1838 4759 efi
1870 4674 2060 4765 vray
2092 4670 2240 4763 que
2272 4665 2386 4728 cet
2418 4644 2614 4727 Aéle
2646 4661 2862 4723 retire
2891 4635 3176 4719 Eraste
3207 4632 3300 4718 de
3319 4627 3554 4749 folie,

514 4773 705 4890 qu’il
740 4769 809 4855 le
845 4764 1211 4856 réconcilié
1248 4797 1447 4852 avec
1474 4764 1585 4852 les
1620 4763 1829 4848 deux
1860 4770 2249 4860 Amants,
2290 4757 2391 4855 (fi
2398 4764 2575 4877 fait
2590 4759 2743 4878 fin
2774 4759 3119 4873 mariage
3156 4785 3357 4838 avec
3376 4749 3555 4835 Cio-

515 4898 620 4976 ris
643 4923 662 4993 ;
687 4898 885 4975 mais
905 4914 1075 4976 tout
1105 4884 1263 4969 cela
1285 4917 1379 4971 ne
1413 4883 1705 5006 regarde
1725 4880 1909 5001 pim
1947 4889 2223 5002 qu’une
2255 4885 2509 4964 aéiion
2547 4877 3069 5002 Epifidique,
3099 4880 3239 4993 qui
3271 4901 3365 4958 ne
3393 4871 3557 4959 doit

510 5034 650 5126 pas
682 5014 988 5130 amufir
1008 5009 1078 5091 le
1106 5004 1510 5104 Pheatre,
1552 5004 1832 5126 quand
1852 5000 1936 5088 la
1956 4999 2382 5118 principale
2418 5000 2728 5113 efifinie
2744 5043 2768 5101 5
2804 5000 2902 5092 (fi
2908 4995 3060 5112 fur
3082 5018 3250 5079 tout
3276 5027 3352 5076 ce
3376 5018 3554 5075 ma¬

515 5134 713 5252 riage
749 5160 801 5211 a
822 5134 911 5242 fi
919 5155 1075 5246 peu
1106 5124 1631 5246 d’apparence,
1661 5120 1855 5245 qu’il
1887 5113 1991 5238 efi
2021 5120 2195 5207 aisé
2214 5124 2307 5208 de
2333 5121 2515 5207 voir
2547 5125 2771 5242 qu’on
2805 5150 2901 5203 ne
2932 5112 3005 5198 le
3027 5111 3369 5233 propofe,
3404 5137 3553 5225 que

501 5274 710 5366 pour
719 5244 1116 5366 fiatisfaire
1157 5244 1208 5332 à
1247 5246 1330 5332 la
1363 5274 1710 5335 coutume
1745 5244 1844 5331 de
1881 5274 1952 5328 ce
1985 5237 2412 5360 temps-là,
2449 5270 2586 5361 qui
2629 5239 2806 5324 étoit
2845 5236 2940 5324 de
2975 5240 3266 5319 marier
3287 5253 3454 5314 tout
3477 5262 3550 5311 ce

520 5377 746 5490 qu’on
788 5370 1262 5491 introdmfoit
1278 5365 1434 5486 fur
1462 5364 1546 5453 la
1586 5369 1830 5451 Scene.
1924 5361 2000 5448 Il
2020 5360 2312 5481 fimble
2354 5360 2632 5481 mefme
2664 5391 2816 5481 que
2852 5356 2920 5444 le
2950 5352 3424 5469 Perfonnage
3456 5348 3554 5435 de

523 5489 971 5590 Philandre,
995 5491 1125 5611 qui
1161 5515 1337 5606 part
1369 5522 1569 5577 avec
1595 5519 1705 5572 un
1741 5480 2241 5606 refientiment
2273 5480 2635 5580 ridicule,
2663 5483 2853 5567 dont
2893 5507 2987 5558 on
3023 5507 3115 5555 ne
3143 5472 3383 5555 craint
3407 5493 3553 5585 pas

2892 5593 3087 5706 õ iij
