4267 6647
3163 441 3325 529 77

1311 399 1563 503 TR
1611 403 1845 503 AG
1891 407 1987 499 E
2033 407 2147 503 B
2207 411 2443 503 JE.

619 585 689 663 A
723 611 923 663 mon
957 577 1559 693 empreffement
1601 577 2061 689 pardonnez
2107 577 2235 663 cét
2277 581 2577 677 Adieu,

615 711 693 785 le
731 701 1083 815 perdrois
1117 727 1339 815 trop,
1377 697 1837 793 Monfieur,
1875 693 1923 785 à
1953 701 2213 785 tarder
2247 731 2343 785 en
2393 737 2481 785 ce
2523 705 2701 789 lieu.

433 827 715 911 DOR.
757 827 1009 941 Amp,
1047 853 1187 941 qui
1221 853 1377 937 que
1411 845 1495 901 tu
1533 819 1729 915 fois,
1757 819 1815 901 fi
1853 849 1997 905 ton
2035 853 2213 905 ame
2243 823 2563 915 fenfible

615 953 685 1031 A
723 943 797 1027 la
839 943 1321 1057 compaffion
1363 969 1551 1057 peut
1589 939 1663 1027 fe
1701 943 1983 1027 rendre
2021 943 2459 1041 acceflîble,

611 1069 751 1153 Vn
789 1065 1019 1179 jeune
1057 1061 1663 1149 Gentilhomme
1705 1065 2049 1183 implore
2087 1095 2235 1153 ton
2273 1069 2623 1169 secours;

615 1191 859 1273 Prens
897 1181 1079 1305 pitié
1117 1187 1213 1269 de
1247 1217 1413 1269 mes
1441 1217 1681 1273 maux
1715 1217 1919 1305 pour
1961 1191 2157 1273 trois
2185 1221 2295 1273 ou
2333 1217 2611 1309 quatre
2645 1203 2893 1305 jours,

611 1311 931 1395 Durant
969 1341 1061 1395 ce
1099 1341 1243 1425 peu
1281 1307 1381 1395 de
1411 1333 1667 1425 temps
1693 1311 2035 1395 accorde
2061 1341 2217 1395 une
2247 1337 2559 1399 retraite

611 1441 807 1521 Sous
849 1463 993 1521 ton
1031 1433 1365 1517 chaume
1399 1433 1755 1547 rustique
1791 1429 1837 1517 à
1869 1463 2001 1517 ma
2043 1433 2243 1517 fuite
2277 1433 2645 1529 fecrette,

607 1553 823 1641 D’un
865 1589 1205 1671 ennemy
1247 1549 1577 1671 puitïant
1615 1553 1689 1637 la
1727 1549 1957 1637 haine
1983 1585 2113 1637 me
2143 1553 2541 1671 poursuit.

611 1689 711 1767 Et
749 1675 823 1763 ri
827 1705 1057 1797 ayant
1103 1705 1201 1793 pu
1243 1671 1421 1793 quà
1459 1675 1685 1793 peine
1723 1671 1967 1763 éviter
2013 1705 2221 1763 cette
2259 1679 2515 1763 nuit.-

429 1805 715 1889 PTM.
753 1805 819 1883 L
845 1797 1113 1889 affaire
1143 1801 1283 1915 qui
1311 1827 1443 1883 me
1477 1801 1715 1915 presse
1749 1801 1857 1883 eft
1901 1801 2101 1889 assez
2133 1801 2623 1919 importante

607 1927 823 2009 Pour
857 1957 957 2009 ne
991 1921 1377 2039 pouvoir,
1415 1921 1871 2019 Monfieur,
1913 1917 2299 2039 répondre
2345 1921 2391 2009 à
2429 1921 2689 2013 voftre
2719 1947 3017 2013 attente
3043 1969 3069 2031 ;

607 2047 815 2131 Mais
853 2043 905 2131 fi
939 2077 1143 2131 vous
1177 2073 1313 2127 me
1347 2043 1693 2127 donniez
1731 2043 1805 2131 le
1843 2043 2053 2131 loisir
2091 2043 2277 2131 d’un
2307 2073 2715 2139 moment,

607 2173 689 2257 le
723 2199 923 2257 vous
957 2165 1407 2251 affeurerois
1445 2159 1715 2251 d’eftre
1757 2169 1883 2281 icy
1927 2195 2571 2281 promptement,

607 2299 707 2377 Et
741 2285 1067 2403 j’estime
1095 2285 1433 2407 qu’alors
1477 2285 1529 2373 il
1563 2319 1693 2373 me
1731 2289 1971 2373 feroit
2013 2289 2247 2373 facile

607 2419 911 2499 Contre
953 2411 1075 2499 cét
1121 2441 1455 2529 ennemy
1497 2411 1593 2499 de
1631 2441 1837 2499 vous
1875 2407 2065 2499 faire
2103 2441 2217 2495 un
2259 2407 2481 2499 azile.

425 2537 683 2619 DOR
689 2601 703 2619 .
753 2537 957 2619 Mais
987 2563 1221 2619 avant
1265 2563 1407 2619 ton
1441 2563 1715 2619 retour
1745 2531 1797 2619 fi
1835 2531 2183 2655 quelque
2217 2537 2511 2619 instant
2553 2527 2749 2619 fatal

607 2653 1083 2775 M’expofoit
1121 2683 1257 2775 par
1291 2653 1645 2741 malheur
1693 2687 1841 2741 aux
1883 2687 2083 2775 yeux
2117 2657 2217 2745 de
2255 2687 2343 2745 ce
2389 2653 2697 2749 brutal,

597 2783 703 2867 Et
741 2813 893 2897 que
935 2779 1577 2897 l’emportement
1619 2779 1719 2867 de
1757 2779 1901 2867 son
1939 2779 2287 2867 humeur
2333 2779 2681 2867 altiere...

425 2899 695 2987 PTM.
737 2905 953 2987 Pour
987 2935 1083 2987 ne
1121 2905 1287 2987 rien
1315 2899 1737 2995 hazarder,
1779 2905 2317 2991 cachez-vous
2355 2899 2433 2987 là
2471 2905 2831 2987 derrière.

425 3025 705 3109 DOR.
749 3021 1057 3113 Souffre
1091 3055 1247 3143 que
1281 3021 1351 3135 je
1385 3047 1465 3109 te
1493 3025 1755 3117 fuive,
1797 3029 1883 3109 &
1921 3059 2075 3147 que
2107 3055 2277 3113 mes
2311 3025 2563 3109 tristes
2601 3055 2815 3139 pas...

425 3147 695 3229 PTM.
737 3143 889 3265 l’ay
923 3147 1053 3229 des
1087 3147 1413 3243 secrets,
1463 3147 1915 3243 Monfieur,
1947 3151 2087 3269 qui
2129 3181 2231 3233 ne
2263 3147 2339 3233 le
2381 3147 2771 3233 souffrent
2813 3173 2969 3259 pas,

601 3271 703 3351 Et
737 3303 833 3355 ne
865 3271 1035 3385 puis
1069 3271 1235 3355 rien
1277 3297 1481 3385 pour
1519 3297 1723 3359 vous
1761 3267 1805 3355 à
1849 3303 2117 3359 moins
2151 3303 2313 3389 que
2351 3271 2451 3355 de
2485 3263 2995 3359 m’attendre,

611 3393 889 3477 Avisez
927 3423 1023 3477 au
1061 3419 1279 3507 party
1315 3423 1473 3507 que
1507 3423 1711 3481 vous
1745 3423 1935 3481 avez
1969 3393 2013 3481 à
2051 3393 2411 3511 prendre.

425 3509 701 3597 DOR.
737 3519 859 3597 Va
891 3515 1149 3607 donc,
1199 3515 1269 3623 je
1303 3509 1797 3633 t’attendray.
1861 3519 2149 3601 PTM.
2191 3519 2425 3597 Cette
2463 3509 2719 3597 touffe
2753 3509 3213 3597 d’ormeaux

601 3635 833 3719 Vous
875 3665 1165 3753 pourra
1203 3635 1645 3749 cependant
1693 3635 2009 3723 couvrir
2051 3635 2147 3719 de
2191 3635 2299 3719 ses
2345 3661 2745 3719 rameaux.

964 3892 2212 4084 SCENE
2372 3892 2924 4076 VIII.

1213 4241 1305 4337 P
1381 4241 1505 4337 Y
1559 4229 2473 4333 MANTE.

603 4491 783 4711 E
805 4487 1045 4579 Nfin,
1083 4519 1347 4611 grâces
1385 4523 1485 4575 au
1519 4487 1737 4585 Ciel,
1771 4519 2005 4611 ayant
2043 4493 2221 4605 fçeu
2255 4487 2459 4575 m’en
2501 4483 2793 4575 défaire

823 4617 897 4693 le
943 4613 1113 4723 puis
1151 4613 1313 4697 seul
1347 4613 1589 4697 aviser
1627 4609 1671 4697 à
1701 4639 1789 4697 ce
1813 4643 1971 4727 que
2009 4613 2079 4723 je
2107 4613 2281 4697 dois
2319 4613 2529 4701 faire.

601 4735 777 4835 Qui
805 4731 997 4849 qu'il
1021 4735 1227 4827 soit,
1265 4735 1317 4817 il
1351 4765 1391 4817 a
1425 4765 1581 4817 veu
1611 4731 1949 4817 Rofidor
1987 4731 2347 4853 attaqué,

601 4861 703 4939 Et
741 4855 927 4969 fçaic
969 4851 1495 4943 aflfeurément
1533 4881 1689 4969 que
1731 4881 1935 4935 nous
1973 4851 2269 4939 l’avons
2307 4847 2649 4965 manqué
2675 4881 2693 4925 :

601 4973 803 5061 N’en
845 4973 1061 5061 étant
1099 4981 1325 5091 point
1363 5003 1677 5069 connu,
1719 4973 1789 5087 je
1817 4969 1993 5055 n’en
2021 5003 2109 5087 ay
2147 4973 2307 5055 rien
2341 4969 2391 5055 à
2419 4969 2809 5061 craindre,

601 5093 1105 5215 Puisqu’ainfi
1139 5093 1499 5215 déguisé,
1537 5123 1719 5181 tout
1761 5123 1845 5177 ce
1887 5123 2043 5211 que
2081 5093 2157 5203 je
2195 5119 2395 5177 veux
2433 5089 2737 5177 feindre

607 5223 745 5303 Sur
779 5219 919 5303 son
953 5223 1179 5333 esprit
1217 5219 1533 5303 credule
1575 5215 1889 5303 obtient
1927 5245 2035 5299 un
2077 5211 2187 5299 tel
2229 5211 2593 5329 pouvoir.

607 5337 1027 5423 Toutefois
1061 5341 1231 5453 plus
1269 5337 1361 5459 j’y
1393 5341 1685 5469 songe,
1719 5341 1805 5419 &:
1843 5331 2013 5449 plus
2051 5345 2113 5441 je
2147 5337 2373 5449 penfe
2407 5331 2585 5419 voir

607 5461 755 5541 Par
793 5457 1135 5575 quelque
1165 5461 1417 5579 grand
1455 5459 1641 5545 effet
1679 5457 1775 5541 de
1809 5483 2265 5575 vangeance
2311 5453 2571 5541 divine

607 5587 725 5665 En
763 5613 849 5665 ce
883 5579 1135 5665 foible
1169 5579 1477 5671 témoin
1515 5579 1901 5661 l’autheur
1943 5579 2039 5657 de
2077 5609 2209 5661 ma
2247 5587 2507 5661 ruine;

2723 5699 2793 5775 K
2853 5691 2931 5805 iij
