4267 6587
1633 909 2354 969 PRIVILEGE
2414 900 2483 961 D
2516 901 2586 960 V
2654 900 2901 956 ROY
2901 935 2916 952 .

842 1083 956 1211 L
978 1076 1029 1128 O
1046 1076 1133 1129 VT
1154 1076 1184 1128 S
1240 1093 1354 1129 PAR
1411 1089 1479 1129 LA
1522 1086 1702 1128 CRACÎ
1754 1068 1818 1124 Dt
1870 1068 2021 1119 Diev
2064 1068 2200 1119 Roy
2256 1081 2324 1118 de
2376 1063 2607 1115 France
2641 1076 2709 1111 et
2758 1076 2826 1111 de
2873 1055 3195 1111 Navarre,
3229 1051 3272 1105 A
3306 1068 3405 1103 nos
3452 1050 3623 1106 Amez
3658 1054 3718 1107 &

973 1149 1119 1205 féaux
1153 1145 1471 1205 Confeillers
1492 1145 1565 1202 les
1577 1162 1707 1222 gens
1724 1162 1912 1201 tenatis
1925 1158 2024 1197 nos
2045 1141 2226 1196 Cours
2251 1140 2316 1191 de
2346 1132 2689 1201 Parlement,
2714 1135 2826 1185 Mai
2838 1132 2959 1188 (1res
2976 1131 3065 1184 des
3100 1128 3392 1202 Requeftes
3413 1128 3714 1184 ordinaires

835 1226 902 1282 de
925 1231 1098 1279 noftre
1118 1225 1300 1282 Hoftel
1329 1269 1343 1291 ,
1372 1205 1618 1286 Baillifs\
1637 1218 1977 1287 Sénéchaux,
2003 1214 2277 1282 Prêtions,
2310 1213 2445 1265 leurs
2469 1214 2826 1269 Lieutenans,
2860 1214 2916 1262 ôc
2945 1208 2967 1261 à
2993 1225 3114 1261 tous
3134 1221 3311 1257 autres
3331 1226 3426 1257 nos
3452 1208 3509 1256 lu
3520 1205 3715 1261 (liciers

836 1308 892 1358 <k
922 1299 1172 1359 Officiers
1218 1299 1351 1376 qu’il
1389 1299 1762 1377 appartiendra
1793 1299 1806 1351 :
1836 1299 2054 1355 Salvt-
2101 1292 2295 1351 Noftre
2333 1291 2457 1345 cher
2491 1294 2547 1342 &
2586 1286 2707 1342 bien
2753 1291 2874 1338 amé
2916 1285 3243 1341 AVGVSTÏ
3272 1286 3320 1334 N
3362 1283 3718 1342 COVRBE'

836 1381 1132 1433 Marchand
1166 1381 1381 1437 libraire
1406 1398 1471 1432 eu
1501 1376 1677 1429 noftre
1702 1376 1882 1428 bonne
1912 1373 2037 1427 ville
2074 1372 2135 1424 de
2183 1368 2367 1437 Paris,
2401 1369 2559 1424 Nous
2590 1381 2616 1415 a
2650 1364 2744 1419 fait
2787 1363 3109 1419 remonllrer
3143 1403 3159 1428 -
3186 1359 3319 1433 qu’il
3353 1381 3383 1415 a
3418 1359 3714 1437 cy-deuant

832 1454 932 1509 fait
968 1462 1244 1532 imprimer
1273 1454 1523 1532 plusieurs
1561 1454 1732 1527 pièces
1767 1449 1832 1505 de
1869 1449 2102 1509 Theatre
2122 1449 2187 1501 de
2217 1445 2263 1498 la
2302 1441 2659 1518 composition
2688 1445 2775 1497 des
2816 1437 2972 1492 (leurs
2992 1437 3057 1492 de
3074 1432 3353 1492 Corneille
3383 1437 3546 1492 freres
3580 1479 3594 1501 ,
3611 1437 3714 1493 les¬

836 1535 1038 1608 quelles
1068 1535 1102 1587 il
1141 1531 1411 1587 defiteroit
1441 1527 1569 1582 frire
1608 1548 1629 1582 r
1651 1531 1925 1604 imprimer
1947 1566 1961 1591 -
1998 1527 2080 1582 s'il
2123 1543 2260 1578 nous
2290 1522 2505 1598 plaisoit
2540 1522 2603 1574 de
2630 1518 2723 1596 luy
2749 1518 2997 1573 accorder
3027 1535 3126 1569 nos
3166 1514 3350 1569 lettres
3388 1518 3452 1569 de
3491 1514 3718 1587 prolon¬

832 1617 1020 1685 gation
1059 1612 1123 1664 de
1171 1608 1428 1681 Priuilege
1466 1604 1548 1661 fur
1582 1625 1638 1660 ce
1685 1604 1985 1661 nccefïaires
2006 1629 2020 1673 j
2045 1599 2264 1655 attendu
2303 1617 2406 1672 que
2436 1599 2483 1651 ia
2534 1595 2770 1672 plufpart
2813 1595 2899 1651 des
2937 1591 3220 1669 priuileges
3255 1634 3268 1659 ?
3302 1608 3366 1643 en
3399 1608 3555 1647 vertu
3602 1590 3714 1648 dcE

836 1690 990 1762 quels
1025 1689 1154 1742 elles
1183 1707 1278 1741 ont
1311 1685 1445 1741 défia
1487 1681 1587 1737 efté
1625 1681 1779 1737 mises
1805 1702 1873 1736 en
1920 1681 2178 1745 lumière,
2208 1673 2328 1729 sont
2362 1677 2608 1754 expirez,
2641 1678 2696 1728 Le
2736 1672 2809 1727 les
2842 1690 3019 1725 autres
3052 1672 3212 1745 prefts
3233 1668 3495 1745 d'expirer
3528 1672 3571 1728 A
3618 1690 3709 1729 ces

832 1788 1046 1822 cavses
1081 1770 1235 1821 Nous
1252 1780 1419 1815 auons
1445 1762 1672 1835 permis,
1707 1763 1759 1814 &
1780 1775 2110 1831 permettons
2140 1772 2230 1827 par
2248 1771 2333 1805 ces
2367 1749 2629 1827 prefentes
2651 1750 2689 1805 à
2706 1749 2891 1826 l'Expo
2899 1745 3010 1802 fant
3023 1749 3354 1822 d'imprimer
3379 1789 3396 1814 ,
3426 1744 3559 1801 faire
3598 1751 3706 1802 im¬

836 1861 1033 1920 primer
1068 1841 1265 1900 vendre
1304 1844 1359 1891 &
1394 1832 1599 1891 débiter
1629 1852 1694 1887 en
1745 1852 1861 1887 tous
1900 1835 1973 1887 les
2011 1831 2144 1886 lieux
2178 1831 2243 1882 de
2273 1831 2449 1882 noftre
2474 1827 2774 1882 obeifiance
2796 1844 2813 1894 ,
2856 1844 3019 1878 toutes
3053 1827 3255 1895 lefd/tes
3280 1835 3439 1900 pièces
3455 1827 3516 1874 de
3538 1831 3709 1878 Théâ¬

832 1938 913 1973 tre
942 1917 1201 1990 composes
1222 1934 1321 1986 par
1346 1917 1414 1968 les
1423 1917 1587 1985 fleurs
1612 1912 1672 1964 de
1702 1908 1951 1981 Q'orneille
1967 1912 2135 1981 freres
2153 1934 2170 1964 ;
2208 1912 2263 1960 ôc
2293 1925 2354 1960 ce
2380 1907 2804 1960 conjointement
2830 1921 2902 1955 ou
2920 1900 3250 1977 feparement
3276 1943 3288 1960 ,
3318 1921 3387 1955 en
3409 1921 3478 1954 vn
3498 1917 3567 1951 ou
3588 1904 3709 1977 plu-

840 1994 999 2050 fîcurs
1016 1994 1295 2054 volumes,
1326 2011 1390 2045 en
1415 1990 1561 2045 telles
1587 2007 1831 2063 marges,
1848 2007 1912 2041 en
1934 1985 2033 2041 tels
2055 1982 2342 2050 cara&eres
2363 2028 2384 2050 +
2415 1985 2470 2037 Le
2491 1998 2676 2037 autant
2693 1982 2757 2037 de
2787 1981 2886 2037 fois
2913 1980 3046 2054 qu’il
3076 1980 3310 2045 voudra,
3340 1978 3533 2034 durant
3552 1985 3709 2054 vingt

832 2071 1028 2127 années
1063 2118 1076 2139 ,
1123 2071 1154 2123 à
1201 2088 1437 2144 compter
1479 2068 1544 2119 du
1595 2070 1711 2118 iour
1767 2083 1870 2136 que
1904 2063 2110 2136 chaque
2153 2064 2298 2140 pièce
2333 2101 2350 2127 ,
2384 2080 2453 2114 ou
2483 2058 2697 2114 volume
2736 2057 2843 2113 fera
2882 2057 3079 2114 acheué
3105 2058 3435 2131 d’imprimer
3473 2075 3611 2131 pour
3645 2062 3701 2114 la

831 2153 1093 2225 première
1119 2148 1222 2200 fois
1256 2169 1321 2201 en
1359 2165 1509 2200 vertu
1539 2144 1628 2199 des
1667 2140 1947 2217 prefentes.
1990 2147 2054 2197 Et
2080 2139 2273 2191 faisons
2307 2135 2702 2213 tres-exprefiès
2736 2131 3001 2191 deffences
3035 2140 3065 2191 à
3092 2152 3268 2188 toutes
3306 2131 3593 2213 personnes
3636 2136 3705 2191 de

832 2226 1012 2298 quelle
1038 2226 1313 2281 condition
1346 2230 1402 2277 &
1433 2221 1638 2294 qualité
1665 2217 1883 2291 quelles
1920 2217 2123 2281 soient,
2152 2217 2479 2290 d’imprimer
2509 2260 2526 2285 ,
2560 2217 2787 2281 vendre,
2818 2217 2873 2264 ni
2904 2213 3183 2268 diftribuer
3216 2230 3448 2264 aucunes
3478 2213 3706 2268 defdites

828 2307 1003 2379 pièces
1042 2303 1102 2358 de
1136 2298 1368 2363 Theatre
1389 2341 1406 2363 ?
1437 2298 1548 2354 fans
1582 2298 1629 2350 le
1659 2297 2058 2350 consentement
2093 2294 2153 2350 de
2178 2290 2483 2367 l'Exposant
2513 2337 2526 2358 ,
2560 2311 2629 2346 ou
2663 2294 2727 2350 de
2757 2311 2886 2346 ceux
2912 2293 3002 2368 qui
3036 2306 3229 2342 auront
3255 2286 3345 2341 fou
3375 2290 3546 2350 droit,
3581 2290 3705 2346 fous

831 2398 1068 2456 pretexte
1111 2380 1599 2453 d'augmentation,
1638 2371 1973 2440 correction,
2002 2371 2354 2444 changement
2388 2371 2452 2423 de
2496 2371 2683 2436 tiltre,
2727 2366 2912 2423 fausses
2959 2385 3250 2440 marques,
3285 2384 3353 2418 ou
3399 2384 3705 2423 autrement

828 2479 896 2509 en
927 2457 1162 2530 quelque
1192 2457 1425 2510 maniéré
1462 2473 1566 2530 que
1604 2474 1660 2509 ce
1714 2449 1849 2521 soit,
1886 2453 1917 2504 à
1951 2453 2102 2526 peine
2130 2450 2196 2501 de
2231 2453 2428 2522 quinze
2474 2466 2591 2501 cens
2636 2444 2796 2500 liurcs
2829 2444 3139 2513 d’amende,
3178 2441 3431 2521 payables
3464 2440 3582 2500 fans
3610 2449 3705 2500 dé¬

828 2555 952 2610 port
991 2555 1081 2611 par
1115 2530 1312 2587 chacun
1342 2534 1432 2586 des
1449 2546 1840 2586 contreuenans
1861 2564 1878 2590 ,
1917 2534 1968 2581 &
1998 2525 2324 2603 applicables
2341 2547 2410 2577 vn
2431 2527 2556 2581 tiers
2590 2526 2620 2581 à
2654 2527 2847 2590 Nous,
2869 2543 2946 2581 vu
2976 2526 3105 2577 tiers
3139 2521 3173 2574 à
3208 2520 3465 2577 PHoftel-
3482 2526 3623 2577 Dieu
3641 2526 3705 2578 de

828 2611 1003 2663 noftre
1033 2610 1214 2667 bonne
1235 2607 1367 2664 ville
1401 2611 1466 2663 de
1501 2610 1677 2676 Paris,
1711 2607 1900 2660 l’autre
1930 2607 2054 2659 tiers
2071 2607 2101 2659 à
2127 2607 2139 2659 1
2161 2599 2423 2680 Exposant
2453 2646 2469 2668 >
2500 2603 2564 2654 de
2611 2599 2959 2654 confiscation
2989 2603 3079 2654 des
3117 2599 3469 2671 exemplaires
3486 2620 3705 2654 contre¬

823 2688 983 2757 fais,
1016 2694 1069 2744 Le
1088 2689 1150 2740 de
1175 2689 1527 2762 tousdefpens
1545 2726 1565 2748 ,
1598 2684 1912 2757 dommages
1933 2689 1986 2737 Le
2007 2680 2268 2736 inrerefts.
2307 2684 2367 2732 A
2407 2684 2652 2732 condition
2684 2680 2823 2754 qu'il
2832 2684 2961 2749 fer*
2985 2684 3076 2732 mis
3094 2684 3242 2728 deux
3275 2680 3358 2727 des
3374 2681 3705 2749 exemplaires

823 2774 922 2842 qui
918 2770 1102 2834 feront
1132 2774 1351 2839 imprime
1359 2787 1385 2834 ^
1415 2784 1475 2813 en
1505 2778 1539 2817 y
1544 2783 1655 2813 erra
1690 2766 1771 2814 dis
1792 2766 2054 2834 prefentes
2071 2783 2084 2826 ,
2118 2783 2174 2809 en
2204 2762 2363 2826 noftre
2397 2757 2754 2830 Pibliotheque
2770 2757 3023 2830 publique
3045 2796 3066 2826 >
3096 2770 3268 2818 çjr>yn
3293 2774 3353 2804 en
3383 2753 3495 2809 celle
3525 2757 3585 2809 de
3615 2779 3705 2809 no-

806 2847 922 2912 J?re
943 2843 1179 2899 tres-cker
1205 2861 1285 2907 &
1298 2843 1428 2912 féal
1448 2843 1492 2890 le
1514 2842 1659 2913 feur
1684 2843 1895 2912 Segùict
1929 2839 2187 2890 Chettalier
2221 2835 2530 2907 (fhancellier
2560 2839 2620 2886 de
2653 2839 2843 2903 France
2856 2877 2873 2903 >
2899 2852 3062 2886 autant
3092 2856 3190 2907 que
3220 2830 3279 2882 de
3306 2830 3370 2886 les
3404 2847 3533 2906 expo
3521 2834 3619 2903 fer
3645 2852 3705 2886 en

827 2936 863 2975 y
866 2937 979 2972 ente
995 2942 1003 2998 ■
1136 2920 1334 2997 quelles
1345 2920 1532 2985 feront
1561 2920 1806 2989 repiftrées
1840 2916 1965 2967 dans
1997 2915 2045 2964 le
2074 2916 2205 2963 Hure
2229 2920 2290 2963 de
2315 2912 2364 2963 la
2387 2916 2753 2963 Communauté
2773 2916 2856 2963 des
2894 2911 3144 2963 Libraires
3181 2912 3243 2960 de
3284 2912 3551 2980 twflredite
3577 2912 3705 2964 yille

828 3002 883 3048 de
926 3002 1089 3050 Taris
1106 3002 1123 3066 ,
1158 3002 1376 3057 fuinant
1398 2997 1467 3045 les
1497 2997 1703 3066 Arrefts
1728 2996 1788 3045 de
1818 2994 1978 3062 noffre
2011 2997 2140 3045 Cour
2174 2993 2234 3041 de
2260 2989 2555 3044 Parlement
2671 2997 2813 3050 peine
2847 2989 2907 3037 de
2933 2989 3126 3037 nullité
3147 2988 3353 3040 d'icelles
3370 3027 3379 3040 ,
3418 2988 3486 3040 du
3516 3006 3706 3045 conte¬

819 3091 892 3126 nu
926 3070 1218 3148 desquelles
1251 3075 1406 3127 Nous
1437 3070 1664 3126 voulons
1706 3075 1758 3126 Le
1792 3087 1921 3122 vous
1955 3066 2217 3126 mandons
2251 3113 2264 3136 ,
2302 3084 2406 3142 que
2435 3083 2564 3117 vous
2616 3062 2792 3117 fafficz
2839 3066 2976 3117 fouir
3010 3062 3339 3138 pleinement
3369 3070 3426 3118 &
3460 3066 3705 3139 paisible¬

822 3169 970 3203 ment
1015 3147 1359 3225 l'Exposant,
1389 3156 1442 3203 Le
1475 3169 1605 3203 ceux
1641 3152 1733 3220 qui
1774 3165 1969 3199 auront
2015 3146 2158 3199 droit
2186 3144 2251 3199 de
2281 3143 2414 3220 luy,
2443 3144 2557 3198 fans
2599 3138 2826 3199 souffrir,
2852 3139 2990 3216 qu'il
3026 3143 3139 3195 leur
3189 3139 3290 3195 soit
3323 3139 3504 3195 donné
3532 3160 3706 3199 aucun

823 3229 1038 3285 trouble
1068 3233 1119 3280 ni
1145 3224 1592 3302 empefehement*
1647 3224 1895 3280 Voulons
1931 3220 2057 3277 atiflï
2093 3225 2251 3297 qu’en
2286 3238 2517 3276 mettant
2547 3238 2616 3272 au
2654 3237 3117 3276 commencement
3147 3238 3220 3272 ou
3250 3216 3281 3272 à
3311 3220 3362 3272 la
3400 3217 3469 3273 fin
3499 3220 3563 3272 de
3585 3220 3709 3276 cha¬

819 3323 922 3358 cun
956 3303 1148 3359 desdits
1184 3302 1527 3379 exemplaires
1552 3323 1621 3358 vn
1655 3305 1844 3358 extrait
1865 3302 1951 3353 des
1973 3298 2238 3376 prefentes
2272 3345 2286 3366 ,
2316 3298 2443 3353 elles
2483 3293 2654 3350 soient
2697 3315 2877 3353 tenues
2933 3315 3066 3371 pour
3109 3298 3208 3353 due
3216 3315 3362 3349 ment
3405 3293 3662 3375 signifiées
3687 3336 3705 3362 ,

819 3388 879 3435 Le
917 3401 1022 3456 que
1046 3379 1142 3456 foy
1171 3405 1206 3456 y
1234 3379 1338 3435 soit
1363 3379 1630 3435 adiouftée
1650 3388 1703 3435 &
1728 3399 1828 3431 aux
1864 3383 2045 3453 copies
2075 3375 2462 3430 collationnées
2499 3392 2591 3452 par
2620 3396 2694 3430 vn
2727 3375 2793 3427 de
2829 3392 2929 3430 nos
2971 3392 3126 3426 amez
3160 3379 3217 3430 Le
3250 3375 3401 3426 féaux
3448 3375 3709 3431 Confeil-

819 3456 952 3525 lers,
986 3465 1039 3513 &
1072 3461 1406 3525 Secrétaires,
1441 3478 1651 3512 comme
1682 3461 1715 3512 à
1750 3455 2046 3529 l’original.
2084 3456 2354 3508 Mandons
2388 3473 2453 3504 au
2470 3456 2702 3529 premier
2732 3452 2907 3504 noftre
2937 3448 3169 3504 Huiffier
3195 3472 3263 3504 eu
3298 3461 3525 3529 Sergent
3547 3448 3709 3509 furce

819 3542 1020 3611 requis,
1050 3538 1111 3590 de
1136 3533 1265 3589 Elire
1298 3555 1432 3611 pour
1462 3534 1780 3589 l’execution
1801 3533 2037 3585 d'icelles
2071 3551 2196 3585 tous
2221 3529 2453 3606 exploits
2483 3529 2787 3585 necessaires
2808 3576 2817 3589 ,
2842 3529 2955 3582 fans
2989 3529 3276 3584 demander
3310 3547 3456 3585 autre
3478 3529 3701 3606 permif-

819 3611 952 3675 fion.
985 3620 1119 3675 Car
1153 3636 1249 3671 tel
1291 3614 1365 3667 eft
1397 3612 1570 3666 noftre
1598 3611 1810 3688 plaifîr,
1839 3610 2021 3663 nonob
2032 3611 2162 3662 fiant
2178 3606 2415 3663 clameur
2435 3607 2500 3662 de
2529 3611 2681 3661 Haro
2710 3653 2724 3675 ,
2753 3602 2986 3663 Chartre
3032 3606 3388 3675 Normande,
3418 3615 3473 3663 Le
3507 3607 3706 3662 Décla¬

819 3692 1059 3757 rations,
1098 3692 1334 3756 Arrefts,
1368 3689 1732 3765 Reglemcns,
1780 3691 2020 3753 Statuts,
2058 3692 2110 3744 Le
2144 3683 2547 3744 Confirmation
2586 3683 2767 3739 diceux
2804 3684 3087 3761 priuileges
3113 3683 3340 3739 obtenus
3375 3705 3448 3739 ou
3482 3683 3516 3739 à
3546 3684 3705 3740 obte¬

815 3773 918 3825 nir,
942 3769 1166 3842 foitqne
1196 3769 1248 3825 le
1286 3785 1458 3842 temps
1492 3769 1557 3822 de
1595 3786 1720 3821 ceux
1741 3765 1831 3835 qui
1865 3783 1960 3817 ont
1977 3764 2080 3817 efté
2110 3765 2337 3817 obtenus
2367 3761 2470 3816 soit
2496 3765 2709 3837 expiré,
2736 3782 2809 3815 ou
2839 3782 2946 3816 non
2971 3811 2984 3830 ,
3002 3761 3336 3838 oppolitions
3358 3782 3429 3816 ou
3465 3765 3705 3838 appella¬

815 3850 962 3902 tions
994 3846 1356 3924 quelconques
1388 3851 1441 3898 Le
1467 3842 1579 3898 fuis
1611 3842 1879 3919 pieiudice
1907 3841 2174 3906 d'iccllcs,
2213 3859 2346 3915 pour
2383 3838 2655 3912 lesquelles
2697 3859 2834 3894 nous
2855 3859 2887 3894 n
2907 3841 3209 3894 entendons
3238 3859 3315 3911 qu
3335 3838 3370 3894 il
3392 3837 3611 3906 diffère,
3644 3847 3706 3898 &z

819 3924 952 3976 dont
982 3944 1112 3979 nous
1149 3941 1394 3978 retenons
1428 3919 1475 3975 la
1522 3919 1892 3975 connoi(Tance
1921 3919 1955 3971 à
1982 3923 2140 3975 Nous
2178 3962 2191 3984 ,
2226 3924 2278 3972 &
2311 3936 2341 3970 a
2372 3915 2548 3970 noftre
2603 3914 2822 3971 Confeil
2852 3962 2864 3984 ,
2907 3924 2959 3971 &
2993 3919 3083 3991 qui
3130 3936 3196 3972 ne
3242 3935 3503 3991 pourront
3551 3920 3705 3975 nuire

818 4001 965 4053 audit
1008 4001 1316 4074 Expofant,
1358 4018 1424 4052 en
1462 3997 1642 4052 faneur
1680 3997 1878 4069 duquel
1912 4001 1964 4049 Le
1998 3997 2084 4049 des
2114 4002 2328 4052 mérites
2367 3992 2556 4048 dcfdics
2607 4013 2899 4069 ouurages,
2937 4014 3075 4048 nous
3105 3997 3405 4068 dérogeons
3438 3992 3469 4049 à
3503 4014 3559 4048 ce
3593 4014 3705 4069 que

815 4078 922 4130 défi
930 4096 982 4129 us
1003 4121 1021 4147 j
1062 4095 1192 4151 pour
1225 4096 1282 4130 ce
1320 4078 1505 4151 regard
1535 4074 1847 4129 seulement.
1886 4077 2114 4130 Donne'
2152 4074 2183 4129 à
2217 4074 2363 4129 Paris
2396 4069 2444 4125 le
2483 4066 2783 4129 troificfmc
2833 4074 2950 4125 jour
2988 4073 3049 4125 de
3099 4069 3444 4138 Décembre,
3485 4069 3589 4125 l'an
3632 4074 3702 4129 de

816 4172 973 4229 grâce
1008 4154 1098 4208 mil
1133 4155 1201 4207 fix
1235 4171 1355 4208 cens
1389 4155 1682 4229 cinquante
1711 4151 1857 4228 sept.
1891 4155 1944 4207 Le
1981 4155 2041 4208 de
2071 4151 2247 4207 noftre
2281 4154 2509 4224 Rogne,
2547 4147 2594 4202 le
2629 4147 2973 4225 quinzième,
3019 4151 3177 4224 Signé
3229 4155 3332 4206 Par
3383 4147 3435 4202 le
3473 4154 3602 4225 Roy
3628 4167 3697 4207 en

819 4228 913 4285 fon
943 4231 1196 4301 Confeil,
1222 4237 1475 4288 Contait.

888 4387 1042 4442 Ledit
1076 4382 1296 4442 Courbé
1325 4404 1355 4437 a
1381 4382 1613 4461 fait-part
1634 4387 1698 4439 de
1725 4387 1775 4439 la
1814 4382 2004 4438 moitié
2033 4386 2101 4437 du
2135 4378 2294 4438 fufdit
2311 4382 2577 4460 priuilege
2603 4382 2637 4438 à
2676 4382 2981 4439 Guillaume
3010 4382 3075 4438 de
3109 4382 3299 4461 Luyne
3328 4430 3345 4451 ,
3370 4381 3499 4438 aussi
3542 4387 3701 4438 Mar¬

815 4460 991 4516 chand
1015 4463 1256 4520 Libraire
1269 4465 1299 4515 à
1325 4464 1492 4516 Paris.

895 4605 961 4657 Et
994 4604 1123 4657 ledit
1157 4601 1382 4657 Courbé
1398 4623 1425 4657 a
1442 4605 1574 4657 cédé
1616 4601 1708 4657 fon
1741 4605 1883 4658 droit
1921 4601 2230 4678 particulier
2263 4601 2333 4653 du
2368 4598 2577 4674 prefent
2637 4600 2903 4674 Priuilege
2928 4601 2960 4653 à
2993 4601 3238 4656 Thomas
3277 4601 3422 4678 ïolly
3456 4605 3509 4657 Le
3542 4605 3705 4657 Louis

823 4678 1047 4734 Billaine
1085 4726 1102 4751 ,
1136 4678 1261 4734 aussi
1325 4678 1647 4734 Marchands
1698 4678 1964 4735 Libraires
1998 4678 2028 4734 à
2063 4683 2204 4734 Paris
2238 4726 2256 4748 ,
2303 4677 2513 4734 fuiuant
2560 4678 2787 4734 L’accord
2834 4678 2929 4731 fait
2963 4695 3113 4733 entre
3160 4699 3276 4734 eux.

891 4828 974 4871 Fa
998 4828 1201 4889 prefent
1204 4841 1232 4871 e
1261 4828 1544 4893 impyefiiott
1568 4828 1626 4871 in
1637 4824 1780 4893 folio
1801 4824 1888 4876 des
1900 4837 2094 4872 œuures
2114 4820 2188 4871 du
2203 4819 2350 4885 fleur
2379 4821 2450 4871 P.
2490 4820 2771 4889 Corneille,
2803 4840 2835 4871 a
2851 4820 2955 4884 efté
2975 4824 3187 4871 acheuée
3211 4820 3265 4871 d
3267 4824 3525 4893 imprimer
3550 4820 3590 4876 U
3622 4842 3710 4894 %z;

823 4897 1089 4949 Tecembre
1141 4914 1158 4948 1
1162 4906 1275 4966 66$.

1818 5051 1922 5111 Les
1943 5047 2308 5129 Exemplaires
2323 5069 2423 5103 ont
2460 5050 2565 5104 efté
2580 5047 2801 5103 fournis,

823 5184 1059 5257 fefftré
1093 5184 1201 5249 fur
1238 5180 1282 5231 le
1295 5180 1373 5231 lin
1376 5201 1432 5231 re
1453 5181 1509 5232 de
1548 5180 1604 5231 la
1642 5184 2003 5231 Communauté
2019 5183 2101 5231 des
2135 5180 2393 5231 Libraires
2440 5180 2483 5228 le
2517 5197 2577 5231 io
2586 5219 2600 5236 t
2637 5179 2899 5231 Pecemhre
2942 5189 2997 5236 \Ç
3005 5189 3083 5256 57.
3105 5189 3345 5253 fuiuant
3392 5180 3426 5231 t
3435 5180 3619 5249 Arreft
3653 5181 3709 5231 de

1587 5257 1638 5309 U
1672 5266 1801 5313 Cour
1822 5261 1882 5309 de
1911 5257 2204 5309 Parlement
2237 5261 2307 5309 du
2431 5257 2607 5309 Auril
2649 5262 2779 5330 1655.
