4267 6647
3164 402 3290 490 8i

1309 389 2431 499 TRAGEDIE,

416 579 650 668 ROS.
698 572 950 664 Mais,
978 572 1140 656 Sire
1174 633 1196 663 ,
1238 597 1390 689 que
1424 568 1772 684 fçait-on
1804 577 1824 647 ?
1852 572 2280 685 peut-eftre
2316 597 2406 655 ce
2446 564 2670 660 rival,

597 701 777 807 Quj.
801 692 953 780 m’a
991 692 1131 780 fait
1173 685 1395 811 après
1433 718 1613 772 tout
1645 687 1819 806 plus
1853 689 1949 773 de
1987 688 2169 776 bien
2207 723 2369 810 que
2403 693 2503 777 de
2541 684 2723 780 mal,

597 818 875 905 Si-toft
913 814 1103 932 qu’il
1135 845 1335 901 vous
1371 814 1611 929 plaira
1649 813 1697 898 d
1723 839 2049 897 ecouter
2081 814 2157 898 fa
2191 813 2527 907 defenfe,

597 949 890 1057 Sçaura
921 940 1018 1022 de
1048 969 1136 1024 ce
1169 935 1448 1023 forfait
1480 961 1772 1054 purger
1805 931 1948 1019 fon
1979 934 2442 1022 innocence,

416 1065 666 1152 ALC,
702 1069 802 1149 Et
838 1090 970 1178 par
1008 1053 1122 1144 où
1156 1057 1230 1139 la
1260 1086 1550 1175 purger
1576 1066 1594 1136 ?
1618 1066 1698 1140 la
1732 1057 1948 1139 main
1982 1052 2166 1140 d’un
2208 1057 2386 1140 trait
2416 1048 2706 1140 mortel

598 1191 673 1273 A
706 1178 919 1305 ligné
948 1182 1091 1266 fon
1134 1176 1391 1265 Arreft
1428 1208 1525 1260 en
1562 1178 1871 1318 lignant
1912 1206 2001 1261 ce
2048 1177 2313 1264 cartel.

593 1304 899 1395 Peut-il
927 1304 1355 1391 defavouer
1393 1328 1485 1386 ce
1523 1298 1949 1416 qu’alfeure
1991 1328 2095 1382 un
2139 1298 2243 1386 tel
2277 1329 2503 1417 gage.

593 1424 927 1546 Envoyé
961 1424 1057 1512 de
1095 1427 1169 1511 fa
1199 1451 1425 1543 part,
1467 1424 1555 1504 &
1597 1419 1849 1504 rendu
1887 1450 2023 1535 par
2055 1420 2199 1508 fon
2233 1423 2443 1537 Page
2471 1429 2493 1499 ?

593 1550 898 1641 Peut-il
935 1546 1104 1632 defa
1116 1573 1364 1633 vouer
1398 1574 1554 1664 que
1583 1546 1698 1628 les
1722 1571 1916 1663 gens
1947 1536 2338 1664 déguifez,

594 1675 720 1759 De
758 1674 898 1759 fon
936 1667 1642 1756 commandement
1676 1693 1772 1750 ne
1810 1667 2062 1751 foient
2100 1663 2590 1751 authorifez?

596 1801 745 1881 Les
778 1796 1027 1888 deux,
1052 1822 1235 1880 tous
1268 1816 1521 1876 morts
1558 1787 1785 1910 qu’ils
1812 1787 2039 1884 font,
2064 1784 2309 1910 qu’on
2350 1787 2457 1875 les
2492 1786 2771 1875 traifne
2808 1780 2855 1872 à
2886 1783 2963 1875 la
2998 1783 3247 1882 boue,

597 1913 911 2005 L'autre
943 1913 1325 2002 aulîî-toft
1359 1944 1517 2031 que
1549 1914 1703 2030 pris
1741 1913 1811 1997 fe
1843 1939 2061 1997 verra
2099 1914 2225 1996 fur
2263 1909 2339 1998 la
2377 1943 2597 2008 roue,

593 2047 693 2127 Et
731 2068 937 2157 pour
969 2038 1041 2122 le
1069 2037 1391 2122 fcelerat
1425 2068 1581 2152 que
1615 2048 1685 2140 je
1721 2061 1919 2117 tiens
1951 2034 2411 2147 prifonnier,

598 2169 716 2251 Ce
754 2177 928 2275 jour
966 2191 1118 2282 que
1152 2185 1356 2243 nous
1390 2185 1706 2274 voyons
1744 2155 1880 2273 luy
1910 2155 2070 2239 fera
2104 2156 2180 2244 le
2216 2156 2550 2243 dernier.

598 2289 874 2395 Quon
910 2277 1240 2370 l’amène
1272 2311 1368 2365 au
1394 2277 1716 2364 Confeil
1744 2307 1918 2395 ,par
1952 2272 2212 2364 forme
2250 2277 2302 2360 il
2332 2277 2506 2365 faut
2536 2276 2996 2373 l'entendre,

594 2419 693 2499 Et
728 2410 903 2495 voir
939 2436 1075 2524 par
1108 2403 1369 2525 quelle
1406 2402 1693 2490 adresse
1722 2401 1777 2485 il
1808 2428 2101 2519 pourra
2128 2402 2205 2486 fe
2232 2397 2633 2487 defendre.

597 2537 815 2649 Toy,
839 2528 1067 2648 penfe
1091 2527 1135 2616 à
1161 2557 1235 2615 te
1265 2526 1563 2649 guérir,
1605 2528 1693 2610 ôc
1741 2553 1931 2641 croy
1965 2554 2121 2643 que
2155 2553 2359 2642 pour
2393 2523 2463 2607 le
2505 2524 2771 2607 mieux

601 2661 681 2741 le
717 2684 816 2741 ne
853 2684 1053 2740 veux
1083 2683 1218 2770 pas
1255 2674 1611 2737 montrer
1645 2679 1733 2732 ce
1769 2645 2061 2763 perfide
2099 2644 2143 2732 à
2181 2674 2291 2736 tes
2329 2671 2527 2767 yeux
2553 2679 2571 2725 :

602 2783 790 2867 Sans
828 2774 1070 2862 doute
1104 2770 1624 2893 qu’aulïi-toft
1658 2769 1844 2888 qu’il
1880 2769 1958 2855 fe
1992 2770 2108 2854 fer
2112 2774 2230 2854 oit
2264 2769 2632 2888 paroifire

602 2905 784 2983 Ton
822 2900 1010 3022 fang
1048 2895 1456 3001 rejalliroit
1490 2926 1588 2978 au
1624 2891 1882 3013 vifage
1918 2891 2022 2975 du
2068 2896 2386 2979 traiftre-

420 3025 651 3112 ROS.
688 3021 1205 3138 L’apparence
1238 3020 1569 3135 déçoit,
1610 3020 1697 3100 ôc
1740 3017 1879 3099 fou
1887 3042 2079 3101 vent
2107 3046 2221 3100 on
2259 3051 2301 3100 a
2337 3047 2489 3105 veu

601 3146 845 3233 Sortir
887 3142 957 3230 la
995 3137 1239 3230 vérité
1273 3139 1455 3226 d’un
1497 3169 1793 3260 moyen
1825 3136 2255 3255 impréveu,

597 3277 794 3355 Bien
831 3294 984 3386 que
1017 3264 1092 3350 la
1125 3268 1586 3377 conjecture
1617 3294 1668 3382 y
1709 3259 1858 3347 fuit
1901 3290 2148 3347 encor
2181 3260 2356 3382 plus
2389 3259 2624 3347 forte:

602 3393 732 3471 Du
776 3388 1084 3482 moins,
1110 3389 1312 3481 Sire,
1342 3384 1684 3503 appaifez
1722 3381 2056 3468 l’ardeur
2090 3386 2226 3502 qui
2264 3415 2468 3472 vous
2506 3405 2978 3494 transporte,

606 3519 794 3619 Que
828 3510 1052 3598 lame
1090 3505 1266 3624 plus
1304 3506 1776 3624 tranquille,
1816 3509 1902 3589 ôc
1940 3503 2226 3620 l’esprit
2260 3505 2438 3620 plus
2474 3502 2736 3594 remis,

611 3639 721 3719 Le
757 3632 915 3719 seul
953 3631 1297 3748 pouvoir
1333 3627 1465 3715 des
1507 3626 1671 3714 loix
1709 3627 1945 3743 perde
1979 3656 2127 3710 nos
2157 3627 2537 3710 ennemis.

425 3757 677 3844 ALC.
719 3761 905 3841 Sans
939 3752 1109 3870 plus
1143 3747 1791 3867 m’importuner,
1831 3779 1931 3831 ne
1965 3746 2209 3866 songe
2237 3743 2419 3866 qu’à
2459 3773 2567 3831 tes
2601 3740 2883 3862 playes.

611 3883 850 3970 Non,
875 3878 928 3960 il
951 3904 1048 3960 ne
1083 3873 1206 3958 fut
1237 3874 1508 3983 jamais
1541 3870 2082 3988 d’apparences
2111 3870 2166 3952 fi
2203 3891 2494 3987 vrayés,

606 4003 924 4087 Douter
956 3998 1054 4082 de
1086 4025 1174 4083 ce
1204 3995 1482 4083 forfait
1520 3994 1690 4082 c'eft
1722 4020 2108 4113 manquer
2142 3990 2238 4078 de
2272 3991 2554 4078 raison.

614 4120 1067 4216 Derechef,
1100 4151 1200 4204 ne
1234 4150 1464 4237 prens
1490 4120 1664 4204 foin
1696 4147 1854 4237 que
1892 4115 1988 4203 de
2022 4142 2100 4198 ta
2138 4115 2532 4234 guerifün.

1013 5447 1257 5532 Tome
1293 5445 1359 5531 1.

2791 5440 2857 5518 L
