4267 6593
822 354 1059 482 xxxij
1898 347 2819 453 EXAMEN

818 525 1028 607 deux
1078 520 1362 604 Reines
1412 514 1612 600 dans
1666 524 1848 607 Don
1902 524 1964 603 S
1956 516 2210 603 anche.
2336 519 2414 603 Il
2450 553 2544 606 ne
2583 548 2800 641 paroi
2781 524 2872 637 fi
2910 524 3104 643 enfin
3143 557 3294 646 que
3332 559 3614 615 comme
3650 538 3864 653 luge,

816 641 1093 761 quand
1121 632 1187 718 il
1215 634 1319 749 efi
1339 639 1711 724 introduit
1730 641 1921 753 fans
1953 670 2217 723 aucun
2255 643 2561 758 intercfi
2588 670 2779 761 pour
2786 640 2933 763 fin
2969 648 3209 744 Etat,
3243 678 3333 769 ny
3362 675 3557 766 pour
3558 653 3663 766 fa
3682 678 3861 770 per-

791 765 1028 877 fimne
1047 789 1072 855 ,
1108 789 1212 878 ny
1239 783 1432 873 pour
1459 754 1578 873 fis
1606 756 2034 883 affections,
2074 769 2270 847 mais
2287 759 2726 879 feulement
2753 790 2952 882 pour
2998 765 3230 881 régler
3278 767 3494 886 celuy
3534 773 3670 856 des
3714 808 3860 859 au¬

810 907 1013 981 tres,
1056 910 1331 964 comme
1364 880 1565 965 dans
1600 914 1673 964 ce
1708 885 2035 976 Poème,
2072 876 2173 973 if
2194 885 2399 968 dans
2435 881 2505 968 le
2545 883 2743 980 Cid,
2790 884 2891 977 if
2911 881 3057 969 l'on
3097 919 3191 968 ne
3224 914 3423 1006 peut
3456 914 3597 1010 pas
3636 894 3857 1011 defà-

807 1000 1050 1085 voüer
1085 1033 1310 1122 quen
1353 1026 1548 1085 cette
1583 1000 1916 1085 derniere
1953 1022 2256 1117 posture
2297 1000 2370 1084 il
2405 1001 2714 1119 remplit
2755 1001 2964 1123 afièz,
3013 1003 3184 1092 mal
3225 1008 3308 1093 la
3351 1009 3646 1130 dignité
3673 1016 3860 1102 d'un

782 1125 873 1237 fi
880 1121 1151 1244 grand
1192 1117 1502 1217 Tiltre,
1542 1125 1857 1243 riayant
1894 1150 2191 1207 aucune
2228 1147 2409 1244 part
2446 1156 2539 1208 en
2584 1120 2939 1225 l’action,
2970 1160 3123 1246 que
3156 1130 3321 1213 celle
3356 1129 3561 1248 qu’il
3568 1163 3639 1256 y
3666 1163 3861 1226 veut

795 1244 1116 1363 prendre
1147 1266 1342 1358 pour
1365 1242 1753 1337 d’autres,
1793 1235 1894 1334 &
1903 1240 2368 1329 demeurant
2399 1241 2572 1328 bien
2593 1241 2880 1366 éloigné
2911 1249 3004 1334 de
3035 1246 3288 1337 l’éclat
3315 1249 3452 1334 des
3485 1252 3698 1342 deux
3713 1288 3858 1341 au¬

804 1391 961 1449 tres
996 1366 1396 1448 maniérés.
1464 1356 1699 1478 Aujfi
1722 1357 1871 1444 l'on
1906 1394 1999 1445 ne
2030 1358 2101 1448 le
2130 1364 2373 1450 donne
2392 1379 2689 1473 jamais
2716 1378 2767 1452 à
2800 1366 3257 1483 repre[enter
3272 1403 3441 1453 aux
3478 1374 3859 1462 meilleurs

803 1489 1175 1582 Acteurs,
1229 1486 1430 1564 mais
1477 1481 1538 1569 il
1559 1485 1764 1600 faut
1807 1481 2010 1602 qu’il
2025 1485 2122 1602 fi
2159 1511 2482 1573 contente
2525 1486 2622 1573 de
2649 1486 2896 1607 paffèr
2911 1511 3068 1606 par
3101 1485 3184 1574 la
3223 1490 3498 1578 bouche
3533 1499 3632 1582 de
3667 1532 3856 1586 ceux

804 1605 917 1690 du
938 1602 1219 1723 fécond
1236 1667 1264 1697 ,
1296 1631 1389 1686 ou
1422 1604 1527 1689 du
1558 1600 1913 1715 troifiérne
1948 1605 2174 1693 ordre.
2262 1606 2341 1692 Il
2366 1632 2561 1727 peut
2586 1610 2939 1727 paroifire
2976 1644 3253 1698 comme
3280 1619 3484 1736 Roy,
3524 1615 3629 1710 if
3658 1652 3856 1703 com¬

799 1759 925 1809 me
967 1722 1261 1809 homme
1293 1746 1466 1805 tout
1493 1721 1548 1805 À
1587 1722 1668 1804 la
1705 1721 1889 1831 fois,
1933 1727 2214 1843 quand
2241 1726 2308 1810 il
2349 1760 2402 1811 a
2443 1759 2551 1814 un
2575 1730 2844 1849 grand
2879 1735 3188 1848 intereff
3219 1734 3505 1838 d’état,
3559 1737 3664 1832 if
3697 1773 3855 1826 une

774 1846 976 1959 forte
1014 1838 1294 1955 pafjion
1336 1867 1505 1924 tout
1550 1838 1920 1955 enfimble
1958 1877 2006 1925 a
2036 1846 2225 1964 finit
2228 1880 2432 1945 emr,
2464 1882 2744 1935 comme
2782 1851 3208 1938 Antiochus
3250 1854 3456 1942 dans
3504 1864 3852 1981 Rodogu-

797 1997 939 2058 nc,
975 1944 1074 2053 if
1099 1961 1529 2046 Nicomede
1561 1961 1763 2048 dans
1793 1957 1877 2044 la
1915 1963 2303 2088 'Tiragedie
2343 1975 2486 2089 qui
2515 1996 2731 2088 porte
2769 1970 2915 2089 fin
2953 2006 3127 2059 nom
3159 1992 3183 2076 ;
3233 1974 3330 2071 if
3369 2013 3409 2062 c
3431 1980 3536 2097 efi
3581 2013 3633 2068 a
3675 2014 3853 2068 mon

794 2090 972 2166 avis
1014 2079 1094 2165 la
1126 2078 1306 2200 plus
1344 2082 1568 2203 digne
1602 2116 1942 2171 manière
1976 2151 2002 2187 ,
2060 2082 2159 2183 if
2202 2087 2280 2174 la
2324 2091 2504 2209 plus
2554 2094 3085 2213 avantageufi
3134 2095 3232 2184 de
3272 2126 3544 2187 mettre
3572 2103 3728 2218 fur
3766 2103 3850 2192 la

795 2211 1025 2290 Scene
1047 2203 1179 2286 des
1193 2232 1385 2321 gens
1407 2206 1501 2287 de
1525 2232 1711 2290 cette
1731 2206 2115 2293 condition
2131 2235 2153 2327 5
2183 2235 2411 2327 parce
2442 2211 2677 2334 qu’ils
2713 2221 3037 2299 attirent
3061 2215 3261 2302 alors
3289 2245 3501 2306 toute
3533 2219 3847 2312 l’aétion

790 2323 842 2409 d
914 2353 1066 2409 eux
1086 2391 1114 2419 j
1172 2318 1273 2415 if
1318 2357 1410 2406 ne
1460 2352 1904 2449 manquent
1942 2335 2242 2439 jamais
2288 2335 2544 2449 d’efire
2602 2363 2808 2454 repre
2791 2334 3020 2453 fente
3021 2336 3084 2457 f
3121 2365 3278 2454 par
3322 2339 3432 2424 les
3475 2370 3848 2463 premiers

791 2451 1137 2532 Acteurs.
1211 2442 1295 2527 H
1327 2477 1423 2530 ne
1455 2480 1573 2530 me
1605 2450 1835 2531 vient
1862 2472 2087 2569 point
2117 2451 2537 2573 d'exemple
2571 2490 2663 2539 en
2701 2455 2785 2540 la
2819 2465 3175 2544 mémoire
3207 2460 3303 2543 où
3345 2495 3453 2546 un
3501 2472 3661 2586 Ray
3688 2494 3845 2587 pa-

790 2563 982 2684 roiffe
1014 2596 1286 2649 comme
1322 2563 1612 2651 homme
1654 2566 1752 2663 if
1776 2601 2050 2655 comme
2082 2576 2294 2693 luge,
2332 2607 2530 2660 avec
2556 2610 2664 2663 un
2692 2602 2898 2666 inter
2894 2579 2998 2694 efi
3018 2580 3114 2663 de
3147 2580 3426 2702 pafjion
3447 2610 3650 2707 pour
3680 2588 3842 2705 luy,

791 2683 891 2780 if
915 2718 1021 2771 un
1046 2687 1225 2806 foin
1263 2687 1353 2771 de
1393 2687 1625 2809 régler
1655 2721 1853 2775 ceux
1893 2690 2027 2776 des
2065 2721 2327 2780 autres
2362 2764 2389 2795 ,
2418 2699 2617 2814 fans
2653 2730 2909 2783 aucun
2944 2701 3143 2818 péril
3172 2730 3371 2822 pour
3388 2710 3543 2826 fin
3588 2713 3839 2796 Etat:

782 2812 976 2891 mais
1001 2833 1200 2925 pour
1228 2811 1406 2892 voir
1438 2806 1546 2891 les
1582 2817 1762 2895 trois
1788 2817 2174 2899 maniérés
2209 2815 2626 2935 enfimble,
2666 2849 2758 2904 on
2795 2816 2904 2903 les
2935 2846 3128 2938 peut
3159 2854 3676 2916 aucunement
3713 2864 3844 2917 re¬

782 2957 1153 3049 marquer
1188 2926 1389 3015 dans
1434 2926 1543 3015 les
1578 2932 1791 3015 deux
1832 2936 2383 3025 Gouverneurs
2416 2941 2493 3024 di
2500 2946 2925 3041 Arménie,
2970 2940 3071 3037 if
3086 2945 3183 3032 de
3212 2953 3451 3071 Syrie,
3484 2982 3637 3071 que
3666 2956 3835 3071 j’ay

777 3048 1244 3149 introduits,
1279 3049 1440 3136 l’un
1473 3053 1668 3139 dans
1709 3057 1782 3139 P
1785 3052 2155 3174 olyeuéte,
2195 3061 2294 3156 if
2325 3056 2598 3148 l’autre
2635 3061 2840 3148 dans
2881 3065 3309 3154 Théodore.
3417 3078 3506 3157 le
3537 3073 3654 3158 dis
3687 3108 3834 3161 au¬

780 3198 1230 3273 cunement,
1262 3199 1483 3289 parce
1510 3205 1661 3293 que
1692 3173 1775 3259 la
1806 3177 2067 3264 tendre
2052 3176 2157 3295 fie
2190 3215 2343 3303 que
2382 3181 2547 3270 l’un
2588 3214 2643 3269 a
2678 3211 2879 3302 pour
2894 3185 3045 3304 fin
3060 3194 3392 3311 gendre,
3438 3190 3541 3289 (f
3564 3193 3835 3281 l’autre

765 3314 962 3407 pour
971 3292 1120 3407 fin
1147 3292 1313 3402 fils,
1345 3301 1488 3414 qui
1525 3297 1628 3410 efi
1657 3331 1738 3383 ce
1773 3302 1912 3418 qui
1949 3297 2060 3384 les
2069 3304 2250 3419 fait
2271 3305 2632 3422 paroifire
2665 3339 2950 3393 comme
2987 3308 3363 3413 hommes,
3401 3322 3560 3437 agit
3577 3317 3831 3437 fifoi-

774 3409 1154 3508 blement,
1194 3418 1461 3535 quelle
1478 3416 1771 3531 femble
1808 3417 2109 3540 étouffée
2126 3424 2313 3539 feus
2348 3424 2419 3509 le
2438 3425 2617 3544 fin
2666 3461 2775 3548 qu
2794 3464 2847 3513 a
2880 3425 3047 3517 l’un
3086 3429 3187 3526 if
3208 3430 3486 3522 l’autre
3528 3439 3623 3525 de
3662 3473 3830 3526 con-

751 3532 1036 3647 fierver
1065 3533 1170 3650 fa
1219 3532 1577 3652 dignité,
1639 3538 1822 3625 dont
1877 3537 1984 3625 ils
2029 3542 2206 3654 font
2249 3572 2424 3633 tous
2477 3550 2692 3633 deux
2747 3546 2921 3633 leur
2961 3554 3293 3673 capital,
3351 3557 3452 3654 if
3503 3563 3848 3681 qu’ainfi

768 3683 861 3731 on
920 3679 1111 3770 peut
1162 3654 1325 3737 dire
1386 3690 1479 3741 en
1538 3662 1884 3770 rigueur,
1920 3662 2154 3779 qu’ils
2190 3701 2286 3749 ne
2320 3670 2727 3787 paro/fjent
2772 3704 2922 3791 que
2962 3708 3246 3762 comme
3280 3683 3830 3769 Gouverneurs

769 3778 916 3895 qui
969 3777 1358 3890 craignent
1417 3776 1509 3861 de
1557 3793 1651 3894 je
1697 3782 1969 3895 perdre
2005 3847 2033 3878 ,
2125 3783 2226 3877 if
2267 3820 2553 3874 comme
2611 3803 2813 3908 juges
2863 3800 3010 3911 qui
3051 3821 3207 3911 par
3271 3829 3465 3888 cette
3525 3808 3831 3891 crainte

768 3893 1220 3978 dominante
1266 3898 1782 3984 condamnent
1830 3966 1858 3998 ,
1932 3937 2028 3986 ou
2080 3903 2367 4025 plutoff
2412 3906 2884 3999 s’immolent
2936 3950 3020 3998 ce
3074 3918 3308 4037 qu’ils
3366 3923 3832 4011 voudraient

775 4013 1187 4130 confirver.

902 4138 1058 4221 Les
1090 4134 1616 4259 Monoloques
1650 4142 1832 4257 font
1860 4168 2026 4264 trop
2070 4146 2324 4270 longs,
2378 4151 2479 4248 if
2508 4181 2672 4273 trop
2703 4160 3118 4277 frequents
3164 4198 3260 4246 en
3306 4190 3500 4253 cette
3538 4172 3776 4257 Piece
3792 4211 3818 4255 :

765 4255 997 4346 cétoit
1031 4288 1183 4342 une
1219 4255 1500 4343 beauté
1529 4292 1625 4342 en
1671 4296 1753 4345 ce
1793 4268 2165 4385 temps-là
2201 4339 2223 4371 ,
2275 4272 2385 4355 les
2413 4279 2865 4364 Comédiens
2915 4279 3025 4364 les
3056 4281 3645 4397 feuhaitoient,
3712 4293 3817 4389 if

760 4382 1126 4500 croyaient
1137 4408 1208 4498 y
1237 4378 1594 4497 paroifire
1628 4412 1826 4470 avec
1851 4387 2034 4505 pim
2074 4392 2562 4518 d’avantage.
2654 4401 2788 4484 La
2810 4403 3074 4489 Mode
3112 4435 3166 4488 a
3189 4408 3278 4523 fi
3302 4409 3476 4496 bien
3507 4413 3816 4513 changé,

760 4528 913 4615 que
949 4498 1029 4582 la
1060 4500 1417 4621 pluspart
1455 4503 1547 4587 de
1589 4538 1747 4589 mes
1783 4507 2119 4598 derniers
2155 4517 2561 4642 Ouvrages
2597 4525 2765 4604 rien.
2791 4547 2921 4607 ont
2945 4554 3249 4628 aucun,
3288 4529 3389 4626 if
3408 4568 3609 4622 vous
3640 4542 3813 4621 rien

760 4623 1414 4737 trouverez,point
1430 4622 1628 4707 dans
1648 4632 2028 4748 Pompée,
2062 4632 2150 4719 la
2174 4640 2394 4723 Suite
2413 4643 2526 4724 du
2547 4640 2978 4744 Menteur,
3009 4645 3448 4754 Théodore,
3485 4653 3590 4753 if
3607 4662 3806 4745 Per-

757 4739 1087 4839 tharite,
1125 4774 1211 4860 ny
1249 4743 1449 4828 dans
1482 4747 1959 4851 Heraclms,
1998 4757 2527 4860 Andromède,
2568 4765 2897 4883 Oedipe,
2928 4764 3029 4860 if
3052 4769 3139 4857 la
3172 4770 3459 4892 Toifion
3486 4782 3720 4879 d’Or,
3752 4777 3805 4865 à

755 4854 842 4943 la
871 4858 1170 4973 refirve
1205 4862 1340 4948 des
1369 4872 1704 4959 Stances.

892 4984 1115 5067 Pour
1146 4984 1217 5067 le
1252 4985 1457 5083 lieu,
1500 4987 1569 5071 il
1602 5022 1657 5070 a
1700 5028 1921 5081 encor
1942 4995 2127 5119 plus
2164 5001 2608 5101 d’étendue,
2648 5039 2747 5090 ou
2786 5008 2879 5115 fi
2910 5038 3109 5097 vous
3154 5017 3456 5114 voulez,
3508 5022 3809 5144 fiuffrir

755 5138 828 5187 ce
851 5128 1035 5201 mot,
1057 5104 1236 5222 plus
1257 5105 1354 5191 de
1369 5104 1810 5233 libertinage
1829 5122 1985 5239 ïcy,
2017 5156 2170 5242 que
2189 5125 2394 5213 dans
2417 5125 2720 5214 Mehte
2743 5164 2770 5208 :
2791 5125 2864 5213 il
2873 5138 3278 5253 comprend
3293 5177 3404 5226 un
3421 5142 3802 5260 Chafieau

754 5224 933 5307 d‘un
966 5228 1135 5346 Roy
1176 5258 1377 5312 avec
1408 5262 1557 5316 une
1568 5238 1737 5350 fore
1726 5237 1805 5346 fi
1836 5245 2186 5356 voifine,
2242 5280 2519 5332 comme
2546 5255 2897 5369 pourrait
2940 5258 3118 5368 ejtre
3168 5258 3376 5386 celuy
3418 5266 3516 5350 de
3558 5270 3801 5351 Saint

759 5345 1189 5444 Germain,
1229 5345 1330 5442 if
1349 5348 1450 5467 efi
1477 5349 1646 5440 bien
1675 5357 1966 5478 éloigné
1983 5361 2082 5448 de
2113 5362 2615 5458 l’exactitude
2649 5404 2799 5492 que
2833 5371 2939 5459 les
2953 5378 3277 5492 Jeveres
3309 5388 3699 5509 Critiques
3723 5419 3795 5509 y

720 5460 1208 5554 demandent.

3109 5632 3256 5714 LA
3315 5627 3775 5721 VEVFVE.
