4267 6606
932 345 1077 477 vis,
1900 348 1994 445 D
2056 346 2098 446 I
2160 351 2222 444 S
2280 353 2369 450 C
2440 351 2542 444 O
2600 349 2698 446 V
2768 351 2866 448 R
2936 353 3002 446 S

917 538 1120 629 pour
1173 509 1516 627 exemple
1571 509 1654 596 la
1717 509 1946 599 Fleur
1991 516 2070 601 dé
2073 512 2440 635 Agathon
2465 550 2492 617 ,
2537 516 2634 600 où
2675 517 2790 604 les
2839 550 3060 604 noms
3101 517 3202 614 Çf
3239 516 3348 603 les
3393 521 3636 643 cbofes
3673 530 3958 621 étoient

926 628 1018 713 de
1045 654 1242 746 pure
1282 629 1748 729 invention,
1788 629 2190 750 aujji-bien
2227 641 2458 756 qu’en
2500 637 2586 720 la
2620 637 2984 726 Comédie
3024 675 3050 720 :
3090 646 3292 725 mais
3330 637 3440 725 les
3469 650 3770 764 grands
3806 659 3912 737 Su
3918 711 3954 725 -

926 760 1073 849 jets
1130 748 1275 868 qui
1324 777 1683 837 remuent
1722 753 2143 867 fortement
2176 752 2285 836 les
2318 751 2645 871 paffions
2668 825 2694 853 ,
2744 752 2845 849 (fi
2890 790 2983 841 en
3038 758 3391 875 oppofnt
3432 761 3481 845 1‘
3484 773 3959 884 impetuofîté

921 898 1091 948 aux
1133 869 1297 953 loix
1329 869 1439 953 du
1485 869 1789 969 devoir,
1815 902 1911 957 ou
1947 904 2115 958 aux
2153 874 2549 988 tendre(fes
2585 874 2699 961 du
2714 873 2975 996 fang,
3015 877 3349 965 doivent
3385 900 3733 996 toujours
3773 890 3959 977 aller

917 1015 1030 1070 au
1067 984 1246 1070 delà
1287 985 1398 1074 du
1437 988 2143 1107 vray-femblable,
2193 989 2292 1086 (fi
2331 1024 2424 1077 ne
2459 1003 3000 1083 trouveroient
3033 1027 3342 1085 aucune
3377 1032 3742 1124 croyance
3757 1033 3945 1125 par-

918 1135 1048 1224 rny
1110 1105 1218 1190 les
1278 1105 1722 1194 Auditeurs
1755 1179 1784 1205 ,
1854 1110 2020 1193 s’ils
2074 1110 2446 1198 n’étoient
2487 1114 2862 1227 foutenm
2899 1184 2928 1214 ,
2990 1147 3084 1202 ou
3139 1145 3294 1235 par
3352 1118 3809 1211 l’authorité
3854 1132 3946 1219 de

912 1222 1327 1311 l’Histoire
1368 1233 1513 1345 qui
1542 1230 1921 1345 perfuade
1962 1260 2165 1314 avec
2198 1235 2532 1353 empire,
2572 1268 2671 1319 ou
2694 1261 2855 1356 par
2878 1233 2961 1322 la
2990 1244 3581 1362 préoccupation
3614 1247 3715 1332 de
3742 1247 3946 1364 l’opi¬

913 1347 1095 1427 nion
1135 1375 1535 1430 commune
1582 1354 1726 1463 qui
1759 1381 1949 1435 nous
1991 1350 2243 1435 donne
2281 1386 2403 1435 ces
2445 1351 2763 1472 mefmes
2805 1352 3259 1444 Auditeurs
3308 1359 3493 1473 déjà
3545 1390 3719 1452 tous
3764 1395 3943 1486 per-

897 1462 1247 1579 fuadez,.
1339 1462 1422 1547 Il
1459 1467 1644 1579 n’ejl
1673 1492 1818 1585 pas
1853 1470 2514 1589 vray-femblable
2555 1505 2708 1594 que
2735 1480 2908 1563 Me
2911 1480 3048 1563 dée
3085 1491 3228 1564 tué
3249 1480 3384 1599 fes
3425 1483 3698 1602 enfans
3717 1552 3749 1585 ,
3794 1522 3948 1610 que

908 1579 1472 1700 Clytemnestre
1510 1569 1828 1717 afaffine
1871 1597 1998 1701 (on
2048 1622 2326 1710 mary,
2365 1625 2472 1710 qu
2503 1601 2700 1679 Ores
2701 1623 2776 1680 te
2805 1599 3232 1719 poignarde
3257 1600 3366 1717 fa
3407 1634 3616 1688 mere
3657 1644 3684 1688 :
3739 1616 3944 1697 mais

904 1698 1317 1787 l’Histoire
1356 1700 1427 1783 le
1462 1703 1642 1804 dit,
1696 1702 1797 1800 (fi
1828 1696 1913 1791 la
1954 1712 2549 1827 reprefntation
2590 1716 2691 1801 de
2730 1751 2847 1801 ces
2865 1720 3175 1838 grands
3210 1754 3486 1807 crimes
3528 1756 3624 1809 ne
3656 1752 3942 1817 trouve

890 1823 1119 1937 point
1166 1819 1701 1908 d’incrédules.
1818 1825 1906 1907 Il
1940 1827 2247 1945 nefiny
2288 1861 2549 1951 vray,
2586 1862 2695 1951 ny
2730 1833 3395 1955 vray-femblable
3412 1910 3445 1943 ,
3484 1876 3593 1962 qu
3618 1849 3943 1934 Andro¬

899 1936 1118 2020 mède
1157 1940 1464 2053 exposée
1523 1936 1576 2025 d
1635 1973 1744 2028 un
1795 1948 2174 2029 Nionstre
2211 1977 2474 2033 marin
2513 1983 2663 2072 aye
2715 1954 2858 2067 efié
2890 1966 3263 2075 garantie
3299 1961 3395 2046 de
3433 1997 3513 2048 ce
3548 1966 3758 2085 péril
3786 1995 3945 2088 par

899 2086 1010 2141 un
1049 2055 1440 2143 Cavalier
1475 2059 1832 2160 volant,
1891 2068 2036 2183 qui
2069 2096 2304 2152 avait
2335 2069 2474 2154 des
2511 2072 2742 2193 aifies
2779 2108 2948 2162 aux
2983 2077 3214 2196 pieds
3253 2115 3276 2183 ;
3319 2091 3522 2166 mais
3571 2120 3610 2169 c
3635 2085 3740 2201 efi
3785 2119 3938 2175 une

865 2176 1139 2291 fiction
1191 2210 1342 2294 que
1376 2176 1877 2302 /’Antiquité
1906 2215 1958 2270 a
2000 2218 2216 2270 receu
2237 2201 2258 2274 'e
2290 2254 2316 2286 ,
2378 2189 2483 2282 (fi
2516 2223 2802 2278 comme
2840 2198 2972 2282 elle
3012 2197 3118 2283 l’a
3158 2201 3577 2320 tranfmif
3613 2206 3935 2329 jufqud

890 2327 1135 2393 nom,
1166 2297 1529 2414 perfonne
1566 2331 1661 2385 ne
1696 2334 1857 2388 sen
1892 2301 2192 2428 ofjenfe,
2236 2310 2513 2428 quand
2544 2310 2611 2394 il
2642 2310 2727 2398 la
2756 2319 2939 2402 voit
2956 2315 3107 2431 fur
3136 2319 3207 2402 le
3238 2319 3612 2411 Théâtre.
3726 2327 3815 2415 Il
3838 2362 3935 2415 ne

882 2418 1116 2526 (croit
1146 2439 1293 2532 pas
1326 2426 1615 2534 permis
1649 2426 2001 2539 toutefois
2039 2425 2493 2515 d’inventer
2502 2429 2659 2548 fur
2705 2468 2823 2519 ces
2857 2435 3269 2557 exemples.
3343 2448 3451 2527 Ce
3480 2476 3633 2564 que
3675 2444 3757 2531 la
3781 2481 3933 2535 vé¬

887 2533 1048 2617 rité
1075 2567 1172 2618 ou
1213 2532 1574 2656 l’opinion
1587 2541 1764 2656 fait
1803 2568 2158 2671 accepter
2171 2546 2420 2663 ferait
2469 2563 2781 2660 rejette,
2829 2554 2958 2643 s’il
2995 2564 3314 2647 n'avoit
3341 2569 3568 2682 point
3613 2567 3928 2656 d’autre

859 2650 1330 2768 fondement
1367 2664 1654 2777 qu’une
1674 2657 2188 2780 refiemblance
2220 2667 2275 2756 d
2318 2697 2514 2758 cette
2538 2676 2850 2775 vérité,
2888 2710 2982 2759 ou
3024 2679 3079 2762 d
3114 2706 3314 2769 cette
3345 2688 3680 2803 opinion.
3745 2692 3944 2811 C’ef

870 2796 1273 2893 pourquoy
1296 2778 1531 2889 noftre
1554 2787 1895 2868 Doéteur
1924 2787 2055 2872 dit
2090 2816 2243 2904 que
2276 2788 2385 2875 les
2422 2797 2665 2905 Sujets
2700 2800 3077 2884 viennent
3110 2801 3211 2888 de
3256 2804 3331 2887 la
3356 2810 3740 2929 Fortune,
3785 2817 3931 2930 qui

874 2894 1033 3005 fait
1081 2925 1387 2982 arrtuer
1425 2895 1535 2982 les
1575 2898 1869 3017 chofis,
1907 2913 1991 2990 &
2035 2938 2201 2991 non
2236 2909 2333 2997 de
2370 2911 2573 3034 l’Art
2610 2920 2759 3035 qui
2792 2916 2907 3004 les
2942 2922 3311 3043 imagine.
3372 2925 3545 3013 Elle
3582 2929 3689 3044 efi
3716 2930 3925 3017 mai-

877 3011 1084 3130 trejfe
1127 3015 1260 3100 des
1303 3019 1859 3124 Evenemens,
1905 3023 2010 3120 (fi
2047 3025 2122 3112 le
2165 3025 2390 3117 choix
2424 3032 2708 3154 quelle
2741 3071 2935 3126 nom
2971 3041 3226 3130 donne
3265 3041 3361 3130 de
3401 3079 3601 3134 ceux
3646 3050 3925 3172 quelle

878 3162 1070 3216 nous
1087 3134 1482 3253 prefente,
1515 3141 1884 3262 envelope
1913 3177 2068 3232 une
2077 3147 2412 3262 fecrette
2437 3153 2736 3276 défenf
2773 3160 3400 3285 d’entreprendre
3419 3167 3562 3283 fur
3587 3170 3779 3271 elle,
3819 3174 3926 3267 (fi

874 3252 953 3335 dé
956 3285 1047 3336 en
1084 3256 1447 3371 produire
1472 3259 1627 3374 fur
1666 3260 1751 3345 la
1786 3270 2019 3349 Scène
2051 3272 2197 3388 qui
2232 3303 2328 3357 ne
2341 3273 2613 3392 fient
2629 3302 2780 3397 pas
2814 3281 2912 3366 de
2941 3282 3040 3399 fa
3047 3286 3324 3405 façon.
3386 3286 3625 3409 AuJJi
3644 3295 3752 3378 les
3782 3325 3920 3383 an¬

872 3372 1179 3457 ciennes
1222 3380 1641 3493 Tragédies
1694 3384 1765 3469 fe
1818 3386 1993 3474 font
2038 3389 2367 3477 arretées
2412 3425 2699 3485 autour
2740 3402 2837 3486 de
2896 3437 3043 3520 peu
3088 3406 3185 3491 de
3226 3406 3618 3507 familles,
3686 3445 3917 3533 parce

865 3492 1056 3606 qu’il
1097 3491 1292 3577 étoit
1333 3498 1580 3585 arrivé
1623 3501 1668 3584 à
1708 3535 1855 3615 peu
1901 3505 1997 3590 de
2039 3511 2371 3601 familles
2413 3514 2547 3602 des
2603 3519 2879 3607 chofes
2921 3526 3193 3646 dignes
3239 3528 3339 3616 de
3375 3528 3451 3615 la
3497 3536 3907 3658 Tragédie.

869 3614 1030 3693 Les
1075 3609 1358 3698 Siècles
1411 3617 1756 3731 fuivans
1795 3656 1990 3710 nom
2025 3659 2120 3710 en
2155 3656 2298 3714 ont
2331 3635 2552 3755 afjefi
2589 3640 2921 3762 fourny,
2947 3671 3150 3761 pour
3171 3647 3544 3767 fanchir
3583 3689 3700 3740 ces
3743 3657 3911 3744 bor¬

866 3762 1000 3813 nes
1022 3798 1050 3830 ,
1110 3729 1211 3826 (A
1244 3767 1340 3817 ne
1376 3733 1732 3822 marcher
1755 3742 1940 3860 pim
1957 3742 2114 3861 fur
2156 3746 2266 3831 les
2297 3780 2444 3869 pas
2482 3759 2620 3839 des
2662 3763 2904 3846 Grecs
2939 3797 2960 3865 ;
3000 3773 3206 3851 mais
3245 3782 3326 3881 je
3363 3802 3462 3857 ne
3497 3775 3731 3895 penfi
3759 3805 3912 3900 pas

866 3850 1103 3968 qu’ils
1140 3883 1331 3938 nom
1372 3885 1615 3976 ayent
1652 3858 1915 3947 donné
1936 3862 2019 3947 la
2060 3862 2339 3956 liberté
2358 3871 2455 3960 de
2490 3909 2687 3963 nom
2718 3880 3023 3971 écarter
3058 3888 3155 3973 de
3192 3884 3397 3976 leurs
3442 3893 3742 4015 Réglés.
3824 3897 3915 3985 Il

834 3957 1087 4084 faut,
1131 3970 1262 4058 s’il
1264 3977 1358 4088 fi
1394 4005 1637 4097 peut,
1681 4014 1873 4069 nom
1899 3990 2431 4080 accommoder
2459 4029 2665 4085 avec
2700 4000 2931 4104 elles,
2962 4003 3064 4102 &
3096 4008 3205 4093 les
3226 4042 3549 4101 amener
3570 4031 3905 4139 jusques

861 4086 916 4174 d
955 4120 1167 4179 nous.
1231 4082 1348 4178 Le
1381 4098 2004 4190 retranchement
2043 4142 2196 4230 que
2233 4145 2424 4200 nom
2461 4146 2722 4205 avons
2741 4124 2922 4239 fait
2959 4129 3097 4213 des
3131 4130 3447 4217 Chœurs
3485 4171 3675 4226 nom
3709 4138 3901 4226 obli¬

839 4241 936 4328 ge
968 4207 1023 4294 d
1056 4211 1370 4333 remplir
1402 4249 1536 4303 nos
1578 4223 1912 4308 Poèmes
1961 4228 2058 4313 de
2101 4228 2286 4350 pim
2341 4233 2660 4355 d'Epi(6
2663 4241 2800 4326 des
2843 4245 3080 4368 qu’ils
3119 4285 3218 4336 ne
3265 4255 3406 4372 fai
3389 4254 3701 4373 fient,
3743 4297 3788 4345 c
3811 4262 3916 4373 efi

856 4328 1193 4455 quelque
1212 4331 1417 4455 chofi
1446 4335 1543 4424 de
1560 4339 1788 4457 pim,
1816 4354 2017 4433 mais
2045 4382 2187 4470 qui
2220 4387 2321 4440 ne
2348 4353 2519 4442 doit
2541 4383 2690 4478 pas
2718 4360 2926 4454 aller
2952 4403 3060 4458 au
3096 4370 3276 4459 delà
3316 4373 3414 4463 de
3438 4375 3648 4468 leurs
3674 4386 3894 4472 Ma¬

853 4482 1161 4554 ximes,
1200 4452 1373 4541 bien
1406 4456 1604 4577 qu’il
1630 4461 1819 4548 aille
1854 4499 1965 4549 au
2004 4468 2187 4557 delà
2216 4473 2317 4558 de
2348 4473 2521 4561 leur
2546 4490 2944 4607 pratique.

995 4569 1078 4690 fl
1101 4575 1304 4690 faut
1341 4576 1536 4664 donc
1566 4581 1906 4700 favoir
1942 4590 2233 4706 quelles
2270 4598 2458 4717 font
2499 4633 2615 4686 ces
2659 4607 2975 4729 Réglés,
3013 4619 3219 4700 mais
3261 4620 3493 4733 nofire
3535 4618 3897 4712 malheur

847 4692 994 4807 efi,
1037 4726 1146 4815 qu
1173 4700 1532 4785 Aristote
1573 4701 1674 4794 (fi
1713 4701 2028 4793 Horace
2077 4715 2304 4829 après
2353 4715 2488 4841 luy
2539 4757 2636 4807 en
2675 4752 2814 4811 ont
2859 4727 3058 4818 écrit
3097 4735 3332 4858 ajfef
3359 4740 3896 4833 obscurément

834 4833 1039 4926 pour
1070 4846 1311 4898 avoir
1342 4814 1588 4936 befim
1640 4822 2222 4948 d’interprètes,
2272 4834 2371 4931 (fi
2421 4872 2570 4961 que
2628 4876 2824 4931 ceux
2877 4857 3029 4970 qui
3079 4852 3258 4945 leur
3311 4894 3406 4945 en
3455 4890 3594 4949 ont
3629 4866 3886 4954 voulu

822 4929 1103 5044 firvir
1126 4945 1455 5056 jusques
1490 4942 1615 5059 icy
1646 4976 1743 5029 ne
1776 4944 1887 5031 les
1920 4977 2059 5035 ont
2076 4951 2433 5068 fouvent
2464 4962 2831 5086 explique
2834 4971 2893 5092 ^
2936 5006 3047 5093 qu
3072 5010 3171 5061 en
3210 4980 3880 5087 Grammairiens,

843 5084 939 5133 ou
977 5085 1073 5136 en
1115 5050 1621 5176 Philofphes.
1695 5070 2011 5156 Comme
2047 5071 2147 5156 ils
2185 5085 2521 5163 avaient
2546 5084 2729 5202 pim
2758 5092 3069 5182 d’étude
3100 5097 3203 5194 (fi
3234 5096 3331 5186 de
3356 5104 3876 5225 fpeculation,

841 5200 996 5288 que
1029 5174 1556 5293 d’expenence
1591 5179 1702 5268 du
1741 5184 2119 5292 Theatrie,
2143 5192 2312 5280 leur
2335 5197 2608 5288 lecture
2641 5239 2836 5297 nom
2856 5239 3052 5330 peut
3089 5222 3361 5306 rendre
3392 5225 3577 5345 pim
3601 5229 3873 5331 doâes,

840 5299 1044 5378 mais
1094 5319 1428 5414 non-pas
1476 5332 1668 5388 nom
1716 5307 2012 5397 donner
2057 5311 2442 5440 beaucoup
2495 5325 2592 5412 de
2645 5325 3008 5421 lumières
3055 5338 3228 5461 fort
3257 5343 3528 5464 fures
3567 5377 3776 5469 pour
3815 5384 3868 5472 y

840 5405 1110 5528 reuffir.

3438 5591 3525 5674 le
3558 5587 3659 5676 ha
3666 5592 3860 5713 far-
