4267 6626
1330 395 2502 493 COMEDIE.

3304 426 3366 514 9

1043 652 2271 829 SCENE

883 1005 987 1101 E
1055 1001 1163 1105 R
1231 1001 1331 1101 A
1399 996 1483 1104 S
1559 996 1679 1100 T
1731 1000 1831 1100 E
1907 1000 1951 1124 ,
2099 999 2219 1100 T
2275 1003 2351 1095 I
2419 999 2527 1103 R
2599 1003 2691 1099 C
2755 1003 2831 1099 I
2895 998 2995 1103 S.

504 1302 783 1395 ERA.
1116 1300 1551 1386 Aintenant
1584 1295 1853 1407 fuis-je
1895 1325 1999 1387 vn
2036 1295 2181 1379 fou
2212 1302 2237 1374 ?
2275 1294 2723 1412 meritay-je
2756 1294 2867 1378 du
2900 1293 3198 1383 blafme

1116 1416 1310 1534 XvXQ£.
1337 1419 1589 1503 dis-tu
1623 1415 1723 1503 de
1761 1415 2081 1533 l'objet,
2125 1450 2285 1537 que
2317 1416 2569 1502 dis-tu
2611 1420 2707 1504 de
2749 1450 2883 1504 ma
2913 1423 3189 1507 flame?

509 1550 731 1637 TlR.
781 1550 967 1654 Que
1001 1572 1339 1636 veux-tu
1373 1571 1529 1659 que
1567 1537 1715 1653 j'en
1747 1537 1879 1623 die
1915 1549 1939 1619 ?
1977 1537 2125 1625 elle
2157 1570 2201 1624 a
2235 1540 2309 1652 je
2347 1570 2447 1624 ne
2485 1540 2663 1658 fçay
2697 1570 2927 1666 quoy

691 1674 855 1778 Qui
893 1696 993 1754 ne
1031 1696 1223 1784 peut
1261 1665 1653 1754 consentir
1691 1691 1853 1779 que
1891 1661 2055 1749 l'on
2085 1660 2461 1749 demeure
2499 1658 2543 1748 à
2581 1666 2749 1784 foy;

683 1800 899 1878 Mon
933 1822 1157 1874 cœur
1195 1783 1499 1908 jusqu'à
1541 1787 1843 1905 prefent
1891 1783 1935 1871 à
1977 1787 2317 1873 l'amour
2359 1786 2835 1882 invincible,

683 1924 813 2004 Ne
849 1916 923 1998 fe
957 1912 1373 1998 maintient
1415 1907 1597 2025 qu'à
1631 1907 1853 1995 force
1885 1941 2037 1995 aux
2075 1938 2365 1995 termes
2413 1908 2939 2008 d'infenfiblc,

687 2046 908 2124 Tout
945 2062 1166 2120 autre
1199 2063 1358 2150 que
1393 2033 1649 2115 Tircis
1677 2033 2081 2115 mourroit
2123 2058 2327 2145 pour
2369 2032 2448 2116 la
2481 2032 2741 2120 servir.

506 2162 670 2248 ER
678 2166 786 2244 A.
838 2158 1214 2244 Confeffe
1248 2149 1802 2240 franchement
1842 2149 2126 2271 quelle
2158 2182 2202 2236 a
2236 2154 2414 2266 fçeu
2456 2180 2538 2236 te
2572 2154 2818 2250 ravir,

686 2282 894 2370 Mais
928 2312 1084 2400 que
1118 2308 1210 2366 tu
1238 2307 1338 2366 ne
1376 2307 1582 2365 veux
1622 2309 1758 2391 pas
1800 2275 2136 2391 prendre
2170 2304 2378 2392 pour
2416 2304 2624 2362 cette
2662 2274 2870 2362 belle

686 2412 904 2496 Avec
950 2408 1020 2490 le
1062 2434 1262 2490 nom
1304 2399 1650 2488 d'amant
1692 2399 1766 2483 le
1816 2395 2030 2483 tiltre
2072 2394 2520 2483 d’infidelle.

686 2528 890 2614 Rien
928 2558 1084 2646 que
1122 2526 1386 2612 noftre
1424 2515 1692 2611 amitié
1730 2551 1830 2607 ne
1868 2515 2028 2607 t'en
2066 2546 2262 2639 peut
2304 2516 2740 2608 détourner
2758 2568 2788 2624 5

686 2654 894 2736 Mais
940 2680 1020 2736 ta
1062 2650 1296 2734 Mufe
1338 2645 1446 2733 du
1488 2649 1754 2733 moins
1790 2645 2024 2733 facile
2062 2645 2116 2729 à
2154 2644 2542 2732 suborner

686 2778 906 2862 Avec
944 2770 1192 2892 plaisir
1230 2766 1402 2884 déjà
1442 2765 1762 2883 prépare
1796 2767 2180 2887 quelques
2212 2766 2482 2858 veilles

690 2900 761 2982 A
794 2896 891 2982 de
929 2896 1297 3012 puissants
1335 2891 1615 2979 efforts
1649 2917 1857 3009 pour
1898 2891 1995 2979 de
2037 2890 2263 2975 telles
2301 2886 2771 2978 merveilles.

501 3020 735 3106 TIR.
789 3024 911 3104 En
949 3012 1137 3104 effet
1175 3041 1413 3138 ayant
1451 3041 1603 3103 veu
1639 3037 1813 3099 tant
1855 3017 1943 3099 Ôt
1989 3013 2087 3101 de
2127 3012 2271 3100 tels
2309 3046 2577 3132 appas,

683 3146 869 3246 Que
911 3140 981 3254 je
1015 3172 1115 3228 ne
1143 3142 1343 3226 rime
1381 3137 1653 3255 point,
1691 3145 1771 3251 je
1799 3167 1905 3221 ne
1941 3137 2017 3221 le
2049 3166 2409 3251 promets
2443 3168 2607 3254 pas.

505 3266 779 3350 ERA.
825 3270 977 3354 Tes
1005 3262 1187 3350 feux
1221 3257 1653 3349 n’iront-ils
1687 3261 1917 3375 point
1955 3259 2137 3375 plus
2171 3288 2413 3350 avant
2451 3288 2611 3380 que
2649 3254 2729 3340 la
2761 3258 2999 3344 rime?

505 3388 735 3471 TIR.
801 3388 877 3470 Si
907 3382 977 3496 je
1011 3382 1265 3470 brufle
1295 3383 1611 3500 jamais,
1645 3379 1719 3491 je
1751 3413 1955 3471 veux
1989 3379 2287 3470 brufler
2321 3382 2495 3466 fans
2529 3382 2801 3466 crime.

505 3508 769 3591 ERA.
815 3512 1027 3590 Mais
1061 3508 1115 3590 fi
1147 3508 1317 3592 fans
1347 3541 1399 3625 y
1437 3507 1705 3621 penser
1743 3529 1831 3587 tu
1869 3529 1947 3587 te
1985 3533 2167 3587 trou
2179 3504 2353 3590 vois
2385 3504 2667 3612 surpris
2687 3508 2711 3578 ?

505 3628 735 3712 TIR.
799 3632 1089 3734 Quitte
1125 3658 1325 3742 pour
1363 3625 1797 3741 décharger
1835 3655 2037 3707 mon
2075 3650 2301 3709 coeur
2337 3620 2529 3708 dans
2559 3650 2729 3704 mes
2765 3612 3025 3704 écrits,

684 3746 942 3832 l'aime
984 3746 1166 3832 bien
1208 3780 1332 3832 ces
1368 3745 1728 3829 discours
1760 3745 1860 3829 de
1894 3745 2276 3859 plaintes,
2312 3750 2400 3828 ôc
2442 3740 2874 3836 d’alarmes,

682 3874 804 3956 De
842 3870 1180 3988 soupirs,
1222 3870 1318 3954 de
1348 3865 1740 3987 sanglots,
1774 3865 1874 3949 de
1908 3896 2366 3958 tourmens,
2412 3870 2500 3948 &
2542 3866 2638 3948 de
2670 3862 2996 3957 larmes,

690 3990 894 4078 C’eff
928 3992 1244 4108 dequoy
1282 3992 1446 4076 fort
1480 3991 1818 4075 souvent
1856 3987 1926 4105 je
1972 3986 2206 4075 baftis
2244 4022 2374 4074 ma
2412 3986 2806 4082 chanson.

686 4116 894 4200 Mais
932 4112 1076 4226 j'en
1112 4144 1476 4229 connoy,
1510 4111 1680 4195 fans
1712 4107 1926 4229 plus,
1964 4107 2042 4195 la
2076 4108 2418 4195 cadence
2456 4116 2544 4194 &c
2588 4108 2664 4194 le
2696 4112 2866 4194 son.

694 4232 1006 4320 Souffre
1040 4232 1270 4352 qu'en
1304 4267 1412 4319 un
1446 4241 1748 4319 Sonnet
1786 4233 1860 4345 je
1894 4229 2306 4320 m'efforce
2342 4228 2388 4320 à
2416 4228 2844 4350 dépeindre

686 4354 842 4440 Cét
880 4354 1240 4476 agréable
1278 4358 1412 4440 feu
1454 4387 1610 4475 que
1652 4383 1740 4441 tu
1778 4387 1878 4441 ne
1920 4387 2120 4471 peux
2170 4352 2556 4450 éteindre,

686 4482 817 4562 Tu
850 4478 921 4562 le
955 4506 1279 4592 pourras
1312 4477 1619 4561 donner
1652 4509 1973 4563 comme
2006 4504 2301 4567 venant
2342 4478 2447 4562 de
2484 4504 2651 4592 toy.

509 4600 779 4686 ERA.
825 4600 1033 4682 Ainfi
1067 4630 1153 4686 ce
1187 4625 1413 4684 cœur
1451 4595 1723 4683 d’acier
1757 4603 1895 4717 qui
1935 4631 2065 4687 me
2101 4602 2301 4687 tient
2339 4600 2517 4686 fous
2551 4600 2625 4682 fa
2653 4596 2793 4716 loy

687 4724 937 4806 Verra
971 4750 1101 4804 ma
1143 4720 1433 4834 passion
1475 4751 1685 4837 pour
1727 4721 1797 4803 le
1835 4725 2099 4807 moins
2135 4754 2231 4808 en
2275 4724 2667 4838 peinture:

687 4850 765 4928 le
807 4840 1055 4928 doute
1091 4871 1563 4928 neanmoins
1601 4837 1835 4959 qu'en
1877 4871 2081 4929 cette
2127 4846 2607 4959 portraiture

691 4970 817 5048 Tu
851 4996 951 5050 ne
985 4966 1235 5054 suives
1273 4961 1559 5080 plutoft
1597 4991 1715 5049 tes
1757 4997 2077 5079 propres
2119 4970 2565 5050 fentimens.

509 5082 765 5167 TIR.
833 5092 973 5170 Me
1011 5082 1331 5204 prépare
1369 5085 1445 5173 le
1475 5085 1653 5169 Ciel
1691 5087 1787 5169 de
1821 5116 2245 5175 nouveaux
2283 5082 2719 5170 châtimens

695 5206 769 5290 Si
803 5206 1067 5316 jamais
1103 5242 1213 5294 un
1251 5207 1357 5294 tel
1393 5211 1635 5295 crime
1671 5235 1887 5295 entre
1921 5207 2115 5295 dans
2143 5242 2339 5294 mon
2373 5234 2741 5326 courage.

510 5328 780 5412 ERA.
820 5328 1114 5424 Adieu,
1150 5330 1222 5446 je
1252 5332 1404 5416 fuis
1434 5359 1810 5425 content,
1846 5329 1986 5445 j'ay
2024 5359 2104 5413 ta
2136 5332 2404 5447 parole
2438 5362 2538 5416 en
2572 5358 2802 5450 gage,

690 5454 788 5532 Et
820 5450 994 5566 fçay
1028 5480 1206 5566 trop
1242 5483 1400 5572 que
1438 5449 1856 5537 l’honneur
1904 5451 2060 5537 t’en
2098 5448 2262 5540 fera
2308 5454 2704 5540 souvenir.

508 5566 740 5654 TIR
752 5638 766 5652 .
774 5582 796 5610 3
838 5578 960 5658 En
988 5576 1312 5662 matière
1342 5573 1706 5661 d’amour
1740 5575 1904 5659 rien
1938 5571 2288 5696 n’oblige
2326 5570 2370 5662 à
2408 5574 2650 5666 tenir,

812 5696 1058 5778 Tome
1094 5696 1164 5778 I.
2870 5696 2930 5770 B

3412 5591 3443 5643 *
3473 5582 3615 5647 Seul
