4267 6540
911 395 1129 499 DV
1199 384 1765 490 POEME
1819 360 3008 494 DRAMATIQVE.
3383 361 3480 456 ix

591 580 676 661 le
707 562 1062 659 hasarde
1069 589 1199 678 ray
1231 553 1562 678 quelque
1589 545 1797 662 chofe
1801 550 1956 661 fur
1979 566 2230 628 trente
2253 571 2398 619 ans
2425 533 2520 618 de
2549 525 2870 617 travail
2891 554 3090 648 pour
3112 524 3198 607 la
3219 528 3480 623 Scène,

481 695 583 793 if
622 727 716 780 en
757 691 983 803 dtray
1025 715 1186 764 mes
1213 677 1524 795 pensées
1553 694 1730 755 tout
1752 654 2294 782 fimplement,
2323 657 2512 772 fans
2545 676 2782 773 esprit
2835 650 2928 733 de
2977 652 3488 731 contestation

478 819 618 943 qui
656 818 1028 925 m'engage
1067 796 1120 883 d
1157 797 1264 880 les
1283 792 1680 911 foütenir,
1725 780 1822 878 if
1835 789 2030 900 fans
2061 775 2460 900 prétendre
2499 805 2644 895 que
2669 767 3026 888 perfonne
3061 795 3366 849 renonce
3395 796 3488 849 en

486 971 617 1025 ma
629 933 940 1052 faveur
971 920 1024 1007 d
1059 917 1270 1005 celles
1307 908 1506 1035 qu’il
1533 942 1630 993 en
1661 937 1860 990 aura
1895 916 2272 987 conceués.

622 1048 899 1163 oAinfi
923 1077 998 1130 ce
1035 1069 1178 1160 que
1205 1040 1369 1155 j'ay
1401 1026 1716 1118 avancé
1745 1027 1876 1110 dès
1915 1022 2226 1105 l'entrée
2265 1018 2360 1105 de
2393 1052 2472 1101 ce
2507 1021 2916 1105 Discours,
2951 1039 3096 1125 que
3125 1006 3200 1092 la
3227 1005 3494 1093 Pocfie

483 1175 994 1285 Dramatique
1035 1193 1074 1246 a
1119 1188 1318 1274 pour
1359 1153 1504 1237 but
1545 1151 1616 1237 le
1655 1145 1812 1233 feul
1847 1141 2096 1262 piaifir
2137 1142 2268 1227 des
2311 1141 2800 1253 Spectateurs
2836 1162 2858 1223 ,
2917 1129 3098 1241 nefi
3117 1154 3260 1245 pas
3305 1151 3502 1242 pour

487 1302 910 1416 l'emporter
938 1275 1540 1403 opiniafirément
1557 1269 1710 1385 fur
1741 1296 1932 1352 ceux
1965 1290 2100 1378 qui
2141 1260 2464 1381 penfent
2499 1251 2834 1339 ennoblir
2879 1248 2927 1332 /’
2933 1256 3162 1342 Art,
3223 1277 3318 1331 en
3377 1244 3503 1365 luy

485 1422 832 1509 donnant
864 1435 1058 1527 pour
1094 1397 1337 1507 objet,
1379 1393 1470 1480 de
1503 1389 1804 1508 profiter
1827 1380 2218 1501 aujji-bien
2247 1409 2396 1501 que
2423 1379 2520 1462 de
2543 1371 2820 1492 plaire.
2937 1371 3148 1454 Cette
3197 1366 3496 1483 dispute

490 1534 756 1653 mefine
783 1529 1016 1650 feroit
1055 1508 1518 1609 très-mutile
1538 1577 1569 1611 ,
1601 1502 1976 1628 puisqu'il
2009 1504 2115 1615 efl
2137 1494 2524 1616 impojjible
2555 1499 2648 1578 de
2677 1491 2930 1606 plaire
2947 1486 3160 1604 félon
3197 1483 3306 1569 les
3343 1490 3500 1569 Ré¬

476 1662 683 1781 glés,
724 1646 918 1773 qu’il
962 1677 1052 1731 ne
1106 1646 1205 1760 s’y
1252 1655 1614 1722 rencontre
1665 1624 2035 1740 beaucoup
2073 1615 2640 1708 d'utilitéIl
2673 1615 2770 1726 efl
2801 1639 3001 1730 vray
3041 1635 3150 1726 qu
3179 1609 3504 1689 Aristote

499 1780 695 1867 dans
724 1796 878 1859 tout
905 1764 1050 1884 fin
1087 1747 1284 1847 frai
1287 1754 1366 1842 té
1397 1755 1488 1842 de
1529 1751 1614 1835 la
1649 1750 2016 1868 Poétique
2047 1748 2178 1829 n’a
2207 1746 2498 1850 jamais
2525 1733 2854 1853 employé
2873 1764 2950 1815 ce
2981 1750 3138 1813 mot
3163 1758 3312 1812 une
3329 1720 3504 1841 feu¬

497 1900 565 1983 le
579 1900 737 2015 fois
770 1921 793 2012 ;
836 1882 1026 2011 qu’il
1060 1875 1400 1965 attribué
1439 1870 1770 1990 l’origine
1801 1870 1896 1951 de
1933 1862 2012 1948 la
2057 1865 2302 1974 Poèfie
2337 1892 2442 1944 au
2469 1858 2740 1978 piaifir
2785 1884 2928 1974 que
2963 1882 3152 1932 nous
3193 1875 3512 1963 prenons

501 2018 557 2107 d
588 2019 767 2101 voir
792 2013 1058 2096 imiter
1091 2000 1200 2084 les
1230 2000 1508 2085 allions
1549 1994 1676 2076 des
1715 1990 2038 2072 hommes
2078 2015 2101 2106 5
2155 1978 2354 2105 qu’il
2371 1980 2660 2097 préféré
2691 1971 2770 2058 la
2801 1973 3050 2092 partie
3087 1968 3192 2051 du
3229 1972 3512 2051 Poème

506 2143 637 2263 qui
672 2130 961 2251 regarde
999 2122 1066 2208 le
1099 2126 1310 2233 Sujet
1349 2112 1402 2203 d
1448 2113 1616 2199 celle
1651 2113 1788 2229 qui
1818 2104 2116 2226 regarde
2145 2105 2258 2185 les
2287 2103 2658 2195 Mœurs,
2689 2121 2910 2212 parce
2941 2116 3084 2212 que
3121 2112 3306 2173 cette
3337 2112 3502 2203 pre¬

508 2261 729 2345 mière
762 2271 1077 2335 contient
1112 2274 1182 2327 ce
1222 2244 1356 2361 qui
1392 2231 1602 2353 agrée
1647 2237 1714 2314 le
1747 2226 1979 2348 pim,
2013 2254 2280 2309 comme
2321 2218 2430 2302 les
2462 2219 2868 2335 signifions
2903 2201 3006 2306 if
3045 2206 3156 2289 les
3197 2210 3512 2322 Péripé¬

508 2386 651 2464 ties
690 2407 709 2493 ;
754 2363 943 2493 qu’il
969 2368 1145 2483 fait
1184 2385 1426 2446 entrer
1455 2356 1650 2441 dans
1689 2350 1772 2433 la
1809 2346 2200 2464 définition
2239 2343 2332 2426 de
2367 2339 2450 2425 la
2491 2334 2864 2459 Tragédie
2923 2329 3362 2451 l’agrément
3413 2325 3520 2409 du

509 2503 829 2587 discours
859 2492 1035 2575 dont
1070 2482 1201 2569 elle
1230 2483 1333 2598 efi
1358 2475 1753 2594 composée,
1797 2465 1897 2565 if
1926 2465 2116 2587 qu’il
2149 2461 2472 2548 l’estime
2500 2459 2698 2578 enfin
2721 2452 2902 2573 pim
2933 2482 3076 2570 que
3121 2444 3192 2531 le
3235 2448 3520 2531 Poème

509 2623 867 2736 Epique,
898 2644 991 2693 en
1026 2639 1097 2693 ce
1138 2602 1392 2722 quelle
1432 2632 1484 2679 a
1523 2597 1616 2680 de
1647 2590 1833 2714 pim
1869 2585 1952 2672 la
1991 2589 2412 2672 décoration
2440 2584 2846 2668 extérieure
2887 2569 2984 2669 if
3019 2568 3100 2651 la
3143 2568 3524 2684 Mufique

514 2772 647 2863 qui
685 2730 1037 2822 déleétent
1060 2722 1625 2845 puiflamment,
1665 2712 1765 2807 if
1802 2708 2140 2833 qu’étant
2171 2705 2358 2821 pim
2406 2729 2646 2787 courte
2683 2695 2785 2792 if
2820 2695 3060 2778 moins
3095 2675 3365 2812 dijfufi
3388 2752 3418 2782 ,
3457 2683 3528 2767 le

502 2857 765 2977 piaifir
784 2884 889 2974 qu
912 2882 1003 2932 on
1014 2879 1077 2970 y
1102 2845 1341 2965 prend
1368 2841 1465 2952 efi
1482 2837 1661 2952 pim
1678 2836 1978 2949 parfait
2006 2865 2034 2910 :
2068 2834 2266 2915 mais
2285 2824 2420 2910 Un
2444 2822 2549 2940 efl
2565 2849 2710 2940 pas
2730 2819 2974 2901 moins
3005 2839 3203 2926 vray
3219 2839 3324 2927 qu
3347 2807 3528 2889 Ho¬

522 3011 681 3065 race
722 3002 907 3059 nom
940 2964 1273 3085 apprend
1304 2993 1451 3083 que
1482 2989 1671 3043 nom
1708 2986 1801 3039 ne
1821 2951 2227 3069 fiaurions
2252 2942 2501 3063 plaire
2533 2942 2586 3029 d
2622 2965 2782 3025 tout
2809 2936 2878 3020 le
2914 2935 3182 3020 monde
3202 2925 3324 3041 ,jî
3347 2955 3534 3008 nous

524 3105 637 3215 n’y
676 3091 987 3208 méfions
1021 3083 1305 3182 l’utile,
1345 3075 1447 3174 if
1482 3108 1625 3196 que
1657 3075 1767 3161 les
1784 3104 1980 3191 gens
2000 3100 2293 3192 graves
2329 3063 2429 3162 if
2443 3067 2605 3182 fri
2606 3092 2789 3157 eux,
2823 3057 2932 3140 les
2967 3045 3397 3145 vieillards,
3427 3041 3532 3127 les

526 3241 897 3303 amateurs
915 3205 1111 3294 delà
1134 3231 1399 3298 vertu,
1432 3206 1533 3319 s’y
1554 3220 2037 3318 ennuyeront,
2058 3189 2221 3276 s’ils
2236 3194 2359 3311 n’y
2376 3207 2738 3271 trouvent
2754 3182 2916 3264 rien
2933 3171 2984 3260 d
2997 3172 3306 3289 profiter.

817 3330 1207 3418 Centuriæ
1247 3326 1641 3410 feniorum
1682 3344 1983 3434 agitant
2018 3315 2357 3430 expertia
2401 3308 2672 3425 frugis.

532 3459 797 3570 Atnfi,
826 3482 1013 3570 quoy
1056 3481 1201 3570 que
1237 3441 1475 3529 l'utile
1512 3445 1627 3557 n’y
1666 3463 1871 3519 entre
1904 3466 2051 3553 que
2073 3433 2261 3549 fius
2307 3428 2389 3511 la
2409 3430 2671 3541 forme
2715 3425 2820 3506 du
2861 3407 3258 3499 délectable
3288 3472 3317 3502 ,
3347 3402 3416 3489 il
3445 3436 3540 3485 ne

529 3561 719 3695 laifle
744 3598 881 3689 pas
901 3573 1013 3689 d'y
1040 3568 1209 3680 efire
1242 3561 1667 3678 neceflaire,
1702 3551 1797 3647 if
1817 3552 1885 3635 il
1912 3578 2117 3634 vaut
2132 3552 2393 3632 mieux
2420 3544 2818 3625 examiner
2831 3535 2924 3616 de
2964 3526 3196 3648 queUe
3205 3526 3448 3645 façon
3481 3518 3550 3603 il

506 3726 575 3817 y
606 3716 791 3809 peut
810 3717 1121 3774 trouver
1121 3687 1213 3805 fit
1230 3679 1501 3799 place,
1524 3708 1669 3796 que
1703 3676 2047 3787 d'agiter,
2068 3696 2344 3753 comme
2362 3693 2443 3770 je
2465 3659 2617 3779 l’ay
2647 3650 2828 3765 déjà
2851 3653 3013 3745 dit,
3040 3679 3186 3732 une
3206 3641 3540 3766 question

538 3811 805 3900 inutile
832 3806 1185 3893 touchant
1219 3798 1527 3889 l’utilité
1553 3798 1647 3881 de
1678 3815 1861 3877 cette
1873 3790 2077 3906 firte
2115 3791 2209 3874 de
2239 3785 2563 3868 Poèmes
2568 3783 2583 3864 .
2653 3777 2990 3863 ïestime
3019 3768 3206 3851 donc
3223 3760 3418 3885 qu’il
3446 3761 3547 3881 s’y

536 3969 625 4016 en
650 3955 833 4051 peut
864 3952 1263 4013 rencontrer
1297 3923 1389 4006 de
1426 3940 1689 4039 quatre
1711 3909 1975 4029 firtes.

659 4053 795 4136 La
818 4050 1167 4166 première
1204 4042 1493 4153 confste
1536 4067 1699 4121 aux
1737 4037 2125 4115 Sentences
2176 4025 2275 4123 if
2311 4025 2791 4111 instructions
2831 4007 3196 4104 Morales
3228 4031 3450 4123 quon
3495 4028 3549 4115 y

536 4200 717 4290 peut
737 4170 983 4285 femer
1000 4194 1307 4286 presque
1330 4186 1481 4277 par
1512 4181 1673 4242 tout
1710 4190 1737 4239 :
1776 4157 1975 4236 mais
2013 4147 2081 4234 il
2116 4180 2205 4230 en
2225 4153 2417 4264 faut
2458 4144 2627 4259 ufer
2647 4139 3119 4257 fibrement,
3151 4122 3256 4209 les
3292 4143 3548 4206 mettre

550 4314 915 4376 rarement
948 4322 1039 4372 en
1086 4288 1417 4371 discours
1438 4305 1885 4395 generaux,
1926 4302 2019 4354 ou
2064 4301 2157 4353 ne
2199 4268 2311 4350 les
2354 4258 2643 4384 pouffer
2670 4289 2899 4375 guère
2953 4253 3103 4337 loin
3134 4314 3163 4345 ,
3199 4242 3350 4362 fur
3397 4262 3556 4324 tout

550 4412 821 4532 quand
852 4441 943 4491 on
958 4408 1131 4521 fait
1162 4399 1421 4520 parler
1464 4432 1567 4483 un
1613 4394 1903 4477 homme
1952 4383 2381 4507 pafjionné,
2444 4416 2537 4466 ou
2580 4382 2797 4502 qu’on
2843 4377 2967 4495 luy
2983 4373 3164 4489 fait
3206 4361 3556 4480 répondre

548 4555 699 4648 par
732 4559 839 4609 un
874 4553 1079 4609 autre
1098 4556 1119 4625 5
1142 4553 1271 4606 car
1286 4519 1353 4604 il
1380 4551 1477 4601 ne
1509 4518 1669 4602 doit
1698 4514 1929 4598 avoir
1950 4542 2095 4592 non
2116 4504 2291 4622 plus
2321 4506 2419 4588 de
2444 4506 2781 4618 patience
2810 4525 3005 4614 pour
3035 4488 3143 4571 les
3180 4480 3559 4570 entendre,

556 4683 697 4774 que
736 4650 829 4733 de
864 4642 1213 4767 quiétude
1251 4642 1557 4754 d’esprit
1570 4662 1765 4749 pour
1793 4633 1903 4715 les
1942 4625 2361 4720 concevoir,
2410 4619 2509 4717 if
2541 4620 2653 4704 les
2683 4619 2865 4704 dire.
2947 4620 3184 4700 Dans
3219 4599 3328 4685 les
3359 4595 3558 4683 déli¬

560 4772 915 4852 bérations
953 4762 1267 4857 d’Etat,
1304 4756 1401 4844 où
1434 4790 1543 4839 un
1579 4752 1869 4839 homme
1897 4753 2419 4865 d'importance
2458 4737 2789 4856 confùlté
2824 4761 2975 4852 par
3006 4761 3113 4814 un
3159 4731 3319 4839 Roy
3364 4752 3400 4801 s
3424 4744 3558 4801 ex¬

554 4889 807 5004 plique
845 4884 937 4971 de
974 4884 1139 4995 fins
1184 4877 1419 4995 rafjis,
1456 4914 1569 4963 ces
1596 4880 1825 4987 fortes
1861 4871 1959 4954 de
1997 4871 2325 4951 discours
2368 4884 2719 4950 trouvent
2755 4855 2911 4940 lieu
2953 4855 3043 4938 de
3078 4842 3252 4964 plus
3285 4843 3343 4928 d
3359 4838 3558 4923 éten¬

570 5009 713 5090 due
746 5038 767 5103 ;
804 5009 997 5086 mais
1030 5000 1221 5115 enfin
1256 4995 1323 5084 il
1358 4999 1455 5111 efi
1486 5008 1817 5103 toujours
1857 4986 1997 5072 bon
2025 4991 2119 5070 de
2153 4983 2259 5069 les
2296 4983 2581 5066 réduire
2605 4978 2937 5094 fiuvent
2979 4975 3073 5055 de
3113 4965 3196 5047 la
3231 4955 3465 5069 Ehefi
3508 4984 3560 5035 a

569 5124 601 5204 1
605 5118 1085 5240 ‘Hypothefi,
1128 5119 1229 5210 if
1268 5150 1293 5222 ]
1320 5148 1519 5201 aime
1570 5114 1823 5201 mieux
1847 5106 2061 5227 faire
2103 5107 2265 5188 dire
2312 5136 2365 5185 a
2414 5131 2521 5184 un
2567 5100 2899 5187 Æfeur,
2947 5093 3306 5176 l’Amour
3364 5100 3562 5163 vous

574 5247 837 5329 donne
885 5238 1289 5353 beaucoup
1338 5229 1943 5350 d’inquiétudes,
1988 5255 2131 5346 que
2179 5220 2545 5309 l’Amour
2593 5217 2855 5303 donne
2909 5212 3315 5311 beaucoup
3367 5192 3562 5279 d’in¬

580 5357 981 5478 quiétudes
1018 5387 1161 5441 aux
1198 5358 1459 5474 esprits
1494 5352 1675 5469 qu’il
1712 5348 2041 5465 possédé.

720 5484 823 5564 Ce
856 5474 1033 5584 nefi
1048 5497 1189 5588 pas
1222 5507 1361 5593 que
1390 5486 1469 5588 je
1500 5463 1819 5585 voulufle
1848 5468 2315 5555 entièrement
2349 5459 2623 5547 bannir
2650 5481 2827 5542 cette
2859 5446 3189 5538 derniere
3209 5442 3450 5558 façon
3477 5428 3566 5511 de

890 5600 1143 5680 Tome
1176 5599 1233 5678 I.
3040 5600 3085 5657 ç
