4267 6834
933 468 1084 571 86

1710 428 3145 563 CLITANDRE,
1122 642 1224 722 Et
1268 627 1620 749 dispofez
1660 627 1758 714 de
1794 654 1994 722 moy
2034 619 2178 736 qui
2218 615 2480 705 borne
2518 645 2720 700 mon
2758 610 2996 696 envie

1130 766 1199 848 A
1247 756 1689 877 prodiguer
1726 774 1937 865 pour
1972 774 2179 834 vous
2208 770 2397 829 tout
2438 770 2529 828 ce
2558 765 2719 860 que
2754 735 2903 854 j’ay
2932 734 3031 820 de
3070 731 3223 821 vie.

939 886 1235 975 DOR.
1287 877 1723 999 Pymante,
1771 877 1861 959 5c
1901 899 2169 992 quoy,
2211 864 2493 953 faut-il
2533 859 2769 986 qu'en
2803 854 3023 945 l'état
3057 851 3169 945 où
3207 855 3281 971 je
3315 854 3467 942 fuis

1127 1014 1288 1096 Tes
1325 997 1910 1118 importunitez
1950 1020 2484 1118 augmentent
2528 1019 2702 1074 mes
2746 984 3072 1071 ennuis?

1126 1127 1420 1220 Faut-il
1456 1158 1616 1248 que
1652 1121 1852 1212 dans
1886 1152 1980 1211 ce
2016 1121 2200 1208 bois
2238 1149 2316 1207 ta
2358 1139 2794 1206 rencontre
2834 1108 3152 1197 funeste

1127 1259 1451 1346 Vienne
1483 1281 1733 1340 encor
1771 1245 2249 1337 m’arracher
2283 1241 2359 1331 le
2395 1242 2559 1332 feul
2598 1237 2787 1327 bien
2821 1238 2961 1358 qui
3001 1265 3133 1322 me
3169 1264 3405 1332 reste,

1131 1388 1233 1470 Et
1273 1376 1599 1501 qu’ainfi
1629 1407 1835 1466 mon
1869 1370 2235 1461 malheur
2273 1402 2373 1457 au
2407 1367 2725 1457 dernier
2757 1394 2995 1485 point
3035 1389 3253 1452 venu

1130 1505 1372 1595 N’ofe
1410 1500 1586 1625 plus
1624 1530 1928 1621 esperer
1966 1500 2066 1586 de
2100 1495 2378 1586 n’eftre
2412 1526 2546 1616 pas
2586 1500 2906 1581 connu?

944 1636 1097 1723 PT
1090 1633 1241 1720 Ad.
1290 1633 1585 1751 Voyez
1624 1660 1955 1716 comme
1988 1624 2063 1710 le
2092 1625 2271 1710 Ciel
2306 1619 2529 1747 égale
2562 1651 2717 1706 nos
2750 1615 3165 1705 fortunes,

1135 1762 1239 1844 Et
1273 1784 1599 1843 comme
1637 1785 1843 1870 pour
1883 1748 1991 1835 les
2029 1748 2221 1835 faire
2261 1774 2485 1835 entre
2515 1775 2725 1832 nous
2759 1745 2965 1831 deux
3003 1766 3529 1837 communes.

1135 1885 1378 1968 Nous
1415 1877 1818 1965 réduisant
1859 1869 2268 1961 ensemble
2305 1869 2356 1959 à
2389 1896 2516 1954 ces
2555 1865 3156 1991 déguifemens,

1140 2004 1202 2092 Il
1232 2030 1564 2091 montre
1594 2001 1826 2090 avoir
1860 2024 2070 2119 pour
2104 2029 2316 2084 nous
2354 1994 2452 2083 de
2496 1993 2778 2114 pareils
2812 2017 3378 2080 mouvemens.

954 2136 1139 2223 DO
1150 2135 1249 2218 R.
1290 2131 1529 2213 Nous
1562 2124 2031 2249 changeons
2068 2122 2257 2212 bien
2292 2118 2677 2217 d’habits,
2718 2118 2917 2209 mais
2954 2149 3129 2204 non
3160 2144 3299 2235 pas
3340 2110 3441 2200 de
3488 2109 3809 2235 visages,

1139 2259 1381 2342 Nous
1423 2250 1887 2378 changeons
1931 2248 2123 2338 bien
2159 2246 2541 2346 d’habits,
2581 2247 2783 2334 mais
2815 2274 2987 2332 non
3025 2273 3159 2360 pas
3195 2239 3293 2329 de
3333 2269 3761 2359 courages,

1143 2390 1244 2470 Et
1300 2411 1426 2467 ces
1468 2407 1840 2498 masques
1882 2406 2346 2498 trompeurs
2385 2376 2484 2462 de
2518 2407 2670 2462 nos
2706 2368 3174 2459 conditions

1142 2501 1564 2600 Cachent,
1596 2506 1768 2590 fans
1802 2501 1914 2591 les
1952 2500 2350 2623 changer,
2390 2532 2542 2586 nos
2580 2496 3120 2587 inclinations.

957 2636 1239 2725 PTAd.
1295 2635 1439 2719 Me
1473 2626 1835 2752 négliger
1871 2626 2239 2742 toujours
2291 2653 2307 2707 !
2355 2630 2439 2711 &
2483 2653 2693 2742 pour
2733 2624 2871 2743 qui
2905 2651 3111 2710 vous
3151 2612 3471 2739 négligé
3497 2639 3511 2698 !

957 2758 1247 2849 DOR.
1291 2759 1483 2871 Q^e
1523 2781 1861 2844 veux-tu
1903 2758 1923 2832 ?
1971 2750 2119 2840 fon
2157 2745 2453 2867 mépris
2487 2746 2663 2866 plus
2701 2780 2861 2867 que
2901 2772 3049 2832 ton
3083 2741 3223 2827 feu
3261 2741 3689 2863 m’oblige,

1144 2880 1256 3002 l’y
1304 2910 1598 2970 trouve
1634 2870 2186 3001 malgré-moy
2216 2875 2292 2991 je
2322 2896 2422 2961 n£
2460 2874 2640 2992 fçay
2684 2870 2872 2991 quel
2914 2901 3152 2988 appas

1148 3008 1301 3094 Par
1344 3000 1457 3093 où
1490 3000 1805 3130 l’ingrat
1846 3030 1983 3090 me
2012 3003 2195 3093 tué,
2238 3003 2325 3085 5c
2368 3030 2467 3084 ne
2496 2995 2917 3085 m’offenfe
2950 3025 3109 3116 pas.

961 3132 1251 3223 PTAd.
1305 3124 2049 3250 Qtfesperez-vous
2087 3123 2301 3214 enfin
2341 3122 2529 3213 d’un
2559 3154 2849 3211 amour
2897 3120 2951 3210 6
2999 3115 3293 3210 frivole

1153 3257 1378 3344 Pour
1419 3252 1550 3343 cét
1583 3258 1852 3378 ingrat
1891 3279 2168 3342 amant
2211 3253 2356 3373 qui
2393 3248 2578 3338 n’eft
2617 3249 2796 3369 plus
2829 3244 3130 3370 qu’une
3177 3240 3440 3331 idole?

970 3385 1258 3477 DOR.
1304 3378 1638 3489 Qu’une
1678 3377 1896 3467 idole
1944 3404 1960 3458 !
2008 3378 2150 3476 ah,
2198 3409 2288 3467 ce
2322 3408 2506 3467 mot
2550 3409 2680 3464 me
2718 3373 2996 3463 donne
3034 3371 3134 3460 de
3172 3364 3520 3490 VefFroy,

1148 3507 1501 3592 Rofidor
1537 3533 1697 3592 une
1722 3501 1945 3593 idole
2043 3501 2191 3601 ah,
2239 3502 2581 3623 perfide,
2617 3497 2795 3587 c’eft
2830 3528 3001 3600 toy,

1153 3635 1279 3718 Ce
1313 3631 1497 3721 font
1531 3656 1647 3716 tes
1683 3626 2079 3717 trahisons
2113 3631 2257 3752 qui
2291 3627 2863 3748 l’empefehent
2911 3624 3013 3712 de
3049 3627 3311 3716 vivre,

1153 3764 1242 3846 le
1282 3751 1430 3877 t’ay
1468 3786 1622 3846 veu
1659 3755 1852 3842 dans
1892 3786 1982 3843 ce
2019 3752 2200 3842 bois
2234 3751 2778 3872 moy-mefme
2815 3750 2888 3837 le
2928 3747 3440 3868 poursuivre.

1158 3876 1586 4004 Avantagé
1624 3880 1732 3966 du
1770 3876 2164 3975 nombre,
2202 3885 2294 3965 5c
2332 3876 2528 3967 vêtu
2564 3875 2662 3966 de
2708 3875 2996 3993 façon,

1157 4009 1355 4114 Que
1393 4036 1483 4095 ce
1523 4005 1883 4125 rustique
1915 4000 2145 4090 habit
2181 4001 2507 4113 effaçoit
2549 4031 2737 4091 tout
2773 4001 3175 4116 soupçon:

1167 4137 1355 4219 Ton
1401 4127 1835 4219 embufehe
1879 4160 1919 4215 a
1965 4129 2253 4246 surpris
2283 4160 2439 4215 une
2479 4123 2755 4214 valeur
2793 4124 2847 4211 fi
2883 4152 3083 4210 rare.

974 4258 1256 4344 PTAd.
1312 4253 1380 4343 Il
1420 4252 1528 4343 eft
1562 4283 1798 4357 vray,
1838 4251 1986 4374 j’ay
2016 4284 2240 4373 puny
2270 4249 2640 4374 l’orgueil
2670 4249 2768 4339 de
2804 4280 2894 4335 ce
2928 4243 3312 4340 barbare,

1160 4381 1293 4464 De
1330 4375 1461 4469 cét
1504 4378 1857 4468 heureux
1894 4382 2205 4500 ingrat,
2248 4373 2303 4463 fi
2350 4374 2573 4464 cruel
2624 4406 2903 4463 envers
2950 4405 3193 4469 vous,

1167 4507 1341 4616 Qui
1385 4508 1893 4593 maintenant
1935 4534 2075 4624 par
2113 4508 2363 4599 terre,
2407 4508 2493 4588 5c
2541 4499 2773 4620 percé
2821 4502 2921 4589 de
2959 4529 3129 4586 mes
3169 4526 3463 4616 coups,

1165 4639 1550 4753 Eprouve
1587 4659 1724 4748 par
1765 4631 1844 4717 fa
1877 4656 2102 4718 mort
2143 4658 2472 4717 comme
2505 4660 2618 4714 un
2655 4654 2934 4714 amant
2981 4623 3250 4714 fidelle

1166 4761 1456 4879 Vange
1490 4756 1758 4846 voftre
1798 4752 2088 4843 beauté
2118 4755 2226 4844 du
2266 4748 2556 4874 mépris
2586 4753 2840 4878 qu’on
2870 4752 3018 4838 fait
3060 4747 3312 4837 d’elle.

982 4882 1267 4972 DOR.
1308 4885 1693 4971 Monstre
1722 4881 1821 4967 de
1856 4877 1937 4967 la
1966 4886 2333 4977 Nature,
2377 4877 2793 4968 execrable
2834 4876 3285 4973 bourreau,

1171 5001 1429 5123 Après
1465 5036 1555 5094 ce
1589 5005 1847 5096 lafehe
1891 5036 2105 5126 coup
2141 5011 2283 5127 qui
2323 5006 2591 5095 creuse
2625 5037 2827 5091 mon
2861 5001 3281 5097 tombeau,

1169 5129 1390 5216 D’un
1428 5131 1968 5252 compliment
2002 5131 2324 5221 railleur
2368 5160 2448 5221 ta
2484 5131 2778 5220 malice
2804 5162 2938 5217 me
2975 5130 3200 5216 flatei

1170 5259 1380 5375 Fuy,
1420 5254 1608 5376 fuy,
1642 5289 1798 5376 que
1836 5259 2092 5345 dessus
2132 5285 2275 5379 toy
2306 5290 2440 5345 ma
2470 5286 2934 5379 vangeance
2962 5249 3338 5344 n’éclate,

1175 5383 1337 5465 Ces
1367 5380 1665 5478 mains,
1705 5415 1835 5469 ces
1861 5380 2155 5470 foibles
2189 5383 2445 5470 mains
2483 5411 2639 5500 que
2675 5406 2877 5469 vont
2915 5401 3173 5464 armer
3217 5375 3329 5465 les
3359 5374 3627 5463 Dieux

1175 5499 1581 5590 N’auront
1619 5539 1777 5626 que
1825 5535 2014 5626 trop
2047 5508 2145 5594 de
2181 5509 2408 5595 force
2443 5504 2490 5594 à
2523 5500 2943 5594 t’arracher
2973 5500 3085 5590 les
3119 5531 3366 5621 yeux,

1180 5629 1372 5732 Que
1406 5655 1590 5746 trop
1634 5624 1674 5714 à
1708 5627 2186 5747 t’imprimer
2216 5633 2348 5719 fur
2380 5664 2470 5718 ce
2500 5628 2796 5720 hideux
2840 5628 3102 5746 visage

1180 5757 1305 5838 En
1338 5748 1565 5839 mille
1598 5753 1817 5840 traits
1856 5753 1959 5839 de
1990 5758 2183 5878 sang
2220 5753 2333 5843 les
2366 5784 2743 5878 marques
2776 5753 2881 5839 de
2914 5784 3053 5838 ma
3088 5779 3303 5875 rage-
