4058 6973
1670 1415 1881 1609 A

374 1840 3122 2273 MADAME

1109 2587 2575 2848 ADAME,

441 3783 3380 4128 Ie ſuis le plus embaraſſé homme

167 4073 3392 4417 du monde, lors qu'il me faut dédier

162 4387 3386 4692 vn Liure, & ie me trouue ſi peu

133 4645 3377 4984 fait au ſtyle d'Epiſtre Dedicatoire,

160 4947 3380 5273 que ie ne ſçay par où ſortir de celle-

172 5243 3375 5568 cy. Vn autre Autheur, qui ſeroit en

175 5504 3391 5814 ma place, trouueroit d’abord cent

177 5766 3393 6133 belles choſes à dire de VOSTRE

2255 6126 2640 6430 ã iij
