4073 7160
528 474 707 583 20

1005 296 3432 565 L’ESCOLE DES FEMMES,

1251 2083 3395 2465 ACTE II.

608 2763 3949 3108 SCENE PREMIERE.

1574 3320 3044 3531 ARNOLPHE.

1484 3712 4012 3968 L m’eſt, lors que i’y penſe, auantageux

1703 3944 2433 4105 ſans doute,

1506 4068 4016 4307 D’auoir perdu mes pas, & pû manquer

1733 4295 2290 4429 ſa route:

1538 4402 4025 4624 Car enfin, de mon cœur le trouble im¬

998 4671 1524 4844 perieux,

666 4752 3612 5020 N’euſt pu ſe renfermer tout entier à ſes yeux,

675 4937 3379 5179 Il euſt fait éclater l’ennuy qui me deuore,

678 5089 3804 5361 Et ie ne voudrois pas qu'il ſceût ce qu'il ignore.

689 5259 3812 5521 Mais ie ne ſuis pas Homme à gober le morceau,

692 5428 3995 5691 Et laiſſer vn champ libre aux vœux du Damoiſeau,

705 5596 4068 5867 I'en veux rompre le cours, & ſans tarder, apprendre

708 5775 3741 6035 Iuſqu'où l'intelligence entr'eux a pû s’étendre:

710 5936 3922 6201 I'y prens, pour mon honneur, vn notable intereſt,

717 6101 3999 6383 Ie la regarde en femme, aux termes quelle en eſt,
