4058 6998
466 949 2882 1279 PREFACE.

767 1446 3301 1696 IEN des gens ont frondé d’abord

791 1671 3310 1867 cette Comedie: mais les rieurs ont

800 1859 3317 2115 eſté pour elle, & tout le mal qu'on

803 2059 3317 2317 en a pu dire, n'a pû faire qu'elle

102 2271 3328 2487 n'ait eu vn ſuccez, dont ie me contente. Ie

107 2480 3327 2727 ſçay qu’on attend de moy, dans cette im¬

114 2676 3333 2929 preſſion, quelque Preface, qui reſponde

116 2888 3337 3103 aux cenſeurs, & rende raiſon de mon Ou¬

121 3091 3342 3330 urage; & ſans doute que ie ſuis aſſez rede¬

120 3297 3346 3537 uable à toutes les perſonnes, qui luy ont

134 3522 3329 3747 donné leur approbation, pour me croire o¬

134 3714 3338 3949 bligé de deffendre leur iugement, contre ce¬

131 3910 3333 4147 luy des autres: mais il ſe trouue qu'vne

144 4128 3337 4354 grande partie des choſes, que i'aurois à di¬

140 4311 3346 4546 re ſur ce ſuiet, eſt deja dans vne Diſſerta¬

143 4523 3368 4754 tion, que i’ay faite en Dialogue, & dont

144 4716 3352 4956 ie ne ſçay encore ce que ie feray. L’idée de

149 4925 3371 5159 ce Dialogue, ou ſi l'on veut, de cette petite

160 5116 3352 5366 Comedie, me vint aprés les deux ou trois

159 5343 3376 5539 premieres repreſentations de ma Piece; Ie la

169 5512 3351 5717 dis cette idée dans vne maiſon où ie me trou¬

178 5718 3332 5966 uay vn ſoir, & d’abord vne perſonne de qua¬

183 5896 3352 6156 lité, dont l’eſprit eſt aſſez connû dans le
