4058 6923
570 331 3404 534 26 L’ESCOLE DES FEMMES,

1702 509 2942 655 ARNOLPHE.

1864 663 3752 877 C’eſt dommage: mais quoy

590 826 4014 1052 Nous ſommes tous mortels, & chacun eſt pour ſoy.

594 994 4024 1214 Lors que i’eſtois aux champs n’a-t’il point fait de

842 1218 1290 1377 pluye?

1878 1338 2645 1477 AGNES.

600 1552 949 1680 Non.

1730 1672 2983 1817 ARNOLPHE.

1298 1847 2560 2024 Vous ennuyoit-il?

1932 2007 2715 2145 AGNES.

2232 2167 3803 2355 Iamais ie ne m’ennuye.

1688 2345 2897 2489 ARNOLPHE.

585 2491 3929 2688 Qu'auez-vous fait encor ces neuf ou dix iours-ci?

1936 2686 2701 2813 AGNES.

593 2829 3419 3034 Six chemiſes, ie penſe, & ſix coiffes auſſi.

1701 2998 4035 3191 ARNOLPHE ayant vn peu refuſé.

589 3163 3815 3378 Le monde, chere Agnes, eſt vne eſtrange choſe.

599 3335 3629 3546 Voyez la médiſance, & comme chacun cauſe.

609 3500 4039 3714 Quelques Voiſins m’ont dit: qu’vn ieune homme in¬

800 3750 1275 3858 connu,

617 3841 3437 4034 Eſtoit en mon abſence à la maiſon venu;

637 4005 3913 4222 Que vous auiez ſouffert ſa veuë & ſes harangues.

637 4174 4053 4382 Mais ie nay point pris foy ſur ces méchantes lan¬

873 4415 1299 4547 gues;

619 4513 3771 4724 Et i’ay voulu gager que c’eſtoit fauſſement....

1955 4703 2745 4836 AGNES.

637 4847 3967 5056 Mon Dieu, ne gagez pas, vous perdriez vrayment.

1743 5031 2974 5171 ARNOLPHE.

639 5185 3302 5394 Quoy! c’eſt la vérité qu'vn homme...

2003 5371 2754 5508 AGNES.

3053 5516 3846 5666 Choſe ſeure.

647 5691 3781 5904 Il n'a preſque bougé de chez nous, ie vous iure.

1673 5866 3361 6040 ARNOLPHE à part.

657 6037 3117 6234 Cet adueu qu’elle fait auec ſincerité,

661 6194 3513 6424 Me marque pour le moins ſon ingenuité.
