4038 6834
1525 280 3102 509 EPISTRE.

726 572 3912 874 ALTESSE ROYALE, ſur le

716 864 3889 1138 titre de L’ECOLE DES FEMMES,

738 1148 3915 1466 & l'offre qu'il vous en feroit. Mais

703 1460 3905 1758 pour moy, MADAME, ie vous

725 1720 3910 2034 auoüe mon foible. Ie ne ſçay point

723 2012 3912 2314 cét art de trouuer des rapports entre

712 2300 3914 2614 des choſes ſi peu proportionnées; &

714 2580 3919 2906 quelques belles lumieres, que mes

727 2864 3917 3186 Confreres les Autheurs me donnent

713 3160 3915 3470 tous les iours ſur de pareils ſujets, ie

711 3476 3916 3758 ne voy point ce que VOSTRE

704 3744 3930 4046 ALTESSE ROYALE pourroit

710 4020 3924 4314 auoir à démeſler auec la Comedie

704 4316 3917 4634 que ie luy preſente. On n'eſt pas en

677 4608 3935 4926 peine, ſans doute, comment il faut

659 4896 3925 5206 faire pour vous loüer. La matiere,

701 5184 3918 5498 MADAME, ne ſaute que trop aux

710 5472 3928 5786 yeux, & de quelque coſté qu’on

700 5760 3922 6070 vous regarde, on rencontre Gloire
