4058 6907
1157 256 2452 488 COMEDIE

3345 414 3501 558 23

750 1085 2869 1444 SCENE III.

578 1570 3093 1892 ALAIN, GEORGETTE.

1112 1932 2482 2137 GEORGETTE.

1334 2128 3442 2509 MOn Dieu, qu’il eſt terrible!

175 2396 3436 2694 Ses regards m'ont fait peur, mais vne peur horrible,

164 2534 2979 2863 Et iamais ie ne vis vn plus hideux Chreſtien.

1431 2783 2147 2943 ALAIN.

170 2863 2805 3161 Ce Monſieur l’a fâché, ie te le diſois bien.

1092 3080 2496 3301 GEORGETTE.

153 3179 3301 3552 Mais que diantre eſt-ce là, qu’auec tant de rudeſſe

157 3348 3042 3701 Il nous fait au logis garder noſtre Maiſtreſſe?

154 3514 3396 3885 D'où vient qu’à tout le monde il veut tant la cacher,

152 3679 3165 4041 Et qu'il ne ſçauroit voir perſonne en approcher?

1416 3946 2139 4105 ALAIN.

150 4028 2677 4343 C’eſt que cette action le met en jalouſie.

1068 4253 2453 4462 GEORGETTE.

137 4348 3007 4693 Mais d'où vient qu’il eſt pris de cette fantaiſie?

1392 4609 2111 4764 ALAIN.

130 4683 3086 5019 Cela vient.... Cela vient, de ce qu'il eſt jaloux.

1053 4918 2404 5107 GEORGETTE.

124 5012 3360 5367 Oüy: mais pourquoy l’eſt-il? & pourquoy ce couroux?

1373 5262 2071 5422 ALAIN.

119 5338 3255 5676 C’eſt que la jalouſie.... Entens-tu bien, Georgette,

107 5498 3125 5841 Eſt vne choſe.... la.... qui fait qu’on s’inquiete....

104 5660 2863 5989 Et qui chaſſe les gens d’autour d'vne maiſon.

104 5818 2630 6150 Ie m'en vais te bailler vne comparaiſon,
