4058 6899
1147 280 3563 531 COMEDIE. 13

1530 500 2256 631 AGNES.

1414 659 3265 864 Oüy, Monſieur, Dieu mercy.

1279 825 2499 968 ARNOLPHE.

269 963 3038 1188 Et moy de vous reuoir, ie ſuis bien aiſe auſſi:

261 1127 3506 1366 Vous vous eſtes toûjours, cõme on voit, bien portée?

1517 1328 2261 1453 AGNES.

265 1457 2952 1682 Hors les puces, qui m'ont la nuit inquietée.

1264 1651 2500 1790 ARNOLPHE.

268 1784 3513 2024 Ah! vous aurez dans peu quelqu'vn pour les chaſſer.

1517 1982 2261 2114 AGNES.

253 2107 1624 2306 Vous me ferez plaiſir.

1230 2306 2470 2454 ARNOLPHE.

1749 2477 3095 2675 Ie le puis bien penſer.

253 2605 1832 2791 Que faites-vous donc là?

1497 2812 2238 2941 AGNES.

1630 2973 3204 3146 Ie me fais des Cornettes,

244 3103 3309 3312 Vos Chemiſes de nuit, & vos Coiffes ſont faites.

1231 3300 2481 3446 ARNOLPHE.

239 3433 3238 3668 Ha! voila qui va bien; allez, montez là-haut,

237 3605 3174 3829 Ne vous ennuyez point, ie reuiendray tantoſt,

230 3765 2903 3989 Et ie vous parleray d'affaires importantes.

1096 3958 2301 4143 Tous eſtans rentrez.

229 4099 3100 4326 Héroïnes du temps, Meſdames les Sçauantes,

226 4255 3118 4458 Pouſſeuſes de tendreſſe & de beaux ſentimens,

222 4419 3003 4628 Ie défie à la fois tous vos Vers, vos Romans,

221 4591 3223 4800 Vos Lettres, Billets doux, toute voſtre Science,

217 4747 3208 4992 De valoir cette honneſte & pudique ignorance.
