4144 7057
573 265 3488 595 24 L’ESCOLE DES FEMMES,

603 486 3038 765 Afin de conceuoir la choſe dauantage.

600 616 3901 951 Dis-moy, n'eſt-il pas vray, quãd tu tiens ton potage,

587 795 3569 1100 Que ſi quelque affamé venoit pour en manger,

620 970 3379 1270 Tu ſerois en colere, & voudrois le charger?

1592 1160 2997 1347 GEORGETTE.

638 1362 2128 1599 Oüy, ie comprens cela.

1945 1507 2693 1661 ALAIN.

1947 1627 3784 1867 C’eſt juſtement tout comme.

652 1793 3628 2097 La Femme eſt en effet le potage de l'Homme;

656 1950 3959 2271 Et quand vn Homme voit d'autres Hõmes par fois,

664 2116 3979 2455 Qui veulent dans ſa ſoupe aller tremper leurs doigts,

673 2307 3467 2563 Il en montre auſſi-toſt vne colere extréme.

1646 2501 3064 2686 GEORGETTE.

698 2621 3996 2938 Oüy: mais pourquoy chacun n'ẽ fait-il pas de méme?

696 2806 3579 3104 Et que nous en voyons qui paroiſſent joyeux,

702 2956 4004 3272 Lors que leurs Femmes ſont auec les biaux Monſieux?

1983 3185 2724 3342 ALAIN.

726 3304 3655 3610 C’eſt que chacun n’a pas cette amitié gouluë,

720 3508 2517 3776 Qui n'en veut que pour ſoy.

1670 3674 3122 3864 GEORGETTE.

2412 3818 3669 4041 Si ie n’ay la berluë,

744 4041 2129 4288 Ie le voy qui reuient.

2057 4197 2788 4359 ALAIN.

1918 4316 3814 4574 Tes yeux ſont bons, c’eſt luy.

1722 4524 3142 4715 GEORGETTE.

783 4706 2502 4965 Voy comme il eſt chagrin.

2084 4873 2827 5049 ALAIN.

2275 4992 3801 5232 C’eſt qu’il a de l’ennuy.

3385 6130 4133 6355 SCENE
