4058 6834
1668 154 3165 428 EPISTRE.

802 420 3983 843 pour qui ie ſuis, & dont ie ſens fort

818 709 3972 1123 bien que ie ne me pourray taire

799 993 3964 1411 quelque iour. Mais encore vne fois,

788 1276 3961 1683 MADAME, ie ne ſçay point le biais

776 1564 3937 1974 de faire entrer icy des veritez ſi

761 1844 3930 2246 éclatantes, & ce ſont choſes, à mon

738 2139 3902 2537 aduis, & d’vne trop vaſte eſtendüe,

738 2415 3907 2834 & d’vn merite trop releué, pour les

715 2695 3884 3117 vouloir renfermer dans vne Epiſtre,

719 2987 3880 3401 & les meſler auec des bagatelles.

680 3270 3861 3677 Tout bien conſideré, MADAME,

676 3566 3857 3977 Ie ne voy rien à faire icy pour moy,

669 3838 3854 4257 que de vous Dédier ſimplement ma

665 4142 3846 4549 Comedie, & de vous aſſeurer auec

641 4421 3827 4840 tout le reſpect, qu'il m'eſt poßible, que

629 4713 3811 5060 ie ſuis de VOSTRE ALTESSE

616 5009 1785 5283 ROYALE,

602 5432 1704 5652 MADAME,

873 5751 3770 6051 Le tres-humble, tres-obeiſſant, & tres-

1175 5968 3746 6280 obligé ſeruiteur I.B. MOLIERE.
