4058 7006
562 246 3434 515 6 L'ESCOLE DES FEMMES,

1536 535 2913 704 CHRISALDE,

561 747 2097 951 Ie ne vous dis plus mot.

1648 959 2911 1119 ARNOLPHE.

1977 1132 3461 1290 Chacun a ſa methode.

567 1285 3912 1534 En Femme, comme en tout, ie veux ſuiure ma mode;

561 1460 3729 1712 Ie me voy riche aſſez, pour pouvoir, que ie croy,

573 1632 3482 1869 Choiſir vne moitié, qui tienne tout de moy.

569 1800 3390 2036 Et de qui la ſoûmise, & pleine dépendance,

575 1960 3618 2202 N'ait à me reprocher aucun bien, ny naiſſance.

573 2126 3536 2370 Vn air doux, & poſé, parmy d’autres enfans,

579 2292 3636 2536 M'inſpira de l’amour pour elle, dés quatre ans:

585 2462 3222 2695 Sa Mere ſe trouuant de pauureté preſſée,

599 2628 3246 2863 De la luy demander il me vint la penſée.

591 2788 3468 3033 Et la bonne Payſanne, apprenant mon deſir,

591 2960 3554 3199 A s'oſter cette charge eut beaucoup de plaiſir.

593 3127 3626 3367 Dans vn petit Couuent, loin de toute pratique,

601 3313 2871 3535 Ie la fis éleuer, ſelon ma politique,

615 3450 3835 3703 C'eſt à dire ordonnant quels ſoins on employroit,

615 3624 3589 3871 Pour la rendre idiote autant qu’il ſe pourroit.

619 3800 3405 4035 Dieu mercy, le ſuccés a ſuiuy mon attente,

613 3963 3623 4207 Et grande, ie l'ay veuë à tel poinct innocente,

621 4133 3627 4367 Que i'ay beny le Ciel d'auoir trouué mon fait,

637 4292 3893 4539 Pour me faire vne Femme au gré de mon ſouhait.

632 4477 3475 4703 Ie l'ay donc retirée; & comme ma demeure

640 4632 3829 4867 A cent ſortes de monde eſt ouuerte à toute heure,

644 4802 3845 5043 le I'ay miſe à l’écart, comme il faut tout préuoir.

642 4967 3893 5201 Dans cette autre Maiſon, où nul ne me vient voir;

652 5151 3399 5377 Et pour ne point gaſter ſa bonté naturelle,

656 5304 3825 5557 Ie n’y tiens que des gens tout auſſi ſimples qu'elle.

662 5488 3339 5716 Vous me direz pourquoy cette narration?

678 5642 3845 5892 C'eſt pour vous rendre inſtruit de ma précaution.

674 5820 3347 6054 Le reſultat de tout, eſt qu’en Amy fidelle,

684 5982 3338 6238 Ce ſoir, ie vous inuite à ſouper auec elle:
