4058 6899
1216 255 3526 478 COMEDIE. 15

269 446 2858 636 I'admire de le voir au poinct où le voila,

256 612 3073 811 Apres que ie l’ay veu pas plus grand que cela.

1412 793 2368 925 HORACE.

268 970 1033 1128 Vous voyez.

1264 1124 2494 1257 ARNOLPHE.

1016 1290 3293 1466 Mais, de grâce, Oronte voſtre Pere,

237 1445 3158 1625 Mon bon & cher Amy, que i’eſtime & reuere,

236 1613 3243 1798 Que fait-il? que dit-il? eſt-il toûjours gaillard?

235 1773 3248 1964 A tout ce qui le touche, il ſçait que ie prens part.

230 1941 3491 2123 Nous ne nous sõmes veus depuis quatre ans ensẽble,

1361 2124 2340 2242 HORACE.

226 2267 3235 2460 Ny, qui plus eſt, écrit l'vn à l'autre, me ſemble.

221 2415 3472 2627 Il eſt, Seigneur Arnolphe, encor plus gay que nous,

222 2597 2863 2784 Et i'auois de ſa part vne Lettre pour vous;

217 2763 3310 2954 Mais depuis par vne autre il m’apprend ſa venuë,

212 2925 2835 3111 Et la raiſon encor ne m’en eſt pas connuë.

207 3095 3250 3286 Sçauez-vous qui peut-eſtre vn de vos Citoyens,

208 3251 3297 3444 Qui retourne en ces lieux auec beaucoup de biens,

203 3415 3474 3617 Qu'il s'eſt en quatorze ans acquis dans l'Amerique?

1226 3608 2445 3735 ARNOLPHE.

193 3741 3244 3946 Non: Vous a-t'on point dit cõme on le nomme?

1344 3938 2307 4070 HORACE.

2901 4110 3454 4273 Enrique.

1178 4273 2413 4403 ARNOLPHE.

189 4409 514 4541 Non.

1298 4604 2275 4734 HORACE.

631 4760 3230 4948 Mon Pere m'en parle, & qu’il eſt reuenu,

184 4907 3107 5081 Comme s'il deuoit m'eſtre entierement connu,

173 5069 3440 5267 Et m’écrit qu’en chemin enſemble ils ſe võt mettre,

174 5231 3249 5442 Pour vn fait important que ne dit point ſa Lettre,

1187 5433 2432 5563 ARNOLPHE.

170 5551 2889 5762 I’auray certainement grande joye à le voir,

169 5713 2708 5933 Et pour le regaler, ie feray mon pouuoir.

640 5930 2237 6098 Apres auoir leu la Lettre.
