4058 7031
1660 189 3205 405 PREFACE.

813 389 4043 683 monde, & qui me fait l’hõneur de m’aymer,

798 575 4031 891 trouva le projet aſſez à ſon gré, non ſeule¬

807 794 4052 1105 ment pour me ſolliciter d’y mettre la main,

804 992 4040 1284 mais encore pour l’y mettre luy-meſme, &

799 1209 4049 1479 ie fus eſtonné que deux iours aprés il me

797 1401 4049 1662 monſtra toute l’affaire executée, d’vne ma¬

794 1606 4043 1886 niere, à la vérité, beaucoup plus Galante, &

790 1806 4039 2118 plus Spirituelle, que ie ne puis faire, mais

800 2024 4036 2292 où ie trouuay des choſes trop aduantageuſes

787 2218 4053 2526 pour moy, & i’eus peur, que ſi ie produiſois

784 2439 4025 2723 cét Ouurage ſur noſtre Theatre, on ne m’ac¬

777 2629 4042 2902 cuſaſt d’abord d’avoir mendié les loüanges,

774 2838 4030 3134 qu’on m'y donnoit. Cependant cela m'em¬

779 3048 4043 3350 peſcha, par quelque conſideration, d’ache¬

783 3252 4037 3572 uer ce que i'auois commencé; mais tant de

792 3457 4026 3781 gens me preſſent tous les jours de le faire,

777 3679 4025 3982 que ie ne ſçay ce qui en ſera, & cette incer¬

773 3883 4030 4162 titude eſt cauſe, que ie ne mets point dans

775 4083 4015 4367 cette Preface, ce qu’on verra dãs la Critique,

775 4283 4012 4597 en cas que ie me reſolue à la faire paroiſtre.

767 4493 4016 4795 S’il faut que cela ſoit, ie le dis encore, ce ſe¬

765 4693 4025 4991 ra ſeulement pour vanger le public du cha¬

761 4931 4022 5214 grin delicat de certaines gens; car pour moy

758 5094 4011 5382 ie m’en tiens aſſez vangé par la Reuſſite de

760 5300 3999 5579 ma Comedie, & ie ſouhaite que toutes cel¬

758 5505 4021 5824 les, que ie pourray faire, ſoient traittées

756 5708 4041 6018 par eux, comme celle-cy, pourueu que le

758 5950 2394 6156 reſte ſuiue de meſme.
