4058 7195
476 283 3410 593 22 L’ESCOLE DES FEMMES,

473 487 3516 794 Quiconque remûra, par la mort, ie l'aſſomme.

487 641 3874 953 Cõme eſt-ce que chez moy s’eſt introduit cet Hõme?

488 820 3705 1136 Eh? parlez, dépeſchez, viſte, promptement, toſt,

498 1055 2235 1271 Sans reſver, veut-on dire?

1002 1342 3444 1581 ALAIN & GEORGETTE.

2026 1714 2544 1889 Ah, ah.

1490 2050 2980 2241 GEORGETTE.

2463 2192 3612 2373 Le cœur me faut,

1894 2406 2653 2564 ALAIN.

562 2641 1182 2792 Ie meurs.

1627 2740 2930 2926 ARNOLPHE.

1259 3049 3867 3316 Ie ſuis en eau, prenons vn peu d'haleine,

582 3233 3664 3524 Il faut que ie m'éuente, & que ie me promeine.

582 3418 3267 3696 Aurois-je deuiné, quand ie l'ay veu petit,

584 3558 3959 3862 Qu'il croiſtroit pour cela? Ciel! que mõ cœur pâtit!

593 3741 3777 4032 Ie penſe qu'il vaut mieux que de ſa propre bouche

595 3921 3451 4196 Ie tire auec douceur l'affaire qui me touche:

605 4098 3277 4333 Tâchons à modérer noſtre reſſentiment.

612 4266 3594 4523 Patience, mon cœur, doucement, doucement,

612 4418 3921 4717 Leuez-vous, & rentrant, faites qu’Agnés deſcende.

617 4589 3995 4887 Arreſtez. Sa ſurpriſe en deuiendroit moins grande.

617 4765 3737 5058 Du chagrin qui me trouble, ils iroient l'auertir;

626 4957 3332 5219 Et moy-méme ie veux l'aller faire ſortir.

634 5165 2193 5405 Que l'on m'attende icy.
