4058 6866
1148 345 3467 575 COMEDIE. 3

183 518 2773 720 L'vne de ſon Galant, en adroite Femelle,

185 674 2956 905 Fait fauſſe confidence à ſon Eſpoux fidelle,

186 860 2673 1062 Qui dort en ſeureté ſur vn pareil appas,

181 1002 3364 1249 Et le plaint, ce Galant, des ſoins qu il ne perd pas.

182 1178 2915 1408 L'autre, pour ſe purger de ſa magnificence,

183 1336 3292 1579 Dit qu'elle gagne au jeu l'argent qu'elle depenſe;

180 1510 2791 1732 Et le Mary beneſt, ſans ſonger à quel jeu,

185 1674 3264 1909 Sur les gains qu'elle fait, rend des graces à Dieu,

184 1844 2842 2061 Enfin ce ſont par tout des ſujets de Satyre,

177 2006 3011 2230 Et comme Spectateur, ne puis-je pas en rire?

184 2180 1804 2374 Puis-je pas de nos Sots....

1153 2362 2487 2513 CHRISALDE.

1342 2518 3108 2722 Oüy: mais qui rit d’autruy,

177 2664 3309 2896 Doit craindre, qu’en reuanche, on rie auſſi de luy.

176 2826 3254 3059 I'entens parler le monde, & des gens ſe délaſſent

177 2998 2643 3212 A venir debiter les choſes qui ſe paſſent:

172 3158 3420 3394 Mais quoy que l’on diuulgue aux endroits ou ie ſuis,

167 3324 3047 3547 Iamais on ne m’a veu triompher de ces bruits;

171 3484 3194 3718 I’y ſuis aſſez modeſte; & bien qu’aux occurences

153 3646 2749 3860 Ie puiſſe condamner certaines tolerances;

152 3820 3084 4014 Que mon deſſein ne ſoit de ſouffrir nullement,

162 3986 3075 4206 Ce que d'aucuns Maris ſouffrent paiſiblement,

153 4150 2724 4361 Pourtant ie n’ay iamais affecté de le dire;

153 4306 3027 4527 Car enfin il faut craindre vn reuers de Satyre,

141 4472 2820 4693 Et l'on ne doit iamais jurer, ſur de tels cas,

142 4640 3013 4857 De ce qu’on pourra faire, ou bien ne faire pas.

143 4796 3368 5031 Ainſi quand à mon front, par vn ſort qui tout meine,

134 4956 2767 5188 Il ſeroit arriué quelque diſgrace humaine;

133 5136 2820 5353 Apres mon procedé, ie ſuis preſque certain

129 5282 2853 5492 Qu'on ſe contentera de s’en rire ſous-main;

129 5450 2866 5680 Et peut-eſtre qu’encor i’auray cet auautage,

120 5610 3351 5857 Que quelques bonnes gens diront, que c’eſt dõmage!

131 5776 3198 6014 Mais de vous, cher Compere, il en eſt autrement;

132 5932 2965 6180 Ie vous le dis encor, vous riſquez diablement.

2573 6180 2904 6378 A ij
