4058 6907
3376 396 3519 495 21

1212 295 2613 470 COMEDIE.

245 467 3020 683 Elle n’a pû faillir, ſans me couurir de honte,

241 631 3363 854 Et tout ce qu’elle a fait, enfin eſt ſur mon compte.

243 794 3518 1026 Eloignement fatal! Voyage malheureux! Frapant à

2961 1027 3497 1189 la porte.

815 1683 2860 1941 SCENE II.

560 2153 3115 2390 ALAIN, GEORGETTE,

1103 2379 2522 2551 ARNOLPHE.

1447 2639 2173 2772 ALAIN.

492 2776 2078 2933 AH! Monſieur, cette fois..

1208 2967 2430 3120 ARNOLPHE.

1425 3133 3140 3330 Paix. Venez-çà tous deux:

198 3248 3035 3491 Paſſez-là, paſſez-là. Venez-là, venez dis-je.

1131 3459 2498 3607 GEORGETTE.

196 3579 3269 3829 Ah! vous me faites peur, & tout mon ſang ſe fige.

1174 3793 2407 3938 ARNOLPHE.

196 3908 3107 4147 C’eſt donc ainſi, qu'abſent, vous m’auez obey,

184 4068 3336 4313 Et tous deux, de concert, vous m’auez donc trahy?

1079 4281 2464 4433 GEORGETTE.

177 4389 3307 4642 Eh ne me mangez pas, Monſieur, ie vous conjure.

1271 4611 2401 4788 ALAIN à part.

169 4722 3132 4964 Quelque Chien enragé l'a mordu, ie m’aſſeure.

1151 4940 2384 5077 ARNOLPHE.

172 5042 2879 5290 Ouf. Ie ne puis parler, tant ie ſuis préuenu,

164 5203 3121 5460 Ie ſuffoque, & voudrois me pouuoir mettre nû.

163 5370 2959 5600 Vous auez donc ſouffert, ô canaille maudite,

157 5518 3382 5788 Qu'vn Hõme soit venu.... Tu veux prendre la fuite?

155 5684 3314 5951 Il faut que ſur le champ... Si tu bouges.... Ie veux

149 5850 3383 6131 Que vous me diſiez... Euh? Oüy, ie veux que to9 deux...
