4058 6866
1213 348 3511 565 COMEDIE. 27

92 485 3502 744 Mais il me ſemble, Agnés, ſi ma memoire eſt bonne,

91 655 3162 878 Que i'auois defendu que vous viſſiez perſonne.

1385 861 2132 997 AGNES.

95 994 3511 1239 Oüy: mais quand ie l'ay veu, vous ignorez pourquoy,

80 1155 3349 1396 Et vous en auriez fait, ſans doute, autant que moy.

1176 1345 2365 1501 ARNOLPHE.

96 1483 3407 1730 Peut-eſtre: mais enfin, contez-moy cette Hiſtoire.

1385 1687 2146 1829 AGNES.

86 1814 2854 2016 Elle eſt fort eſtonnante & difficile à croire.

92 1983 2832 2182 I’eſtois ſur le Balcon à trauailler au frais:

81 2143 2989 2389 Lors que ie vis paſſer ſous les arbres d'auprés

89 2325 3501 2571 Vn ieune homme bien fait, qui rẽcontrant ma veuë,

83 2486 2966 2687 D’vne humble reuerence auſſi-toſt me ſaluë,

90 2649 2844 2894 Moy, pour ne point manquera la ciuilité,

87 2811 2554 3012 Ie fis la reuerence auſſi de mon coſté.

91 2988 2887 3207 Soudain, il me refait vne autre reuerence.

88 3157 3359 3400 Moy, i'en refais de meſme vne autre en diligence;

84 3314 2891 3548 Et luy d’vne troiſieſme auſſi-toſt repartant,

89 3484 2947 3737 D’vne troiſieſme auſſi i’y repars à l’inſtant.

85 3651 3104 3891 Il paſſe, vient, repaſſe, & touſiours de plus belle

93 3812 2880 4058 Me fait à chaque fois reuerence nouuelle.

85 3983 3178 4227 Et moy, qui tous ces tours fixement regardois.

89 4156 2631 4385 Nouuelle reuerence auſſi ie luy rendois.

82 4320 2985 4555 Tant, que ſi ſur ce point la nuit ne fut venuë,

80 4488 2867 4705 Toûjours comme cela ie me ſerois tenuë.

84 4654 2981 4879 Ne voulant point ceder & receuoir l’ennuy,

86 4818 2947 5050 Qu'il me puſt eſtimer moins ciuile que luy.

1132 5023 2354 5172 ARNOLPHE.

81 5141 698 5285 Fort bien.

1428 5355 2177 5498 AGNES.

820 5495 3256 5696 Le lendemain eſtant ſur noſtre porte,

93 5638 2986 5882 Vne vieille m’aborde en parlant de la ſorte.

95 5802 3174 6051 Mon enfant, le bon-Dieu puiſſe-t'il vous benir,

93 5953 3483 6237 Et dans tous vos attraits long-tẽps vous maintenir.

2529 6211 2843 6372 B ij
