4058 7091
546 304 3421 558 18 L’ESCOLE DES FEMMES,

1366 522 3095 721 ARNOLPHE à part,

1815 695 2644 840 Ah! ie creue.

1659 838 3897 1039 HORACE, Pour l'Homme,

570 1004 3909 1248 C’eſt, ie croy, de la Zouſſe, ou Souche, qu'on le nõme,

566 1187 3143 1416 Ie ne me ſuis pas fort arreſté ſur le nom;

575 1336 3918 1588 Riche, à ce qu’on m'a dit, mais des plus ſenſez, non,

571 1524 3303 1746 Et l'on m'en a parlé comme d'vn Ridicule.

580 1717 2289 1914 Le connoiſſez-vous point?

1351 1864 3104 2068 ARNOLPHE à part.

2332 2021 3548 2218 La fâcheuſe pilule!

1790 2217 2781 2363 HORACE.

590 2403 2097 2572 Eh! vous ne dites mot.

1639 2555 2888 2710 ARNOLPHE.

2166 2704 3544 2901 Eh oüy, ie le connoy.

1776 2899 2785 3046 HORACE.

644 3072 2245 3269 C’eſt vn fou, n’eſt-ce pas?

1657 3232 2951 3390 ARNOLPHE.

1932 3409 2293 3544 Eh....

1780 3573 2770 3728 HORACE.

2139 3715 3754 3916 Qu'en dites-vous? quoy?

621 3892 3250 4113 Eh? c’eſt à dire oüy. Ialoux? à faire rire.

622 4054 3641 4291 Sot? ie voy qu'il en eſt ce que l'on m'a pû dire.

624 4230 3357 4455 Enfin l'aimable Agnés a ſceu m’aſſujettir,

639 4394 3714 4625 C'eſt vn joly bijou, pour ne vous point mentir,

623 4572 3236 4795 Et ce ſeroit peché, qu’vne Beauté ſi rare

634 4731 3577 4957 Fut laiſſée au pouuoir de cet Homme bizarre.

637 4889 4000 5133 Pour moy, tous mes efforts, to9 mes vœux les pl9 doux,

639 5069 3700 5305 Vont à m'en rendre maiſtre, en dépit du jaloux;

646 5223 3885 5479 Et l'argent que de vous i'emprunte auec franchiſe,

650 5391 3909 5639 N'eſt que pour mettre à bout cette juſte entrepriſe.

659 5560 4036 5819 Vo9 ſçauez mieux que moi quelsque ſoiẽt nos efforts,

665 5727 3898 5985 Que l'argent eſt la clef de tous les grands reſſorts,

672 5909 3581 6153 Et que ce doux metal qui frape tant de teſtes,

674 6066 4037 6321 En amour, comme en guerre, auance les conqueſtes.
