4058 7048
623 694 2802 1043 Extrait du Priuilege du Roy.

90 999 3348 1687 PAR Grace & Priuilege du Roy, donné à

566 1177 3343 1517 Paris, le 4. Feurier 1663, Signé par le Roy

571 1335 3346 1657 en ſon Conſeil, GVITONNEAV. Il eſt

65 1513 3350 1862 permis à GVILLAVME DE LVYNE Mar¬

84 1671 3358 2023 chand Libraire de Noſtre bonne Ville de Paris, de

90 1839 3362 2219 faire imprimer vne Piece de Theatre, de la Compo¬

95 2012 3371 2381 ſition du Sieur MOLIERE Intitulée: L'Eſcole

109 2184 3378 2555 des Femmes, pendant le temps de ſix années; Et

120 2346 3384 2724 deffences ſont faites à toutes perſonnes de quelque

131 2522 3396 2894 qualité & condition qu’ils ſoient, d’imprimer, ven¬

131 2651 3412 3092 dre ny debiter ladite Comedie de L'Eſcole des Fem¬

147 2858 3400 3224 mes, à peine de mil liures d’amande, & de tous deſ¬

155 3025 3418 3405 pens, dommages & intereſts: Comme il eſt plus

159 3255 2486 3571 amplement porté par leſdites Lettres.

380 3620 3434 3983 Acheué d'imprimer pour la premiere fois, le 17.

183 3948 893 4151 Mars 1663.

683 4218 2943 4540 Les Exemplaires ont eſté fournis.

455 4608 3484 4958 Regiſtré ſur le Liure de la Communauté des Mar¬

237 4777 3283 5148 chands Libraires & Imprimeurs, le 16. Mars 1663.

1533 4938 3496 5240 Signé, DVBRAY. Syndic.

425 5384 3521 5755 Et ledit DE LVYNE a fait part du Priuilege

274 5553 3534 5921 cy-deſſus, aux Sieurs SERCY, IOLY, BILLAINE,

286 5723 3538 6088 LOYSON, GVIGNARD, BARBIN, &

298 5885 3547 6270 QVINET, pour en joüir le temps porté par

295 6206 723 6420 iceluy.
