4058 6973
810 188 2401 475 EPISTRE.

56 455 3265 901 ſur Gloire, & qualitez ſur quali¬

102 759 3286 1151 tez. Vous en auez, MADAME,

116 1047 3300 1463 du coſté du rang, & de la naiſſan¬

125 1339 3314 1754 ce, qui vous font reſpecter de toute

155 1638 3342 2022 la terre. Vous en auez du coſté des

165 1935 3325 2329 Graces, & de l'Eſprit, & du Corps,

174 2226 3363 2637 qui vous font admirer de toutes les

156 2533 3376 2922 perſonnes, qui vous voyent. Vous en

197 2809 3389 3213 auez du coſté de l'ame, qui, ſi l'on

219 3105 3407 3508 oſe parler ainſi, vous font aymer de

237 3400 3421 3800 tous ceux qui ont l'honneur d'appro¬

237 3668 3427 4008 cher de vous: Ie veux dire cette dou¬

247 3976 3435 4360 ceur pleine de Charmes, dont vous

261 4264 3453 4672 daignez temperer la fierté des

247 4564 3443 4968 grands titres que vous portez; cet¬

279 4831 3476 5251 te bonté toute obligeante; cette af¬

261 5111 3494 5548 fabilité genereuſe, que vous faites

283 5427 3506 5811 paroiſtre pour tout le monde: Et

328 5703 3500 6106 ce ſont particulierement ces dernieres

2379 6026 2894 6324 ã iiij
