4058 7014
567 336 3421 646 4 L’ESCOLE DES FEMMES,

571 527 3429 785 Comme ſur les Maris accuſez de ſouffrance,

565 685 3877 971 De tout temps voſtre langue a daubé d’importance,

563 859 3698 1109 Qu’on vous a veu contr’eux vn Diable déchainé;

569 1015 3883 1301 Vous deuez marcher droit, pour n’eſtre point berné;

569 1189 3661 1467 Et s’il faut que ſur vous on ait la moindre priſe,

587 1356 3587 1637 Gare qu’aux Carrefours on ne vous tympaniſe,

582 1637 916 1771 Et....

1604 1715 2894 1886 ARNOLPHE.

745 1840 3909 2119 Mon Dieu, noſtre Amy, ne vous tourmẽtez point;

585 2020 3637 2299 Bien hupé qui pourra m’attraper ſur ce poinct.

591 2190 3479 2471 Ie ſçay les tours ruſez, & les ſubtiles trames,

591 2338 3919 2631 Dont, pour nous en plãter, ſçauent vſer les Femmes,

609 2531 3357 2795 Et comme on eſt dupé par leurs dexteritez;

611 2697 3337 2959 Contre cet accident i'ay pris mes ſeuretez,

604 2865 3243 3131 Et celle que i'épouſe, a toute l’innocence

607 3015 3757 3299 Qui peut ſauuer mon front de maligne influence.

1620 3215 2963 3383 CHRISALDE.

609 3350 3831 3637 Et que pretendez-vous qu’vne Sotte en vn mot...

1658 3553 2915 3718 ARNOLPHE.

619 3699 3547 3979 Epouſer vne Sotte, eſt pour n’eſtre point Sot:

618 3838 3954 4131 Ie crois, en bon Chreſtien, voſtre moitié fort ſage;

624 4017 3763 4303 Mais vne Femme habile eſt vn mauuais préſage,

632 4194 3517 4477 Et ie ſçay ce qu’il couſte à de certaines gens,

643 4368 3507 4635 Pour auoir pris les leurs auec trop de talens.

638 4539 3333 4805 Moy i’irois me charger d'vne Spirituelle,

644 4688 3761 4973 Qui ne parleroit rien que Cercle, & que Ruelle?

650 4858 3684 5125 Qui de Proſe, & de Vers, ſeroit de doux écrits,

652 5024 3633 5315 Et que viſiteroient Marquis, & beaux Eſprits,

666 5197 3680 5468 Tandis que, ſous le nom du Mary de Madame,

668 5353 3900 5638 Ie ſerois comme vn Saint, que pas-vn ne reclame?

676 5513 4006 5804 Non, non, ie ne veux point d'vn Eſprit qui ſoit haut,

678 5679 3950 5974 Et Femme qui compoſe, en ſçait plus qu’il ne faut.

686 5853 3850 6142 Ie pretens que la mienne, en clartez peu ſublime,

692 6031 3695 6314 Meſme ne ſçache pas ce que c'eſt qu’vne Rime;
