4058 6899
1143 303 3513 541 COMEDIE. 17

1401 503 2362 664 HORACE,

230 646 2676 863 A ne vous rien cacher de la verité pure,

224 810 3170 1019 I’ay d’amour en ces lieux eu certaine auanture,

219 943 2776 1193 Et l'amitié m'oblige à vous en faire part.

1216 1166 2464 1309 ARNOLPHE.

217 1302 3156 1527 Bon, voicy de nouueau quelque conte gaillard,

217 1462 2890 1686 Et ce ſera dequoy mettre ſur mes tablettes.

1353 1663 2347 1796 HORACE.

219 1784 3483 2023 Mais, degrace, qu’au moins ces choſes ſoiẽt ſecrettes.

1201 1984 2466 2133 ARNOLPHE.

229 2114 479 2250 Oh.

1351 2322 2332 2471 HORACE.

561 2465 3018 2681 Vous n’ignorez pas qu'en ces occaſions

215 2604 2718 2836 Vn ſecret éuenté rompt nos pretentions.

217 2780 3023 3008 Ie vous auoüeray donc auec pleine franchiſe,

207 2942 2891 3166 Qu'icy d’vne Beauté mon ame s’eſt épriſe:

207 3110 3107 3321 Mes petits ſoins d’abord ont eu tant de ſuccés,

201 3270 3126 3469 Que ie me ſuis chez elle ouvert vn doux accés;

204 3434 3180 3665 Et ſans trop me vanter, ny luy faire vne injure,

205 3591 2774 3825 Mes affaires y ſont en fort bonne poſture.

1035 3796 2675 3963 ARNOLPHE riant.

204 3918 720 4049 Et c’eſt?

524 4099 3133 4326 HORACE luy montrant le logis d'Agnés.

714 4279 2965 4490 Vn jeune objet qui loge en ce logis,

202 4412 3227 4652 Dont vous voyez d’icy que les murs ſont rougis,

206 4579 2912 4809 Simple à la vérité, par l’erreur ſans ſeconde

201 4743 3448 4976 D’vn Homme qui la cache au commerce du monde,

203 4897 3232 5142 Mais qui dans l’ignorance où l’on veut l’aſſeruir,

197 5064 2746 5298 Fait briller des attraits capables de rauir,

195 5234 3274 5476 Vn air tout engageant, ie ne ſçay quoy de tendre,

189 5388 3322 5640 Dont il n’eſt point de cœur qui ſe puiſſe defendre:

187 5548 3477 5787 Mais, peut-eſtre, il n’eſt pas que vous n’ayez bien veu

200 5715 3373 5976 Ce jeune Aſtre d'amour de tant d'attraits pourueu:

198 5855 1967 6113 C'eſt Agnés qu'on l'appelle.
