4058 6850
3445 444 3540 566 7

1240 344 2638 548 COMEDIE.

270 515 3042 781 Ie veux que vous puiſſiez vn peu l'examiner.

270 674 3351 932 Et voir, ſi de mon choix on me doit condamner.

1239 872 2557 1045 CHRISALDE.

260 1041 1014 1224 I'y conſens.

1273 1203 2519 1375 ARNOLPHE.

936 1342 3295 1597 Vous pourrez, dans cette conference,

264 1514 2935 1767 Iuger de ſa perſonne, & de ſon innocence.

1251 1697 2545 1867 CHRISALDE.

257 1818 3060 2078 Pour cette article là, ce que vous m’auez dit,

259 2029 933 2204 Ne peut....

1281 2197 2497 2362 ARNOLPHE.

1031 2339 3030 2574 La verité paſſe encor mon recit.

259 2489 3112 2745 Dans ſes ſimplicitez à tous coups ie l’admire,

256 2655 2932 2906 Et par fois elle en dit, dont ie pâme de rire.

262 2818 2960 3071 L’autre jour (pourroit-on ſe le perſuader)

246 2974 3184 3237 Elle eſtoit fort en peine, & me vint demander,

257 3143 2918 3377 Auec vne innocence à nulle autre pareille,

250 3294 3333 3579 Si les enfans qu'on fait, ſe faiſoient par l'oreille.

1240 3580 2538 3758 CHRISALDE.

250 3799 2861 4050 Ie me réjoüis fort, Seigneur Arnolphe....

1257 4001 2487 4165 ARNOLPHE.

2835 4199 3149 4332 Bon;

251 4296 3143 4540 Me voulez-vous toûjours appeller de ce nom?

1230 4490 2543 4656 CHRISALDE.

253 4616 3314 4880 Ah! malgré que i’en aye, il me vient à la bouche,

250 4779 3206 5032 Et iamais ie ne ſonge à Monſieur de la Souche.

251 4951 2710 5159 Que diable vous a fait auſſi vous auiſer,

259 5111 3016 5349 A quarante & deux ans, de vous débaptiſer?

246 5282 3174 5525 Et d'vn vieux tronc pourry de voſtre Metairie,

245 5442 3347 5683 Vous faire dans le Monde vn nom de Seigneurie?

1263 5639 2467 5795 ARNOLPHE.

247 5769 3046 6011 Outre que la Maiſon par ce nom ſe connaiſt,

255 5924 3479 6191 La Souche, plus qu’Arnolphe, à mes oreilles plaiſt.

2642 6161 3112 6364 A iiij
