4058 6850
1216 280 3529 488 COMEDIE. 5

245 463 3155 650 Et s’il faut qu’auec elle on jouë au Corbillon,

244 631 3511 813 Et qu’on vienne à luy dire, à ſon tour, qu’y met-on?

253 799 3104 971 Ie veux qu'elle réponde, vne tarte à la creme;

249 963 3355 1136 En vn mot, qu’elle ſoit d'vne ignorance extréme;

244 1125 3065 1297 Et c'eſt aſſez pour elle, à vous en bien parler,

244 1287 3346 1470 De ſçauoir prier Dieu, m'aimer, coudre, & filer.

1253 1541 2561 1667 CHRISALDE.

244 1777 3108 1953 Vne Femme ſtupide eſt donc voſtre Marotte?

1275 1947 2490 2069 ARNOLPHE.

249 2101 3283 2282 Tant, que i'aimerois mieux vne laide, bien ſotte,

242 2261 3379 2444 Qn'vne Femme fort belle, auec beaucoup d’eſprit.

1246 2441 2546 2571 CHRISALDE.

253 2587 1672 2758 L’eſprit, & la beauté...

1264 2775 2471 2895 ARNOLPHE.

1808 2929 3042 3071 L'honneſteté ſuffit.

1225 3087 2510 3223 CHRISALDE.

238 3253 3493 3433 Mais comment voulez-vous, apres tout, qu’vne beſte

242 3413 3487 3597 Puiſſe iamais ſçauoir ce que c'eſt qu’eſtre honneſte?

239 3587 2926 3759 Outre qu'il eſt aſſez ennuyeux, que ie croy,

229 3751 2673 3912 D'auoir toute ſa vie vne beſte auec ſoy,

234 3905 3487 4091 Penſez-vous le bien prendre, & que ſur voſtre idée

240 4071 3098 4247 La ſeureté d’vn front puiſſe eſtre bien fondée?

233 4239 2926 4415 Vne Femme d’eſprit peut trahir ſon deuoir;

240 4393 3355 4578 Mais il faut, pour le moins, qu’elle oſe le vouloir;

240 4553 3132 4742 Et la ſtupide au ſien peut manquer d'ordinaire,

235 4715 2992 4903 Sans en auoir l’enuie, & ſans penſer le faire.

1251 4903 2467 5027 ARNOLPHE.

234 5043 2811 5228 A ce bel argument, à ce diſcours profond,

239 5211 2576 5394 Ce que Pantagruel à Panurge répond.

229 5367 3461 5559 Preſſez-moy de me joindre à Fẽme autre que ſotte;

224 5525 2911 5717 Preſchez, patrocinez juſqu’à la Pentecoſte,

226 5695 3004 5877 Vous ſerez ébahy, quand vous ſerez au bout,

224 5839 2888 6043 Que vous ne m’aurez rien perſuadé du tout.

2640 6056 3085 6241 A iij
