4058 7014
532 181 3370 433 2 L'ESCOLE DES FEMMES,

539 380 3850 625 Voulez-vous qu’en Amy ie vous ouure mon cœur?

541 532 3858 789 Voſtre deſſein, pour vous, me fait trembler de peur;

540 710 3616 969 Et de quelque façon que vous tourniez l’affaire,

546 872 3873 1107 Prendre Femme, eſt à vous vn coup bien temeraire.

1588 1139 2834 1297 ARNOLPHE.

555 1352 3769 1621 Il eſt vray, noſtre Amy. Peut-eſtre que chez vous

555 1524 3882 1765 Vous trouuez des ſujets de craindre pour chez nous;

555 1699 3554 1937 Et voſtre front, ie croy, veut que du Mariage,

564 1858 3676 2103 Les Cornes ſoient par tout l'infaillible apanage.

1554 2052 2899 2208 CHRISALDE.

578 2198 3897 2444 Ce ſont coups du Hazard, dõt on n’eſt point garand;

562 2362 3897 2611 Et bien ſot, ce me ſemble, eſt le ſoin qu'on en prend.

578 2535 3911 2780 Mais quand ie crains pour vous, c’eſt cette raillerie

588 2705 3569 2946 Dont cent pauures Maris ont ſouffert la furie:

593 2863 3920 3112 Car enfin vous ſçauez, qu’il n'eſt grands, ny petits,

583 3051 3418 3279 Que de voſtre critique on ait veus garantis;

597 3197 3920 3452 Car vos plus grãds plaiſirs sõt, par tout où vous eſtes,

593 3381 3496 3616 De faire cent éclats des intrigues ſecrettes....

1640 3564 2911 3717 ARNOLPHE.

596 3706 3785 3924 Fort bien: Eſt-il au Monde vne autre Ville auſſi,

612 3886 3201 4118 Où l’on ait des Maris ſi patients qu’icy?

608 4049 3661 4286 Eſt-ce qu’on n’en voit pas de toutes les eſpeces.

608 4213 3749 4456 Qui ſont accommodez chez eux de toutes pieces?

631 4382 3561 4624 L’vn amaſſe du bien, dont ſa Femme fait part

621 4551 3582 4784 A ceux qui prennent ſoin de le faire Cornard.

631 4709 3960 4962 L’autre vn peu plus heureux, mais non pas moins in¬

627 4877 3966 5138 Voit faire tous les jours des presẽs à ſa Fẽme, [fame,

631 5057 3510 5294 Et d’aucun ſoin jaloux n'a l’eſprit combattu,

626 5226 3462 5462 Parce qu’elle luy dit que c'eſt pour ſa vertu.

644 5381 3969 5640 L’vn fait beaucoup de bruit, qui ne luy ſert de gueres;

646 5557 3791 5788 L'autre, en toute douceur, laiſſe aller les affaires,

640 5730 3317 5964 Et voyant arriuer chez luy le Damoiſeau,

655 5881 3985 6150 Prend fort honneſtement ſes gands, & ſon manteau.
