4058 7091
570 202 3419 491 16 L'ESCOLE DES FEMMES,

579 423 3699 686 Il faut, pour des Amis, des Lettres moins ciuiles,

570 589 3425 842 Et tous ces complims ſont choſes inutiles;

574 766 3372 1026 Sans qu'il priſt le ſoucy de m’en écrire rien,

581 923 3515 1190 Vous pouuez librement diſpoſer de mon bien.

1755 1201 2742 1348 HORACE.

582 1422 3778 1678 Ie ſuis Homme à ſaiſir les gens par leurs parole,

583 1599 3417 1858 Et i'ay preſentement beſoin de cent piſtoles.

1629 1859 2932 2022 ARNOLPHE.

582 2094 3406 2348 Ma foy, c’eſt m'obliger, que d’en vſer ainſi,

593 2289 2693 2518 Et ie me réjoüis de les auoir icy.

605 2470 2073 2646 Gardez auſſi la bourſe.

1784 2631 2771 2782 HORACE.

2026 2799 2624 2947 Il faut....

1633 2968 2908 3130 ARNOLPHE.

2585 3112 3630 3270 Laiſſons ce ſtile.

606 3269 3990 3524 Hé bien, comment encor trouuez-vous cette Ville?

1779 3486 2766 3638 HORACE.

606 3613 3695 3874 Nombreuſe en Citoyens, ſuperbe en baſtimens,

608 3798 3422 4050 Et i’en croy merueilleux les diuertiſſemens.

1677 3990 2926 4151 ARNOLPHE.

624 4134 3495 4384 Chacun a ſes plaiſirs, qu’il ſe fait à ſa guiſe:

614 4285 3846 4558 Mais pour ceux que du nom de Galans on baptiſe,

613 4482 3144 4722 Ils ont en ce Païs dequoy ſe contenter,

623 4649 3319 4898 Car les Femmes y ſont faites à coquetter.

620 4803 3987 5048 On trouue d’humeur douce & la brune, & la blonde,

608 4983 3462 5226 Et les Maris auſſi les plus benins du monde:

627 5142 3881 5408 C’eft vn plaiſir de Prince, & des tours que ie voy,

625 5322 3293 5576 Ie me donne ſouuent la Comedie à moy.

628 5494 3674 5748 Peut-eſtre en auez-vous déja féru quelqu’vne:

631 5669 3334 5908 Vous eſt-il point encor arriué de fortune?

629 5818 3895 6090 Les gens faits comme vous, font plus que les écus,

638 6012 3249 6230 Et vous eſtes de taille à faire des Cocus.
