4058 7006
532 338 3356 528 8 L'ESCOLE DES FEMMES,

1540 545 2878 669 CHRISALDE.

516 704 3538 882 Quel abus, de quitter le vray nom de ſes Peres,

522 867 3859 1040 Pour en vouloir prendre vn baſty ſur des chimeres?

527 1034 3461 1218 De la pluſpart des gens c’eſt la démangeaiſon;

521 1198 3399 1372 Et ſans vous embraſſer dans la comparaiſon,

531 1368 3577 1552 Ie ſçais vn Païſan, qu’on appelloit gros Pierre,

531 1529 3854 1710 Qui n’ayãt, pour tout biẽ, qu'vn ſeul quartier de terre;

546 1698 3380 1844 Y fit tout à l’entour faire vn foſſé bourbeux,

540 1868 3684 2034 Et de Monſieur de l'Iſle en prit le nom pompeux.

1590 2041 2850 2161 ARNOLPHE.

546 2187 3729 2374 Vous pourriez vous paſſer d'exemples de la ſorte:

544 2366 3641 2534 Mais enfin de la Souche eſt le nom que ie porte;

555 2534 3263 2700 I’y vois de la raiſon, i'y trouue des appas,

555 2700 3535 2874 Et m'appeller de l’autre, eſt ne m’obliger pas.

1569 2871 2887 2991 CHRISALDE.

573 3022 3704 3202 Cependant la pluſpart ont peine à s'y ſoûmettre,

560 3200 3612 3362 Et ie voy meſme encor des adreſſes de Lettre...

1626 3375 2878 3499 ARNOLPHE.

560 3526 3520 3708 Ie le ſouffre aiſément de qui n’eſt pas inſtruit;

574 3699 1430 3836 Mais vous....

1603 3875 2945 4001 CHRISALDE.

1047 4031 3929 4209 Soit. Là-deſſus nous n'aurons point de bruit,

585 4196 3733 4366 Et ie prendray le ſoin d'accouſtumer ma bouche

593 4359 3929 4542 A ne plus vous nommer que Monſieur de la Souche.

1645 4547 2912 4671 ARNOLPHE.

604 4694 3548 4874 Adieu: Ie frape icy, pour donner le bon jour,

604 4864 3138 5044 Et dire ſeulement, que ie ſuis de retour.

1230 5042 3322 5179 CHRISALDE s'en allant.

612 5206 3521 5370 Ma foy ie le tiens fou de toutes les manieres.

1665 5387 2923 5505 ARNOLPHE.

627 5534 3283 5708 Il eſt vn peu bleſſé ſur certaines matieres.

637 5706 3515 5884 Choſe étrange de voir, comme auec paſſion,

633 5875 3095 6048 Vn chacun eſt chauſſé de ſon opinion!

647 6047 1030 6182 Hola.
