4058 6923
518 358 3352 586 28 L’ESCOLE DES FEMMES,

487 527 3256 771 Une vous a pas faite vne belle perſonne;

473 692 3538 926 Afin de mal-vſer des choſes qu’il vous donne.

493 861 3272 1099 Et vous deuez ſçauoir que vous auez bleſſé

489 1002 3928 1257 Vn cœur, qui de s'en plaindre eſt auiourd’huy forcé.

1562 1187 3230 1369 ARNOLPHE à part.

479 1356 3233 1600 Ah ſupoſt de Sathan, execrable damnée.

1767 1549 2536 1682 AGNES.

463 1672 3725 1934 Moy, i’ay bleſſé quelqu’vn? fis-je toute eſtonnée,

465 1852 3389 2100 Oüy, dit-elle, bleſſé, mais bleſſé tout de bon;

466 2010 3633 2264 Et c’eſt l’homme qu’hier vous viſtes du Balcon.

452 2176 3631 2435 Helas! qui pourroit, dis-je, en auoir eſté cauſe?

460 2339 3749 2594 Sur luy ſans y penſer, fis-je choir quelque choſe?

466 2513 3519 2756 Non, dit-elle, vos yeux ont fait ce coup fatal,

468 2671 3823 2934 Et c’eſt de leurs regards qu’eſt venu tout ſon mal.

462 2840 3809 3091 Hé, mon Dieu! ma ſurpriſe eſt, fis-je, ſans ſeconde.

472 3007 3928 3264 Mes yeux ont-ils du mal pour en donner au monde?

480 3187 3358 3426 Oüy, fit-elle, vos yeux, pour cauſer le trépas

483 3349 3532 3598 Ma fille, ont vn venin que vous ne ſçauez pas.

483 3529 3270 3766 En vn mot, il languit le pauure miſerable.

487 3685 3294 3924 Et s’il faut, pourſuiuit la vieille charitable,

485 3858 3266 4088 Que voſtre cruauté luy refuſe vn ſecours,

479 4007 3934 4259 C’eſt vn homme à porter en terre dans deux iours.

493 4179 3945 4434 Mon Dieu! i'en aurois, dy-je, vne douleur bien grãde.

492 4347 3941 4600 Mais pour le ſecourir, qu’eſt-ce qu’il me demande?

498 4523 3467 4750 Mon enfant, me dit-elle, il ne veut obtenir,

504 4695 3481 4914 Que le bien de vous voir & vous entretenir.

504 4850 3733 5096 Vos yeux peuuent eux ſeuls empeſcher ſa ruine,

502 5026 3427 5264 Et du mal qu’ils ont fait eſtre la medecine.

500 5189 3637 5436 Helas! volontiers, dis-je, & puis qu’il eſt ainſi,

504 5359 3532 5604 Il peut tant qu’il voudra me venir voir icy.

1404 5530 3106 5734 ARNOLPHE à part.

512 5679 3538 5926 Ah ſorciere maudite, empoiſonneuſe d'ames,

524 5849 3400 6096 Puiſſe l’Enfer payer tes charitables trames.
