4058 6899
1209 302 3564 526 COMEDIE. 19

291 477 3289 691 Vous me ſemblez chagrin; ſeroit-ce qu’en effet

287 643 3069 855 Vous deſaprouueriez le deſſein que i’ay fait?

1303 836 2571 986 ARNOLPHE.

279 975 2081 1172 Non, c’eſt que ie ſongeois....

1415 1160 2399 1298 HORACE.

1695 1333 3216 1490 Cet entretien vous laſſe;

264 1467 3430 1689 Adieu, i'iray chez vous tantoſt vous rendre grace.

1263 1658 2524 1798 ARNOLPHE.

265 1801 1128 1946 Ah! faut-il....

1120 1986 2690 2130 HORACE reuenant.

1130 2146 3168 2322 Derechef, veuillez eſtre diſcret,

250 2301 3050 2506 Et n’allez pas, de grace, éuenter mon ſecret.

1268 2488 2522 2622 ARNOLPHE.

250 2629 2062 2786 Que ie ſens dans mon ame....

1092 2814 2675 2956 HORACE reuenant.

1858 2981 3339 3144 Et ſur tout à mon Pere,

239 3117 2983 3324 Qui s'en feroit peut-eſtre vn ſujet de colere.

525 3298 3199 3498 ARNOLPHE croyant qu'il reuient encore.

239 3445 3287 3657 Oh.... Oh que i'ay ſouffert durant cet entretien!

235 3615 2949 3825 Jamais trouble d’eſprit ne fut égal au mien.

231 3779 3345 3988 Auec quelle imprudence, & quelle haſte extréme,

227 3941 3217 4141 Il m'eſt venu conter cette affaire à moy-méme!

227 4105 3245 4315 Bien que mon autre nom le tienne dans l’erreur,

221 4271 2969 4468 Etourdy, montra-t'il iamais tant de fureur?

217 4437 3497 4636 Mais ayant tant ſouffert, ie deuois me contraindre,

211 4600 3174 4806 Iuſques à m'éclaircir de ce que ie dois craindre,

212 4765 3022 4968 A pouſſer juſqu'au bout ſon caquet indiſcret,

209 4920 3016 5122 Et ſçauoir pleinement leur commerce ſecret.

210 5086 3216 5299 Tâchons à le rejoindre, il n’eſt pas loin ie penſe,

207 5254 2812 5428 Tirons-en de ce fait l'entiere confidence;

202 5412 3036 5626 Ie tremble du malheur qui m'en peut arriuer,

198 5574 3402 5801 Et l'on cherche ſouuent plus qu’on ne veut trouuer.

897 5878 2699 6085 Fin du Premier Acte.
