4109 7691
1392 325 3341 502 AV LECTEVR.

632 537 4061 758 inclination ne me porteroit pas à le prendre

628 741 4056 974 pour modele, ſi i’auois à faire vne Comédie;

631 953 4060 1174 & que la regularité de Menandre & de Te¬

623 1157 4059 1382 rence me ſembloit bien plus glorieuſe, & meſ¬

622 1365 4055 1590 me plus agreable à imiter, que la liberté de

626 1573 4054 1802 Plaute & d’Ariſtophane. On me répondit que

613 1789 4046 2014 ce n’eſtoit pas vne Comedie qu’on me deman¬

609 1997 4049 2214 doit, & qu’on vouloit ſeulement voir ſi les

612 2201 4061 2434 bons mots d’Ariſtophane auroient quelque

600 2417 4048 2638 grace dans noſtre langue. Ainſi moitié en

599 2629 4052 2842 m’encourageant, moitié en mettant eux-meſ¬

599 2833 4051 3038 mes la main à l’œuure, mes amis me firent

590 3045 4054 3266 commencer vne Piece qui ne tarda guere

590 3253 1766 3416 à eſtre acheuée.

789 3458 4045 3686 Cependant la pluſpart du monde ne ſe ſou¬

584 3673 4053 3898 cie point de l’intention, ny de la diligence des

576 3877 4052 4050 Autheurs. On examina d’abord mon amuſe¬

575 4089 4064 4306 ment, comme on auroit fait vne Tragedie.

579 4293 4043 4526 Ceux meſmes qui s’y eſtoient le plus diuertis,

570 4509 4055 4738 eurent peur de n’auoir pas ry dans les regles,

574 4717 4050 4950 & trouuerent mauuais que ie n’euſſe pas ſongé

557 4929 4030 5162 plus ſerieuſement à les faire rire. Quelques

561 5133 4045 5374 autres s’imaginerent qu’il eſtoit bienſeant à

564 5353 4045 5586 eux de s’y ennuyer, & que les matieres de

564 5569 4040 5798 Palais ne pouuoient pas eſtre vn ſujet de di¬

563 5781 4040 6010 uertiſſement pour des gens de Cour. La Piece

559 5989 4023 6226 fut bien-toſt apres joüée à Verſailles. On ne
