4109 7672
652 268 3476 506 80 LES PLAIDEVRS,

1925 558 2959 732 DANDIN.

632 784 1960 973 Ho, ie te vais juger.

1878 1030 2962 1216 L'INTIME'.

1531 1270 3749 1467 * viſte. Ho, vous eſtes ſi promt.

617 1420 3781 1637 Voicy le fait. * Vn Chien vient dans vne cuiſine,

607 1594 3537 1799 Il y trouue vn Chapon, lequel a bonne mine.

615 1760 3247 1965 Or celuy pour lequel ie parle eſt affamé.

615 1932 3315 2138 Celuy contre lequel ie parle autem plumé.

595 2097 3573 2307 Et celuy pour lequel ie ſuis, prend en cachette

602 2268 3329 2474 Celuy contre lequel ie parle. L’on decrete.

608 2444 3501 2642 On le prend. Auocat pour & contre appellé.

596 2606 3414 2813 Iour pris. Ie doy parler, ie parle, i'ay parlé,

1905 2862 2885 3013 DANDIN.

590 3089 3626 3288 Ta, ta, ta, ta. Voila bien inſtruire vne affaire.

596 3258 3490 3470 Il dit fort poſément ce dont on n'a que faire,

596 3432 3584 3649 Et court le grand galop quand il eſt à ſon fait.

1870 3688 2906 3836 L’INTIME'.

601 3898 3241 4101 Mais le premier, Monſieur, c’eſt le beau.

1905 4158 2874 4311 DANDIN.

3173 4339 3920 4499 C'eſt le laid.

597 4478 3355 4683 A-t-on iamais plaidé d’vne telle methode?

601 4652 2403 4848 Mais qu'en dit l’aſſemblée?

1858 4910 2926 5056 LEANDRE.

2282 5155 3577 5315 Il eſt fort à la mode.

1202 5443 3518 5627 L'INTIME' d'vn ton vehement.

603 5750 4012 5948 Qu'arriue-t'il, Meſſieurs? On vient. Cõment vient-on?

612 5918 3594 6131 On pourſuit ma Partie. On force vne maiſon.
