4077 7930
3269 270 3445 420 73

948 199 2377 378 COMEDIE.

948 486 2306 639 PETIT IEAN.

1674 684 3242 863 Ho, prenez-le plus bas;

41 861 3067 1095 Si vous ſoufflez ſi haut, l’on ne m’entendra pas.

24 1107 673 1271 Meſſieurs....

1092 1224 2107 1368 DANDIN.

558 1484 1528 1608 Couurez-vous.

954 1679 2297 1822 PETIT IEAN.

1131 1894 1911 2040 Oh! Meſ....

1132 2131 2128 2264 DANDIN.

1414 2346 3247 2544 Couurez-vous, vous dis-je.

918 2572 2322 2710 PETIT IEAN.

35 2807 3416 3021 Oh, Monſieur, ie ſçay bien à quoy l'honneur m’oblige.

1125 3071 2081 3199 DANDIN.

35 3241 1326 3415 Ne te couure donc pas.

484 3491 2736 3671 PETIT IEAN ſe couurant.

1205 3709 3253 3882 Meſſieurs.... Vous doucement;

30 3884 3253 4075 Ce que ie ſçay le mieux, c’eſt mon commencement.

30 4021 2808 4251 Meſſieurs, quand ie regarde auec exactitude,

30 4232 2591 4416 L'inconſtance du monde, & ſa viciſſitude;

32 4412 3044 4604 Lors que ie voy parmy tant d’Hommes differens,

32 4574 2709 4769 Pas-vne Eſtoile fixe, & tant d’Aſtres errans;

20 4736 3246 4955 Quand ie voy les Céſars, quand ie voy leur fortune,

25 4913 3038 5135 Quand ie voy le Soleil, & quand ie voy la Lune;

1606 5132 2458 5276 * Babiloniens

21 5256 2586 5479 Quand ie voy les Eſtats des * Babiboniens

733 5481 2724 5641 * Perſans * Macedoniens

15 5613 2804 5843 Transferé des * Serpens, aux * Nacedoniens;

902 5831 3125 6002 * Romains *Despotique

8 5951 3141 6189 Quand ie voy les* Lorrains de l’Eſtat * Dépotique

3 6133 2987 6382 Paſſer au * Démocrite, & puis au Monarchique;

458 6355 2889 6558 * Démocratique D
