4109 7643
539 1525 3241 1847 AV LECTEVR.

1126 2028 3604 2268 VAND ie lûs les Gueſpes

1200 2248 3614 2491 d’Ariſtophane, ie ne ſongeois

1195 2446 3624 2704 gueres que i’en dûſſe faire les

1208 2668 3626 2899 Plaideurs. I’auouë qu’elles me

1198 2853 3624 3116 diuertirent beaucoup, & que i’y

168 3092 3634 3353 trouuay quantité de plaiſanteries qui me ten¬

178 3296 3636 3553 terent d’en faire part au public: Mais c’eſtoit

176 3500 3633 3725 en les mettant dans la bouche des Italiens, à

186 3712 3636 3964 qui ie les auois deſtinées, comme vne choſe

188 3928 3634 4176 qui leur appartenoit de plain droit. Le Iuge

186 4132 3652 4385 qui ſaute par les feneſtres, le Chien criminel,

200 4340 3657 4576 & les larmes de ſa famille, me ſembloient

202 4552 3659 4800 autant d’incidens dignes de la grauité de Sca¬

207 4760 3661 5004 ramouche. Le départ de cet Acteur inter¬

213 4972 3663 5208 rompit mon deſſein, & fit naiſtre l’enuie à

219 5168 3669 5408 quelques-vns de mes amis, de voir ſur noſtre

217 5376 3667 5640 Theatre quelque échantillon d’Ariſtophane.

223 5588 3669 5848 Ie ne me rendis pas à la première propoſition

233 5792 3679 6052 qu’ils m’en firent. Ie leur dis que quelque

239 5988 3669 6244 eſprit que ie trouvaſſe dans cet Autheur, mon

2849 6244 3195 6444 ã ij
