4109 7701
729 320 3451 569 78 LES PLAIDEURS,

2038 628 3006 778 DANDIN.

1459 861 3873 1084 Serez-vous long, Auocat? dites-moy.

1974 1113 3052 1256 L’INTIME'.

739 1332 2097 1531 Ie ne répons de rien.

2012 1592 2996 1749 DANDIN.

2369 1830 3607 2029 Il eſt de bonne foy.

1070 2059 3886 2272 L'INTIME’ d'vn ton finiſſant en faucet.

733 2289 3949 2527 Meſſieurs. Tout ce qui peut étonner vn coupable,

722 2462 3825 2680 Tout ce que les mortels ont de plus redoutable,

723 2624 3783 2839 Semble s’eſtre aſſemblé contre nous par hazar,

729 2795 3475 3003 Ie veux dire la brigue, & l’éloquence. Car

729 2961 3669 3170 D'vn coſté le credit du deffunt m’épouuante,

729 3131 3397 3345 Et de l'autre coſté l'éloquence éclatante

734 3303 2943 3471 De Maiſtre Petit Iean m’ébloüit.

2043 3570 2988 3716 DANDIN.

3132 3759 3642 3924 Auocat,

755 3889 3690 4068 De voſtre ton vous-meſme adouciſſez l'éclat.

1560 4139 3803 4306 L’INTIME’. * du beau ton.

765 4371 3960 4581 Ouy-da, i’en ay pluſieurs. * Mais quelque défiance

753 4537 3690 4742 Que nous doiue donner la ſuſdite éloquence,

755 4711 3762 4909 Et le ſuſdit crédit: Ce neaumoins, Meſſieurs,

749 4879 3684 5050 L’ancre de vos bontez nous raſſure d'allieurs.

754 5047 3882 5265 Deuant le grand Dandin l’innocence eſt hardie;

768 5219 3582 5423 Oüy deuant ce Caton de baſſe Normandie,

768 5387 3466 5600 Ce Soleil d’équité qui n’eſt iamais terni,

760 5561 3484 5764 Victrix cauſa dijs placuit, ſed victa Cantoni.

2120 5817 3083 5959 DANDIN.

789 5999 2487 6190 Vrayment, il plaide bien.
