4054 7930
886 224 2306 410 COMEDIE.

3175 297 3356 447 71

474 1194 2683 1497 SCENE II.

89 1662 3230 1889 LEANDRE, LE SOVFFLEVR.

1030 2066 2104 2217 LEANDRE.

743 2225 2947 2614 Ie me ſers d’vn étrange artifice.

8 2574 2851 2789 Mais mon Pere eſt vn homme à ſe deſeſperer,

0 2742 2738 2941 Et d’vne cauſe en l'air il le faut bien leurrer.

10 2919 3251 3146 D'ailleurs i’ay mon deſſein, & ie veux qu’il condane

17 3097 2795 3314 Ce fou qui reduit tout au pied de la chicane.

5 3277 3223 3500 Mais voicy tous nos gens qui marchent ſur nos pas.
