<?xml version="1.0" encoding="UTF-8"?>
<PcGts xmlns="http://schema.primaresearch.org/PAGE/gts/pagecontent/2013-07-15" xmlns:xsi="http://www.w3.org/2001/XMLSchema-instance" xmlns:xs="http://www.w3.org/2001/XMLSchema" xmlns:pr="http://schema.primaresearch.org/PAGE/gts/pagecontent/2013-07-15" xsi:schemaLocation="http://schema.primaresearch.org/PAGE/gts/pagecontent/2013-07-15 http://schema.primaresearch.org/PAGE/gts/pagecontent/2013-07-15/pagecontent.xsd">
  <Metadata>
        <Creator/>
        <Created>2019-02-28T16:27:22.047+01:00</Created>
        <LastChange>2019-04-09T18:21:16.528+02:00</LastChange>
        <Comments>
                Measurement unit: pixel
                PrimaryLanguage: English
                Language: FrenchStandard
                Producer: ABBYY FineReader Engine 11</Comments>
        <TranskribusMetadata docId="146123" pageId="5420219" pageNr="13" tsid="9064778" status="DONE" userId="10612" imgUrl="https://files.transkribus.eu/Get?id=UALXNEJRMWTDWKSCHHKCFIII&amp;fileType=view" xmlUrl="https://files.transkribus.eu/Get?id=VMEYIXDIHVYNEEXJTBTQUGGN" imageId="2826241"/>
    </Metadata>
  <Page imageFilename="Racine1669_Plaideurs_corrected_0013.png" imageWidth="4054" imageHeight="7643">
    <PrintSpace>
            <Coords points="0,0 4054,0 4054,6232 0,6232"/>
        </PrintSpace>
    <ReadingOrder>
            <OrderedGroup id="ro_1604178035790" caption="Regions reading order">
                <RegionRefIndexed index="0" regionRef="r_1_1"/>
                <RegionRefIndexed index="1" regionRef="r_1_2"/>
                <RegionRefIndexed index="2" regionRef="r_1_3"/>
                <RegionRefIndexed index="3" regionRef="r_1_4"/>
                <RegionRefIndexed index="4" regionRef="r_1_5"/>
            </OrderedGroup>
        </ReadingOrder>
    <TextRegion type="paragraph" id="r_1_1" custom="readingOrder {index:0;}">
      <Coords points="0,278 3491,278 3491,1195 0,1195"/>
      <TextLine id="tl_1" primaryLanguage="English" custom="structure {type:default;} readingOrder {index:0;}">
        <Coords points="719,279 2677,279 2677,485 719,485"/>
        <Baseline points="719,485 1117,466 2205,447 2677,436"/>
        <Word id="w_w2aab1b1b2b1b1ab1">
          <Coords points="719,279 2677,279 2677,485 719,485"/>
          <TextEquiv>
            <Unicode>AV LECTEVR.</Unicode>
          </TextEquiv>
        </Word>
      </TextLine>
      <TextLine id="tl_2" primaryLanguage="English" custom="structure {type:default;} readingOrder {index:1;}">
        <Coords points="0,489 3465,489 3465,790 0,790"/>
        <Baseline points="0,746 140,733 568,715 772,697 1440,660 1656,662 1908,723 2495,646 2584,689 2712,656 3163,642 3463,634"/>
        <Word id="w_w2aab1b1b2b1b3ab1">
          <Coords points="0,489 3465,489 3465,790 0,790"/>
          <TextEquiv>
            <Unicode>fit point de ſcrupule de s’y réjoüir; &amp; ceux qui</Unicode>
          </TextEquiv>
        </Word>
      </TextLine>
      <TextLine id="tl_3" primaryLanguage="English" custom="structure {type:default;} readingOrder {index:2;}">
        <Coords points="0,689 3471,689 3471,958 0,958"/>
        <Baseline points="1,958 547,928 831,900 1054,885 2166,863 2406,860 2746,855 2938,853 3471,886"/>
        <Word id="w_w2aab1b1b2b1b5ab1">
          <Coords points="0,689 3471,689 3471,958 0,958"/>
          <TextEquiv>
            <Unicode>auoient crû ſe deſ-honnorer de rire à Paris,</Unicode>
          </TextEquiv>
          <TextStyle fontFamily="Times New Roman" fontSize="8.0"/>
        </Word>
      </TextLine>
      <TextLine id="tl_4" primaryLanguage="English" custom="structure {type:default;} readingOrder {index:3;}">
        <Coords points="3,897 3490,897 3490,1194 3,1194"/>
        <Baseline points="4,1154 462,1133 1265,1087 1877,1083 2117,1076 2445,1075 2585,1078 3489,1102"/>
        <Word id="w_w2aab1b1b2b1b7ab1">
          <Coords points="3,897 3490,897 3490,1194 3,1194"/>
          <TextEquiv>
            <Unicode>furent peut-eſtre obligez de rire à Verſailles,</Unicode>
          </TextEquiv>
          <TextStyle fontFamily="Times New Roman" fontSize="8.0"/>
        </Word>
      </TextLine>
    </TextRegion>
    <TextRegion type="paragraph" id="r_1_2" custom="readingOrder {index:1;}">
      <Coords points="37,1148 1622,1148 1622,1419 37,1419"/>
      <TextLine id="tl_5" primaryLanguage="English" custom="structure {type:default;} readingOrder {index:0;}">
        <Coords points="38,1149 1621,1149 1621,1418 38,1418"/>
        <Baseline points="39,1418 372,1338 536,1336 896,1315 1620,1297"/>
        <Word id="w_w2aab1b1b2b3b1ab1">
          <Coords points="38,1149 1621,1149 1621,1418 38,1418"/>
          <TextEquiv>
            <Unicode>pour ſe faire honneur.</Unicode>
          </TextEquiv>
          <TextStyle fontFamily="Times New Roman" fontSize="8.0"/>
        </Word>
      </TextLine>
    </TextRegion>
    <TextRegion type="paragraph" id="r_1_3" custom="readingOrder {index:2;}">
      <Coords points="0,1320 3513,1320 3513,3011 0,3011"/>
      <TextLine id="tl_6" primaryLanguage="English" custom="structure {type:default;} readingOrder {index:0;}">
        <Coords points="195,1319 3475,1321 3475,1582 195,1580"/>
        <Baseline points="206,1550 375,1550 1071,1513 1430,1504 1546,1503 1714,1497 2255,1529 2618,1485 2910,1485 3474,1462"/>
        <Word id="w_w2aab1b1b2b5b1ab5">
          <Coords points="195,1319 3475,1321 3475,1582 195,1580"/>
          <TextEquiv>
            <Unicode>Ils auroient tort à la verité, s’ils me repro¬</Unicode>
          </TextEquiv>
          <TextStyle fontFamily="Times New Roman" fontSize="8.0"/>
        </Word>
      </TextLine>
      <TextLine id="tl_7" primaryLanguage="English" custom="structure {type:default;} readingOrder {index:1;}">
        <Coords points="0,1529 3478,1529 3478,1794 0,1794"/>
        <Baseline points="0,1770 554,1752 1169,1720 1761,1704 2217,1702 2845,1694 3093,1687 3478,1750"/>
        <Word id="w_w2aab1b1b2b5b3ab1">
          <Coords points="0,1529 3478,1529 3478,1794 0,1794"/>
          <TextEquiv>
            <Unicode>choient d’auoir fatigué leurs oreilles de trop</Unicode>
          </TextEquiv>
          <TextStyle fontFamily="Times New Roman" fontSize="8.0"/>
        </Word>
      </TextLine>
      <TextLine id="tl_8" primaryLanguage="English" custom="structure {type:default;} readingOrder {index:2;}">
        <Coords points="0,1741 3484,1741 3484,1998 0,1998"/>
        <Baseline points="0,1974 184,1969 905,1983 1292,1931 1664,1918 2284,1913 2620,1901 3084,1904 3484,1902"/>
        <Word id="w_w2aab1b1b2b5b5ab1">
          <Coords points="0,1741 3484,1741 3484,1998 0,1998"/>
          <TextEquiv>
            <Unicode>de chicane, c'eſt vne langue qui m’eſt plus</Unicode>
          </TextEquiv>
          <TextStyle fontFamily="Times New Roman" fontSize="8.0"/>
        </Word>
      </TextLine>
      <TextLine id="tl_9" primaryLanguage="English" custom="structure {type:default;} readingOrder {index:3;}">
        <Coords points="1,1949 3508,1949 3508,2238 1,2238"/>
        <Baseline points="1,2182 719,2166 1115,2149 1935,2162 2207,2136 2418,2120 2834,2115 3099,2175 3506,2086"/>
        <Word id="w_w2aab1b1b2b5b7ab1">
          <Coords points="1,1949 3508,1949 3508,2238 1,2238"/>
          <TextEquiv>
            <Unicode>étrangere qu’à perſonne; &amp; ie n’en ay em¬</Unicode>
          </TextEquiv>
          <TextStyle fontFamily="Times New Roman" fontSize="8.0"/>
        </Word>
      </TextLine>
      <TextLine id="tl_10" primaryLanguage="English" custom="structure {type:default;} readingOrder {index:4;}">
        <Coords points="0,2161 3486,2161 3486,2454 0,2454"/>
        <Baseline points="0,2454 426,2382 726,2370 1409,2349 1825,2339 2578,2369 2897,2326 3081,2319 3485,2318"/>
        <Word id="w_w2aab1b1b2b5b9ab1">
          <Coords points="0,2161 3486,2161 3486,2454 0,2454"/>
          <TextEquiv>
            <Unicode>ployé que quelques mots barbares, que ie puis</Unicode>
          </TextEquiv>
          <TextStyle fontFamily="Times New Roman" fontSize="8.0"/>
        </Word>
      </TextLine>
      <TextLine id="tl_11" primaryLanguage="English" custom="structure {type:default;} readingOrder {index:5;}">
        <Coords points="0,2377 3501,2377 3501,2630 0,2630"/>
        <Baseline points="0,2598 396,2586 976,2570 1368,2561 1568,2555 2040,2544 2460,2536 3100,2567 3500,2530"/>
        <Word id="w_w2aab1b1b2b5c11ab1">
          <Coords points="0,2377 3501,2377 3501,2630 0,2630"/>
          <TextEquiv>
            <Unicode>auoir retenus dans le cours d’vn procez, que</Unicode>
          </TextEquiv>
          <TextStyle fontFamily="Times New Roman" fontSize="8.0"/>
        </Word>
      </TextLine>
      <TextLine id="tl_12" primaryLanguage="English" custom="structure {type:default;} readingOrder {index:6;}">
        <Coords points="9,2581 3512,2581 3512,2862 9,2862"/>
        <Baseline points="10,2798 619,2823 880,2848 1239,2771 1759,2796 2279,2754 2835,2746 3203,2742 3510,2726"/>
        <Word id="w_w2aab1b1b2b5c13ab1">
          <Coords points="9,2581 3512,2581 3512,2862 9,2862"/>
          <TextEquiv>
            <Unicode>ny moy, ny mes Iuges, n’ont iamais bien en¬</Unicode>
          </TextEquiv>
          <TextStyle fontFamily="Times New Roman" fontSize="8.0"/>
        </Word>
      </TextLine>
      <TextLine id="tl_13" primaryLanguage="English" custom="structure {type:default;} readingOrder {index:7;}">
        <Coords points="40,2851 522,2851 522,3010 40,3010"/>
        <Baseline points="40,3010 522,3004"/>
        <Word id="w_w2aab1b1b2b5c15ab1">
          <Coords points="40,2851 522,2851 522,3010 40,3010"/>
          <TextEquiv>
            <Unicode>tendu.</Unicode>
          </TextEquiv>
          <TextStyle fontFamily="Times New Roman" fontSize="8.0"/>
        </Word>
      </TextLine>
    </TextRegion>
    <TextRegion type="paragraph" id="r_1_4" custom="readingOrder {index:3;}">
      <Coords points="3,3000 3543,3000 3543,5139 3,5139"/>
      <TextLine id="tl_14" primaryLanguage="English" custom="structure {type:default;} readingOrder {index:0;}">
        <Coords points="214,3001 3509,3001 3509,3263 214,3263"/>
        <Baseline points="215,3211 360,3210 1404,3181 2104,3172 2693,3204 3104,3159 3508,3158"/>
        <Word id="w_w2aab1b1b2b7b1ab1">
          <Coords points="214,3001 3509,3001 3509,3263 214,3263"/>
          <TextEquiv>
            <Unicode>Si i’apprehende quelque choſe, c’eſt que</Unicode>
          </TextEquiv>
          <TextStyle fontFamily="Times New Roman" fontSize="8.0"/>
        </Word>
      </TextLine>
      <TextLine id="tl_15" primaryLanguage="English" custom="structure {type:default;} readingOrder {index:1;}">
        <Coords points="17,3209 3512,3209 3512,3482 17,3482"/>
        <Baseline points="17,3422 275,3423 1043,3401 1307,3390 1631,3386 2319,3385 2579,3382 3511,3370"/>
        <Word id="w_w2aab1b1b2b7b3ab1">
          <Coords points="17,3209 3512,3209 3512,3482 17,3482"/>
          <TextEquiv>
            <Unicode>des perſonnes vn peu ſerieuſes ne traittent de</Unicode>
          </TextEquiv>
          <TextStyle fontFamily="Times New Roman" fontSize="8.0"/>
        </Word>
      </TextLine>
      <TextLine id="tl_16" primaryLanguage="English" custom="structure {type:default;} readingOrder {index:2;}">
        <Coords points="4,3420 3542,3420 3542,3682 4,3682"/>
        <Baseline points="4,3630 774,3617 946,3607 1458,3600 1682,3598 2302,3629 2518,3604 2790,3587 3541,3562"/>
        <Word id="w_w2aab1b1b2b7b5ab1">
          <Coords points="4,3420 3542,3420 3542,3682 4,3682"/>
          <TextEquiv>
            <Unicode>badineries le procez du Chien, &amp; les extraua¬</Unicode>
          </TextEquiv>
          <TextStyle fontFamily="Times New Roman" fontSize="8.0"/>
        </Word>
      </TextLine>
      <TextLine id="tl_17" primaryLanguage="English" custom="structure {type:default;} readingOrder {index:3;}">
        <Coords points="19,3637 3517,3637 3517,3894 19,3894"/>
        <Baseline points="19,3894 508,3828 732,3822 1096,3817 1208,3755 1640,3814 2104,3808 2296,3801 2884,3798 3516,3746"/>
        <Word id="w_w2aab1b1b2b7b7ab1">
          <Coords points="19,3637 3517,3637 3517,3894 19,3894"/>
          <TextEquiv>
            <Unicode>gances du Iuge: Mais enfin ie traduis Ariſto¬</Unicode>
          </TextEquiv>
          <TextStyle fontFamily="Times New Roman" fontSize="8.0"/>
        </Word>
      </TextLine>
      <TextLine id="tl_18" primaryLanguage="English" custom="structure {type:default;} readingOrder {index:4;}">
        <Coords points="21,3841 3524,3841 3524,4102 21,4102"/>
        <Baseline points="22,4102 560,4076 795,4038 1175,4024 1575,4019 1831,4020 2599,4005 3027,4004 3523,3997"/>
        <Word id="w_w2aab1b1b2b7b9ab1">
          <Coords points="21,3841 3524,3841 3524,4102 21,4102"/>
          <TextEquiv>
            <Unicode>phane, &amp; l’on doit ſe ſouuenir qu’il auoit</Unicode>
          </TextEquiv>
          <TextStyle fontFamily="Times New Roman" fontSize="8.0"/>
        </Word>
      </TextLine>
      <TextLine id="tl_19" primaryLanguage="English" custom="structure {type:default;} readingOrder {index:5;}">
        <Coords points="20,4053 3510,4053 3510,4310 20,4310"/>
        <Baseline points="21,4250 486,4245 610,4248 914,4235 1878,4227 2310,4225 3066,4219 3510,4210"/>
        <Word id="w_w2aab1b1b2b7c11ab1">
          <Coords points="20,4053 3510,4053 3510,4310 20,4310"/>
          <TextEquiv>
            <Unicode>affaire à des Spectateurs aſſez difficiles. Les</Unicode>
          </TextEquiv>
          <TextStyle fontFamily="Times New Roman" fontSize="8.0"/>
        </Word>
      </TextLine>
      <TextLine id="tl_20" primaryLanguage="English" custom="structure {type:default;} readingOrder {index:6;}">
        <Coords points="27,4257 3533,4257 3533,4518 27,4518"/>
        <Baseline points="27,4462 781,4449 1608,4442 2885,4470 3136,4427 3532,4422"/>
        <Word id="w_w2aab1b1b2b7c13ab1">
          <Coords points="27,4257 3533,4257 3533,4518 27,4518"/>
          <TextEquiv>
            <Unicode>Atheniens ſçauoient apparemment, ce que</Unicode>
          </TextEquiv>
          <TextStyle fontFamily="Times New Roman" fontSize="8.0"/>
        </Word>
      </TextLine>
      <TextLine id="tl_21" primaryLanguage="English" custom="structure {type:default;} readingOrder {index:7;}">
        <Coords points="33,4469 3532,4469 3532,4726 33,4726"/>
        <Baseline points="34,4662 863,4652 1063,4649 1343,4646 2044,4684 2487,4643 3131,4634 3531,4630"/>
        <Word id="w_w2aab1b1b2b7c15ab1">
          <Coords points="33,4469 3532,4469 3532,4726 33,4726"/>
          <TextEquiv>
            <Unicode>c’eſtoit que le Sel Attique, &amp; ils eſtoient bien</Unicode>
          </TextEquiv>
          <TextStyle fontFamily="Times New Roman" fontSize="8.0"/>
        </Word>
      </TextLine>
      <TextLine id="tl_22" primaryLanguage="English" custom="structure {type:default;} readingOrder {index:8;}">
        <Coords points="32,4677 3535,4677 3535,4946 32,4946"/>
        <Baseline points="32,4874 398,4866 926,4859 1150,4852 1794,4852 2019,4917 2534,4855 3062,4883 3534,4845"/>
        <Word id="w_w2aab1b1b2b7c17ab1">
          <Coords points="32,4677 3535,4677 3535,4946 32,4946"/>
          <TextEquiv>
            <Unicode>ſeurs quand ils auoient ry d’vne choſe, qu’ils</Unicode>
          </TextEquiv>
          <TextStyle fontFamily="Times New Roman" fontSize="8.0"/>
        </Word>
      </TextLine>
      <TextLine id="tl_23" primaryLanguage="English" custom="structure {type:default;} readingOrder {index:9;}">
        <Coords points="35,4901 2301,4901 2301,5138 35,5138"/>
        <Baseline points="35,5082 997,5066 1383,4969 1677,5070 2225,5070 2300,5041"/>
        <Word id="w_w2aab1b1b2b7c19ab1">
          <Coords points="35,4901 2301,4901 2301,5138 35,5138"/>
          <TextEquiv>
            <Unicode>n’auoient pas ry d’vne ſottiſe.</Unicode>
          </TextEquiv>
          <TextStyle fontFamily="Times New Roman" fontSize="8.0"/>
        </Word>
      </TextLine>
    </TextRegion>
    <TextRegion type="paragraph" id="r_1_5" custom="readingOrder {index:4;}">
      <Coords points="37,5096 3540,5096 3540,6199 37,6199"/>
      <TextLine id="tl_24" primaryLanguage="English" custom="structure {type:default;} readingOrder {index:0;}">
        <Coords points="245,5097 3536,5097 3536,5351 245,5351"/>
        <Baseline points="245,5283 623,5275 1048,5338 1243,5271 1839,5276 3139,5263 3279,5261 3535,5265"/>
        <Word id="w_w2aab1b1b2b9b1ab1">
          <Coords points="245,5097 3536,5097 3536,5351 245,5351"/>
          <TextEquiv>
            <Unicode>Pour moy ie trouue qu’Ariſtophane a eü</Unicode>
          </TextEquiv>
          <TextStyle fontFamily="Times New Roman" fontSize="8.0"/>
        </Word>
      </TextLine>
      <TextLine id="tl_25" primaryLanguage="English" custom="structure {type:default;} readingOrder {index:1;}">
        <Coords points="52,5293 3539,5293 3539,5578 52,5578"/>
        <Baseline points="53,5486 554,5520 786,5489 1374,5481 1630,5482 2186,5483 2434,5484 2842,5479 3074,5468 3538,5450"/>
        <Word id="w_w2aab1b1b2b9b3ab1">
          <Coords points="52,5293 3539,5293 3539,5578 52,5578"/>
          <TextEquiv>
            <Unicode>raiſon, de pouſſer les choſes au delà du vray-</Unicode>
          </TextEquiv>
          <TextStyle fontFamily="Times New Roman" fontSize="8.0"/>
        </Word>
      </TextLine>
      <TextLine id="tl_26" primaryLanguage="English" custom="structure {type:default;} readingOrder {index:2;}">
        <Coords points="39,5501 3529,5501 3529,5782 39,5782"/>
        <Baseline points="39,5694 817,5692 1285,5703 1789,5692 2037,5689 3017,5684 3528,5658"/>
        <Word id="w_w2aab1b1b2b9b5ab1">
          <Coords points="39,5501 3529,5501 3529,5782 39,5782"/>
          <TextEquiv>
            <Unicode>ſemblable. Les Iuges de l’Aréopage n’au¬</Unicode>
          </TextEquiv>
          <TextStyle fontFamily="Times New Roman" fontSize="8.0"/>
        </Word>
      </TextLine>
      <TextLine id="tl_27" primaryLanguage="English" custom="structure {type:default;} readingOrder {index:3;}">
        <Coords points="38,5721 3524,5721 3524,5982 38,5982"/>
        <Baseline points="38,5898 487,5901 791,5901 1651,5898 2255,5894 2704,5932 3139,5886 3523,5886"/>
        <Word id="w_w2aab1b1b2b9b7ab1">
          <Coords points="38,5721 3524,5721 3524,5982 38,5982"/>
          <TextEquiv>
            <Unicode>roient pas peut-eſtre trouué bon, qu’il euſt</Unicode>
          </TextEquiv>
          <TextStyle fontFamily="Times New Roman" fontSize="8.0"/>
        </Word>
      </TextLine>
      <TextLine id="tl_28" primaryLanguage="English" custom="structure {type:default;} readingOrder {index:4;}">
        <Coords points="48,5921 3503,5921 3503,6198 48,6198"/>
        <Baseline points="49,6106 610,6107 846,6113 1438,6104 1810,6099 2402,6112 2658,6101 3275,6141 3502,6098"/>
        <Word id="w_w2aab1b1b2b9b9ab1">
          <Coords points="48,5921 3503,5921 3503,6198 48,6198"/>
          <TextEquiv>
            <Unicode>marqué au naturel leur auidité de gagner, les</Unicode>
          </TextEquiv>
          <TextStyle fontFamily="Times New Roman" fontSize="8.0"/>
        </Word>
      </TextLine>
    </TextRegion>
    <SeparatorRegion id="r_2" custom="readingOrder {index:5;}">
            <Coords points="4053,0 4054,0 4054,22 4053,22"/>
        </SeparatorRegion>
  </Page>
</PcGts>
