4109 7682
555 310 3216 532 82 LES PLAIDEVRS,

1805 596 2755 726 DANDIN.

2907 777 3824 941 Repoſez-vous.

552 927 1373 1076 Et concluez.

1260 1138 3339 1314 L’INTIME' d'vn ton peſant.

1085 1425 3881 1606 Puis donc, qu’on nous, permet, de prendre,

551 1589 3930 1775 Haleine, & que l'on nous, defend, de nous, eſtendre,

546 1761 3634 1943 Ie vais, ſans rien obmettre, & ſans préuariquer,

552 1925 3215 2105 Compendieuſement énoncer, expliquer,

551 2093 3011 2271 Expoſer, à vos yeux, l’idée vniuerſelle

551 2258 3535 2431 De ma cauſe, & des faits, renfermez, en icelle.

1856 2508 2804 2678 DANDIN.

560 2740 3343 2919 Il auroit plûtoſt fait de dire tout vingt fois,

567 2911 3897 3097 Que de l'abbreger vne. Homme, ou qui que tu ſois,

561 3077 3794 3265 Diable, conclus, ou bien que le Ciel te confonde.

1815 3327 2896 3467 L'INTIME'.

576 3492 1084 3645 Ie finis.

1874 3665 2861 3815 DANDIN.

1193 3835 1437 3976 Ah!

1795 4010 2876 4146 L'INTIME'.

1598 4239 3690 4385 Auant la naiſſance du Monde....

1551 4481 3167 4621 DANDIN baaillant.

591 4710 2588 4895 Auocat, ah paſſons au Déluge.

1846 4959 2918 5092 L'INTIME'.

2860 5123 3669 5281 Auant donc,

603 5285 3161 5445 La naiſſance du Monde, & ſa création.

609 5456 3572 5625 Le Monde, l'Vniuers, Tout, la Nature entiere

624 5625 3146 5767 Eſtoit enſeuelie au fonds de la matiere,

618 5794 3450 5957 Les elemens, le feu, l'air, & la terre, & l'eau,

628 5959 3733 6141 Enfoncez, entaſſez, ne faiſoient qu'vn monceau,
