4144 7711
707 294 3408 549 76 LES PLAIDEVRS,

1663 584 3325 744 LE SOVFFLEVR.

1203 804 1877 961 Le chien!

1799 1030 3179 1176 PETIT IEAN.

2053 1243 2727 1390 Le chien.

1700 1493 3369 1648 LE SOVFFLEVR.

2673 1698 3314 1827 Le butor!

1842 1934 3225 2090 PETIT IEAN.

3316 2098 3896 2256 Le butor.

1659 2275 3344 2437 LE SOVFFLEVR.

750 2512 1973 2671 Peſte de l'Auocat!

1858 2655 3199 2810 PETIT IEAN.

2121 2868 3703 3068 Ah peſte de toy-meſme!

761 3046 3482 3271 Voyez cet autre auec ſa Face de Careſme.

756 3250 1967 3399 Va-t'en au diable.

2054 3404 3028 3551 DANDIN.

1939 3605 3918 3839 Et vous, venez au fait. Vn mot

770 3832 1308 3981 Du fait.

1904 3971 3248 4123 PETIT IEAN.

1351 4203 3813 4411 Eh faut-il tant tourner autour du pot?

780 4374 3928 4587 Ils me font dire auſſi des mots longs d'vne toiſe,

780 4539 4117 4770 De grãds mots qui tiendroient d'icy juſqu’à Pontoiſe

790 4711 3860 4937 Pour moy, ie ne ſçay point tant faire de façon,

795 4879 4131 5107 Pour dire qu’vn Maſtin vient de prendre vu Chapon.

787 5053 4089 5279 Tant y a qu'il n’eſt rien que voſtre Chien ne prenne,

791 5222 3937 5447 Qu'il a mangé là-bas vn bon Chapon du Maine;

802 5405 3512 5617 Que la premiere fois que ie l'y trouueray,

812 5566 3652 5792 Son procez eſt tout fait, & ie l'aſſommeray.

2025 5844 3102 5987 LEANDRE.

813 6072 3331 6296 Belle concluſion, & digne de l'exorde!
