4109 7682
546 315 3231 541 84 LES PLAIDEURS,

540 529 3342 706 De Monde, de cahos, i’ay la teſte troublée.

540 705 1428 842 Hé concluez.

893 938 3732 1112 L'INTIME' luy préſentant de petits Chiens.

1621 1177 3183 1331 Venez, famille deſolée.

535 1337 3891 1520 Venez, pauures enfans, qu'on veut rendre orphelins,

530 1507 3193 1679 Venez faire parler vos ſoûpirs enfantins.

536 1677 3472 1858 Oüy, Meſſieurs, vous voyez icy noſtre miſere.

536 1835 3830 2024 Nous ſommes orphelins. Rendez-nous noſtre Pere,

540 2009 3384 2194 Noſtre Pere par qui nous fuſmes engendrez,

541 2177 2152 2356 Noſtre Pere qui nous....

1809 2415 2789 2547 DANDIN.

2271 2642 3463 2800 Tirez, tirez, tirez,

1742 2885 2805 3019 L'INTIME'.

530 3113 2224 3278 Noſtre Pere, Meſſieurs....

1820 3363 2770 3493 DANDIN.

1799 3569 3679 3728 Tirez donc. Quels vacarmes!

521 3735 1857 3919 Ils ont piſſé par tout.

1773 3953 2831 4095 LEANDRE.

1860 4185 3856 4354 Monſieur, ce ſont leurs larmes.

1814 4429 2778 4565 DANDIN.

525 4657 3230 4837 Ouf. Ie me ſens déja pris de compaſſion.

525 4827 3395 5014 Ce que c'eſt qu'à propos toucher la paſſion!

515 4997 3281 5171 Ie ſuis bien empeſché. La verité me preſſe.

515 5167 3437 5340 Le crime eſt aueré, luy-meſme il le confeſſe.

520 5335 3401 5514 Mais s'il eſt condamné, l’embarras eſt égal,

520 5495 3240 5679 Voila bien des enfans reduits à l’Hoſpital.

526 5671 3462 5860 Mais ie ſuis occupé, ie ne veux voir perſonne.
