4132 7691
1514 319 3507 512 AV LECTEVR.

752 528 4109 758 bons tours de leurs Secretaires, & les forfan¬

738 740 4104 1002 teries de leurs Aduocats. Il eſtoit à propos

740 944 4102 1194 d’outrer vn peu les Perſonnages pour les em¬

742 1152 4104 1394 peſcher de ſe reconnoiſtre. Le Public ne laiſ¬

728 1364 4102 1614 ſoit pas de diſcerner le vray au trauers du ri¬

735 1572 4100 1814 dicule; & ie m'aſſure qu’il vaut mieux auoir

737 1780 4102 2022 occupé l’impertinente eloquence de deux

743 1988 4101 2230 Orateurs autour d’vn Chien accuſé, que ſi l’on

729 2164 4132 2402 auoit mis ſur la ſellette vn veritable criminel,

743 2408 4109 2654 & qu’on euſt intereſſé les Spectateurs à la vie

730 2616 1835 2786 d’vn Homme.

879 2830 4105 3074 Quoy qu’il en ſoit, ie puis dire que noſtre

730 3032 4132 3278 Siecle n’a pas eſté de plus mauuaiſe humeur

724 3244 4110 3490 que le ſien, & que ſi le but de ma Comedie

718 3456 4112 3678 eſtoit de faire rire, iamais Comedie n’a mieux

716 3668 4114 3910 attrapé ſon but. Ce n’eſt pas que i’attends

710 3872 4100 4118 vn grand honneur d’auoir aſſez long-temps

708 4080 4106 4330 réjoüy le monde. Mais ie me ſçay quelque

707 4288 4100 4534 gré de l’auoir fait, ſans qu’il m’en ait couſté

705 4488 4103 4746 vn ſeul de ces ſales équiuoques, & de ces mal¬

707 4712 4109 4958 honneſtes plaiſanteries, qui couſtent mainte¬

701 4876 4132 5174 nant ſi peu à la pluſpart de nos Ecriuains ; &

707 5124 4132 5366 qui font retomber le Theatre dans la turpi¬

705 5336 4107 5598 tude, d’où quelques Autheurs plus modeſtes

700 5512 1777 5763 l’auoient tiré.
