4156 7809
759 295 3514 539 68 LES PLAIDEVRS,

1809 706 3216 863 PETIT IEAN.

754 1015 3984 1252 Ie vous entens. Oüy, mais d’vne premiere cauſe,

750 1189 3820 1410 Monſieur, a l’Auocat reuient-il quelque choſe?

1941 1555 3063 1708 LEANDRE.

739 1863 3936 2109 Ah fy. Garde-roy bien d’en vouloir rien toucher.

742 2032 3858 2255 C’eſt la cauſe d'honneur, on l'achete bien cher.

738 2202 3360 2427 On ſeme des billets par toute la famille;

732 2380 3084 2605 Et le petit Garçon, & la petite Fille,

742 2549 4073 2785 Oncle, Tante, Couſins, tout vient, juſques au Chat,

732 2721 3594 2946 Dormir au Plaidoyé de Monſieur l'Auocat.

2019 3098 3043 3245 DANDIN.

721 3403 4153 3655 Allons nous préparer. Cà, Meſſieurs, point d’intrigue.

742 3583 3962 3815 Fermons l'œil aux préſens, & l'oreille à la brigue.

742 3756 3778 3973 Vous, Maiſtre Petit Iean, ſerez le demandeur.

734 3924 3663 4150 Vous, Maiſtre l'intimé, ſoyez le défendeur.

1680 4265 3447 4491 Fin du Second Acte.
