4109 7879
3395 297 3549 450 81

1065 296 2462 465 COMEDIE.

120 502 3099 736 Quelle maiſon? Maiſon de noſtre propre Iuge.

129 677 2678 884 On briſe le ſellier qui nous ſert de refuge.

120 852 3179 1060 De vol, de brigandage, on nous declare auteurs.

129 1017 3274 1228 On nous traiſne. On nous liure à nos accuſateurs.

124 1195 3199 1398 A Maiſtre Petit Iean, Meſſieurs. Ie vous atteſte

125 1369 2962 1590 Qui ne ſçait que la Loy Si quis Canis, Digeſte

124 1551 2728 1752 De vi, Paragrapho, Meſſieurs, Caponibus

129 1720 2632 1912 Eſt manifeſtement contraire à cet abus?

128 1891 2972 2110 Et quand il ſeroit vray, que Citron ma Partie

124 2068 3147 2268 Auroit mangé Meſſieurs, le tout, ou bien partie

125 2234 3100 2432 Dudit Chapon. Qu'on mette en compenſation

130 2418 2807 2620 Ce que nous auons fait auant cette action.

125 2589 2930 2780 Quand ma Partie a-t'elle eſté réprimandée?

124 2762 2781 2964 Par qui voſtre maiſon a-t'elle eſté gardée?

131 2933 3248 3132 Quand auons-nous manqué d’abboyer au larron?

126 3109 2967 3302 Témoin trois Procureurs dont iceluy Citron

125 3284 2800 3472 A déchiré la robbe. On en verra les pieces.

124 3453 3237 3654 Pour nous juſtifier, voulez-vous d'autres Pieces?

1100 3794 2471 3936 PETIT IEAN.

129 3982 1162 4138 Maiſtre Adam....

1222 4161 2319 4318 L'INTIME'.

910 4396 1803 4552 Laiſſez-nous.

1133 4642 2462 4798 PETIT IEAN.

1557 4885 2324 5028 L'Intimé...

1282 5127 2361 5273 L'INTIME'.

2347 5305 3246 5453 Laiſſez-nous.

1101 5544 2488 5694 PETIT IEAN.

120 5699 651 5854 S’enrouë.

1245 5889 2366 6071 L'INTIME'.

410 6112 2175 6297 Hé laiſſez-nous, Euh. Euh.
