4066 7819
957 318 2358 484 COMEDIE.

3246 354 3470 548 63

434 1245 2962 1555 SCENE XII.

202 1687 3266 1899 LA COMTESSE, LEANDRE,

860 1981 2495 2125 LA COMTESSE.

54 2210 2806 2560 Miſerable! il s’en va luy préuenir l'eſprit.

776 2397 1806 2556 Par le ſoupirail.

70 2564 3154 2752 Monſieur, ne croyez rien de tout ce qu’il vous dit.

61 2738 2752 2913 Il n’a point de témoins. C’eſt vn menteur.

1129 2991 2247 3131 LEANDRE.

2577 3117 3227 3360 Madame,

59 3321 3471 3505 Que leur contez-vous là? Peut-eſtre ils rendent l'ame.

850 3577 2520 3715 LA COMTESSE.

70 3814 2810 3996 Il luy fera, Monſieur, croire ce qu’il voudra.

66 3982 1246 4163 Souffrez que i’entre.

1151 4239 2248 4369 LEANDRE.

1228 4470 3131 4650 Oh non, perſonne n’entrera.

919 4719 2543 4849 LA COMTESSE.

70 4952 2885 5134 Ie le voy bien, Monſieur, le vin muſcat opere

70 5130 2832 5320 Auſſi bien ſur le Fils que ſur l’eſprit du Pere.

76 5294 2748 5487 Patience, Ie vais proteſter comme il faut,

82 5462 2990 5666 Contre Monſieur le Iuge, & contre le cartaut.

1171 5747 2258 5871 LEANDRE.

75 5958 2873 6150 Allez donc, & ceſſez de nous rompre la teſte.

75 6116 2711 6321 Que de fous! Ie ne fus iamais à telle feſte.
