4109 7769
700 198 3453 423 74 LES PLAIDEVRS,

698 420 2387 596 Quand ie voy le Iapon....

1951 659 3026 806 L’INTIME'.

2320 887 3941 1054 Quand aura-t’il tout veû?

1861 1140 3208 1270 PETIT IEAN.

714 1354 3617 1552 Oh pourquoy celuy-là m’a-t’il interrompu?

713 1533 2098 1716 Ie ne diray plus rien,

2050 1707 3024 1837 DANDIN.

2273 1920 3663 2090 Auocat incommode,

719 2084 3344 2271 Que ne luy laiſſez-vous finir ſa période?

720 2257 3427 2443 Ie ſuois ſang & eau, pour voir ſi du Iapon

731 2418 3736 2613 Il viendroit à bon port au fait de ſon Chapon,

730 2594 3710 2781 Et vous l'interrompez par vn diſcours friuole.

741 2779 2161 2947 Parlez donc, Auocat,

1850 3020 3218 3158 PETIT IEAN.

2426 3210 3737 3394 I'ay perdu la parole.

2011 3435 3082 3570 LEANDRE.

751 3658 3615 3851 Acheue, Petit Iean, c’eſt fort bien débutté.

761 3832 3780 4033 Mais que font là tes bras pendans à ton coſté?

768 4003 3843 4189 Te voila ſur tes pieds droit comme vne Statuë,

761 4175 4010 4383 Dégourdy-toy, Courage; Allons, qu’on s’éuertuë.

1306 4416 3763 4567 PETIT IEAN remuant les bras.

783 4625 3114 4815 Quand... ie voy... Quand... ie voy...

2038 4871 3115 5010 LEANDRE.

2609 5076 4088 5265 Dy donc ce que tu vois.

1898 5330 3239 5472 PETIT IEAN.

819 5541 3956 5721 Oh dame, on ne court pas deux Lievres à la fois.

1708 5799 3397 5953 LE SOVFFLEVR.

823 5981 1370 6121 On lit...
