4156 7769
861 224 3580 454 70 LES PLAIDEVRS,

871 433 3810 642 Et dans vne pourſuite à vous-meſme funeſte,

866 606 3743 778 Vous en voulez encore abſorber tout le reſte.

872 758 4156 996 Ne vaudroit-il pas mieux, ſans soucis, ſans chagrins,

870 914 3427 1133 Et de vos reuenus regalant vos voiſins,

870 1116 3649 1300 Viure en Pere jaloux du bien de la famille,

871 1282 3774 1466 Pour en laiſſer vn jour le fonds à voſtre Fille;

861 1454 3622 1636 Que de nourrir vn tas d’Officiers affamez,

865 1625 4092 1843 Qui moiſſonnent les champs que vous auez ſemez,

862 1798 4135 2019 Dont la main toûjours pleine, & toûjours indigente,

866 1966 4077 2163 S’engraiſſe impunément de vos Chapons de rente?

871 2140 3974 2336 Le beau plaiſir d’aller tout mourant de ſommeil,

866 2306 3601 2498 A la porte d’vn Iuge, attendre ſon reſveil,

865 2475 3940 2668 Et d’eſſuyer le vent qui vous ſouffle aux oreilles,

849 2652 4020 2847 Tandis que Monſieur dort, & cuue vos bouteilles;

872 2818 3827 3007 Ou bien ſi vous entrez, de paſſer tout vn jour

856 2986 3915 3177 A conter, en grondant, les carreaux de ſa cour!

856 3159 4003 3349 Hé, Monſieur, croyez-moy, quittez cette miſere.

1824 3478 3406 3615 CHICANNEAV.

851 3771 3966 3955 Vrayment, vous me donnez vn conſeil ſalutaire,

850 3940 3701 4129 Et deuant qu'il ſoit peu, ie veux en profiter.

861 4112 3789 4291 Mais ie vous prie au moins de bien ſolliciter.

855 4275 3966 4467 Puis que Monſieur Dandin va donner audiance,

862 4451 3495 4643 Ie vais faire venir ma Fille en diligence.

861 4626 3658 4811 On peut l’interroger, elle eſt de bonne foy,

846 4793 3920 4985 Et meſme elle ſçaura mieux répondre que moy.

2102 5140 3195 5272 LEANDRE.

835 5447 3459 5638 Allez, & reuenez, l'on vous fera juſtice.

1753 5781 3450 5922 LE SOVFFLEVR.

851 6016 1810 6179 Quel homme!
