<?xml version="1.0" encoding="UTF-8"?>
<PcGts xmlns="http://schema.primaresearch.org/PAGE/gts/pagecontent/2013-07-15" xmlns:xsi="http://www.w3.org/2001/XMLSchema-instance" xmlns:xs="http://www.w3.org/2001/XMLSchema" xmlns:pr="http://schema.primaresearch.org/PAGE/gts/pagecontent/2013-07-15" xsi:schemaLocation="http://schema.primaresearch.org/PAGE/gts/pagecontent/2013-07-15 http://schema.primaresearch.org/PAGE/gts/pagecontent/2013-07-15/pagecontent.xsd">
  <Metadata>
        <Creator/>
        <Created>2019-03-19T09:36:45.406+01:00</Created>
        <LastChange>2019-03-19T09:54:49.992+01:00</LastChange>
        <Comments>
                Measurement unit: pixel
                PrimaryLanguage: English
                Language: FrenchStandard
                Producer: ABBYY FineReader Engine 11</Comments>
        <TranskribusMetadata docId="146123" pageId="5420277" pageNr="71" tsid="9064840" status="DONE" userId="10612" imgUrl="https://files.transkribus.eu/Get?id=MECKJTNJHQKLEXRWICIKZAIY&amp;fileType=view" xmlUrl="https://files.transkribus.eu/Get?id=PGLNFUWJOYHCHIRAPEKYRORA" imageId="2826303"/>
    </Metadata>
  <Page imageFilename="Racine1669_Plaideurs_corrected_0071.png" imageWidth="4066" imageHeight="7910">
    <PrintSpace>
            <Coords points="0,220 3591,220 3591,6620 0,6620"/>
        </PrintSpace>
    <ReadingOrder>
            <OrderedGroup id="ro_1604178037233" caption="Regions reading order">
                <RegionRefIndexed index="0" regionRef="r_1_1"/>
                <RegionRefIndexed index="1" regionRef="r_1_2"/>
                <RegionRefIndexed index="2" regionRef="r_1_4"/>
                <RegionRefIndexed index="3" regionRef="r_1_5"/>
                <RegionRefIndexed index="4" regionRef="r_1_6"/>
                <RegionRefIndexed index="5" regionRef="r_1_7"/>
                <RegionRefIndexed index="6" regionRef="r_1_8"/>
                <RegionRefIndexed index="7" regionRef="r_1_9"/>
                <RegionRefIndexed index="8" regionRef="r_1_10"/>
                <RegionRefIndexed index="9" regionRef="r_1_11"/>
                <RegionRefIndexed index="10" regionRef="r_1_12"/>
                <RegionRefIndexed index="11" regionRef="r_1_13"/>
                <RegionRefIndexed index="12" regionRef="r_1_14"/>
                <RegionRefIndexed index="13" regionRef="r_1_15"/>
                <RegionRefIndexed index="14" regionRef="r_1_16"/>
                <RegionRefIndexed index="15" regionRef="r_1_17"/>
                <RegionRefIndexed index="16" regionRef="r_1_18"/>
                <RegionRefIndexed index="17" regionRef="r_1_19"/>
            </OrderedGroup>
        </ReadingOrder>
    <TextRegion type="paragraph" id="r_1_1" custom="readingOrder {index:0;}">
      <Coords points="1019,249 3550,249 3550,499 1019,499"/>
      <TextLine id="tl_1" primaryLanguage="English" custom="structure {type:default;} readingOrder {index:0;}">
        <Coords points="1020,250 3549,250 3549,498 1020,498"/>
        <Baseline points="1020,430 2481,430 3469,490 3549,490"/>
        <Word id="w_w2aab1b1b2b1b1ab1">
          <Coords points="1020,250 3549,250 3549,498 1020,498"/>
          <TextEquiv>
            <Unicode>COMEDIE. 55</Unicode>
          </TextEquiv>
        </Word>
      </TextLine>
    </TextRegion>
    <TextRegion type="paragraph" id="r_1_2" custom="readingOrder {index:1;}">
      <Coords points="336,650 3203,650 3203,842 336,842"/>
      <TextLine id="tl_2" primaryLanguage="English" custom="structure {type:default;} readingOrder {index:0;}">
        <Coords points="337,651 3202,651 3202,841 337,841"/>
        <Baseline points="338,841 1562,829 1758,788 2062,791 3202,815"/>
        <Word id="w_w2aab1b1b2b3b1ab1">
          <Coords points="337,651 3202,651 3202,841 337,841"/>
          <TextEquiv>
            <Unicode>CHICANNEAV, &amp; LA COMTESSE.</Unicode>
          </TextEquiv>
          <TextStyle fontFamily="Times New Roman" fontSize="7.5"/>
        </Word>
      </TextLine>
    </TextRegion>
    <TextRegion type="paragraph" id="r_1_4" custom="readingOrder {index:2;}">
      <Coords points="66,1002 2988,1003 2988,1227 66,1226"/>
      <TextLine id="tl_4" primaryLanguage="English" custom="structure {type:default;} readingOrder {index:0;}">
        <Coords points="70,1004 2987,1004 2987,1226 70,1226"/>
        <Baseline points="73,1223 159,1226 215,1205 331,1189 715,1168 1215,1154 1551,1141 1907,1144 2479,1146 2987,1168"/>
        <Word id="w_w2aab1b1b2b7b1ab5">
          <Coords points="70,1004 2987,1004 2987,1226 70,1226"/>
          <TextEquiv>
            <Unicode>Vous voyez deuant vous mon aduerſe Partie.</Unicode>
          </TextEquiv>
        </Word>
      </TextLine>
    </TextRegion>
    <TextRegion type="paragraph" id="r_1_5" custom="readingOrder {index:3;}">
      <Coords points="1191,1369 2293,1369 2293,1511 1191,1511"/>
      <TextLine id="tl_5" primaryLanguage="English" custom="structure {type:default;} readingOrder {index:0;}">
        <Coords points="1192,1370 2292,1370 2292,1510 1192,1510"/>
        <Baseline points="1192,1506 1396,1501 2292,1506"/>
        <Word id="w_w2aab1b1b2b9b1ab1">
          <Coords points="1192,1370 2292,1370 2292,1510 1192,1510"/>
          <TextEquiv>
            <Unicode>L'INTIME’.</Unicode>
          </TextEquiv>
          <TextStyle fontFamily="Times New Roman" fontSize="7.5"/>
        </Word>
      </TextLine>
    </TextRegion>
    <TextRegion type="paragraph" id="r_1_6" custom="readingOrder {index:4;}">
      <Coords points="86,1715 3392,1715 3392,2619 86,2619"/>
      <TextLine id="tl_6" primaryLanguage="English" custom="structure {type:default;} readingOrder {index:0;}">
        <Coords points="89,1716 2954,1716 2954,1918 89,1918"/>
        <Baseline points="89,1914 518,1916 666,1876 913,1863 1269,1858 1757,1852 2093,1859 2293,1850 2461,1854 2954,1880"/>
        <Word id="w_w2aab1b1b2c11b1ab1">
          <Coords points="89,1716 2954,1716 2954,1918 89,1918"/>
          <TextEquiv>
            <Unicode>Parbleu, ie me veux mettre auſſi de la partie.</Unicode>
          </TextEquiv>
          <TextStyle fontFamily="Times New Roman" fontSize="8.0"/>
        </Word>
      </TextLine>
      <TextLine id="tl_7" primaryLanguage="English" custom="structure {type:default;} readingOrder {index:1;}">
        <Coords points="170,2078 3391,2078 3391,2249 170,2249"/>
        <Baseline points="170,2241 1323,2245 1575,2217 2239,2226 2435,2210 3391,2231"/>
        <Word id="w_w2aab1b1b2c11b3ab1">
          <Coords points="170,2078 3391,2078 3391,2249 170,2249"/>
          <TextEquiv>
            <Unicode>CHICANNEAV, LA COMT. &amp; L’INTIME’.</Unicode>
          </TextEquiv>
          <TextStyle fontFamily="Times New Roman" fontSize="7.5"/>
        </Word>
      </TextLine>
      <TextLine id="tl_8" primaryLanguage="English" custom="structure {type:default;} readingOrder {index:2;}">
        <Coords points="87,2428 2916,2428 2916,2618 87,2618"/>
        <Baseline points="88,2606 620,2616 772,2579 1160,2566 1396,2613 1740,2556 1956,2556 2324,2566 2916,2584"/>
        <Word id="w_w2aab1b1b2c11b5ab1">
          <Coords points="87,2428 2916,2428 2916,2618 87,2618"/>
          <TextEquiv>
            <Unicode>Monſieur, ie viens icy pour vn petit Exploit.</Unicode>
          </TextEquiv>
          <TextStyle fontFamily="Times New Roman" fontSize="8.0"/>
        </Word>
      </TextLine>
    </TextRegion>
    <TextRegion type="paragraph" id="r_1_7" custom="readingOrder {index:5;}">
      <Coords points="960,2788 2578,2788 2578,2936 960,2936"/>
      <TextLine id="tl_9" primaryLanguage="English" custom="structure {type:default;} readingOrder {index:0;}">
        <Coords points="961,2789 2577,2789 2577,2935 961,2935"/>
        <Baseline points="961,2927 2577,2873"/>
        <Word id="w_w2aab1b1b2c13b1ab1">
          <Coords points="961,2789 2577,2789 2577,2935 961,2935"/>
          <TextEquiv>
            <Unicode>CHICANNEAV.</Unicode>
          </TextEquiv>
          <TextStyle fontFamily="Times New Roman" fontSize="7.5"/>
        </Word>
      </TextLine>
    </TextRegion>
    <TextRegion type="paragraph" id="r_1_8" custom="readingOrder {index:6;}">
      <Coords points="81,3138 3287,3138 3287,3327 81,3327"/>
      <TextLine id="tl_10" primaryLanguage="English" custom="structure {type:default;} readingOrder {index:0;}">
        <Coords points="82,3139 3286,3139 3286,3326 82,3326"/>
        <Baseline points="82,3290 274,3325 926,3315 1258,3266 1370,3265 1742,3296 2394,3266 2862,3276 3286,3291"/>
        <Word id="w_w2aab1b1b2c15b1ab1">
          <Coords points="82,3139 3286,3139 3286,3326 82,3326"/>
          <TextEquiv>
            <Unicode>Hé, Meſſieurs, tour à tour, expoſons noſtre droit.</Unicode>
          </TextEquiv>
          <TextStyle fontFamily="Times New Roman" fontSize="7.5"/>
        </Word>
      </TextLine>
    </TextRegion>
    <TextRegion type="paragraph" id="r_1_9" custom="readingOrder {index:7;}">
      <Coords points="918,3496 2568,3496 2568,3648 918,3648"/>
      <TextLine id="tl_11" primaryLanguage="English" custom="structure {type:default;} readingOrder {index:0;}">
        <Coords points="919,3497 2567,3497 2567,3647 919,3647"/>
        <Baseline points="919,3639 1011,3639 2567,3641"/>
        <Word id="w_w2aab1b1b2c17b1ab1">
          <Coords points="919,3497 2567,3497 2567,3647 919,3647"/>
          <TextEquiv>
            <Unicode>LA COMTESSE.</Unicode>
          </TextEquiv>
        </Word>
      </TextLine>
    </TextRegion>
    <TextRegion type="paragraph" id="r_1_10" custom="readingOrder {index:8;}">
      <Coords points="75,3841 3542,3841 3542,4047 75,4047"/>
      <TextLine id="tl_12" primaryLanguage="English" custom="structure {type:default;} readingOrder {index:0;}">
        <Coords points="76,3842 3541,3842 3541,4046 76,4046"/>
        <Baseline points="76,4006 289,3993 669,4000 1013,3991 1193,3990 1549,3985 1781,3984 2093,3979 2569,3985 3541,4002"/>
        <Word id="w_w2aab1b1b2c19b1ab1">
          <Coords points="76,3842 3541,3842 3541,4046 76,4046"/>
          <TextEquiv>
            <Unicode>Son droit? Tout ce qu’il dit ſont autant d’impoſtures.</Unicode>
          </TextEquiv>
          <TextStyle fontFamily="Times New Roman" fontSize="7.5"/>
        </Word>
      </TextLine>
    </TextRegion>
    <TextRegion type="paragraph" id="r_1_11" custom="readingOrder {index:9;}">
      <Coords points="1264,4213 2271,4213 2271,4347 1264,4347"/>
      <TextLine id="tl_13" primaryLanguage="English" custom="structure {type:default;} readingOrder {index:0;}">
        <Coords points="1265,4214 2270,4214 2270,4346 1265,4346"/>
        <Baseline points="1265,4346 1398,4346 1550,4341 1726,4344 1910,4340 2030,4335 2270,4342"/>
        <Word id="w_w2aab1b1b2c21b1ab1">
          <Coords points="1265,4214 2270,4214 2270,4346 1265,4346"/>
          <TextEquiv>
            <Unicode>DANDIN.</Unicode>
          </TextEquiv>
          <TextStyle fontFamily="Times New Roman" fontSize="7.5"/>
        </Word>
      </TextLine>
    </TextRegion>
    <TextRegion type="paragraph" id="r_1_12" custom="readingOrder {index:10;}">
      <Coords points="77,4451 1812,4451 1812,4647 77,4647"/>
      <TextLine id="tl_14" primaryLanguage="English" custom="structure {type:default;} readingOrder {index:0;}">
        <Coords points="78,4452 1811,4452 1811,4646 78,4646"/>
        <Baseline points="78,4618 995,4591 1327,4590 1491,4585 1811,4596"/>
        <Word id="w_w2aab1b1b2c23b1ab1">
          <Coords points="78,4452 1811,4452 1811,4646 78,4646"/>
          <TextEquiv>
            <Unicode>Qu'es-ce qu’on vous a fait?</Unicode>
          </TextEquiv>
          <TextStyle fontFamily="Times New Roman" fontSize="7.5"/>
        </Word>
      </TextLine>
    </TextRegion>
    <TextRegion type="paragraph" id="r_1_13" custom="readingOrder {index:11;}">
      <Coords points="198,4801 3401,4801 3401,4990 198,4990"/>
      <TextLine id="tl_15" primaryLanguage="English" custom="structure {type:default;} readingOrder {index:0;}">
        <Coords points="199,4802 3400,4802 3400,4989 199,4989"/>
        <Baseline points="199,4945 1336,4969 2328,4982 2492,4950 2744,4949 3400,4947"/>
        <Word id="w_w2aab1b1b2c25b1ab1">
          <Coords points="199,4802 3400,4802 3400,4989 199,4989"/>
          <TextEquiv>
            <Unicode>CHICANNEAV, L’INTIME’, &amp; LA COMT.</Unicode>
          </TextEquiv>
          <TextStyle fontFamily="Times New Roman" fontSize="7.5"/>
        </Word>
      </TextLine>
    </TextRegion>
    <TextRegion type="paragraph" id="r_1_14" custom="readingOrder {index:12;}">
      <Coords points="1615,5054 3218,5054 3218,5241 1615,5241"/>
      <TextLine id="tl_16" primaryLanguage="English" custom="structure {type:default;} readingOrder {index:0;}">
        <Coords points="1616,5055 3217,5055 3217,5240 1616,5240"/>
        <Baseline points="1616,5200 1837,5192 2157,5191 2397,5194 2649,5189 3217,5199"/>
        <Word id="w_w2aab1b1b2c27b1ab1">
          <Coords points="1616,5055 3217,5055 3217,5240 1616,5240"/>
          <TextEquiv>
            <Unicode>On m’a dit des injures.</Unicode>
          </TextEquiv>
          <TextStyle fontFamily="Times New Roman" fontSize="7.5"/>
        </Word>
      </TextLine>
    </TextRegion>
    <TextRegion type="paragraph" id="r_1_15" custom="readingOrder {index:13;}">
      <Coords points="832,5420 2699,5420 2699,5560 832,5560"/>
      <TextLine id="tl_17" primaryLanguage="English" custom="structure {type:default;} readingOrder {index:0;}">
        <Coords points="833,5421 2698,5421 2698,5559 833,5559"/>
        <Baseline points="833,5551 926,5551 1690,5557 2698,5545"/>
        <Word id="w_w2aab1b1b2c29b1ab1">
          <Coords points="833,5421 2698,5421 2698,5559 833,5559"/>
          <TextEquiv>
            <Unicode>L'INTIME’ continuant.</Unicode>
          </TextEquiv>
        </Word>
      </TextLine>
    </TextRegion>
    <TextRegion type="paragraph" id="r_1_16" custom="readingOrder {index:14;}">
      <Coords points="93,5637 3546,5637 3546,5847 93,5847"/>
      <TextLine id="tl_18" primaryLanguage="English" custom="structure {type:default;} readingOrder {index:0;}">
        <Coords points="94,5638 3547,5639 3547,5847 94,5846"/>
        <Baseline points="94,5774 403,5781 591,5784 1739,5828 2031,5791 2719,5785 3537,5794"/>
        <Word id="w_w2aab1b1b2c31b1ab1">
          <Coords points="94,5638 3547,5639 3547,5847 94,5846"/>
          <TextEquiv>
            <Unicode>Outre vn ſoufflet, Mõſieur que i’ay reçeû plusqu’eux.</Unicode>
          </TextEquiv>
          <TextStyle fontFamily="Times New Roman" fontSize="7.5"/>
        </Word>
      </TextLine>
    </TextRegion>
    <TextRegion type="paragraph" id="r_1_17" custom="readingOrder {index:15;}">
      <Coords points="950,5956 2549,5956 2549,6096 950,6096"/>
      <TextLine id="tl_19" primaryLanguage="English" custom="structure {type:default;} readingOrder {index:0;}">
        <Coords points="951,5957 2548,5957 2548,6095 951,6095"/>
        <Baseline points="951,6087 2548,6089"/>
        <Word id="w_w2aab1b1b2c33b1ab1">
          <Coords points="951,5957 2548,5957 2548,6095 951,6095"/>
          <TextEquiv>
            <Unicode>CHICANNEAV.</Unicode>
          </TextEquiv>
          <TextStyle fontFamily="Times New Roman" fontSize="7.5"/>
        </Word>
      </TextLine>
    </TextRegion>
    <TextRegion type="paragraph" id="r_1_18" custom="readingOrder {index:16;}">
      <Coords points="91,6170 3182,6170 3182,6367 91,6367"/>
      <TextLine id="tl_20" primaryLanguage="English" custom="structure {type:default;} readingOrder {index:0;}">
        <Coords points="92,6171 3181,6171 3181,6366 92,6366"/>
        <Baseline points="92,6318 669,6364 816,6331 1076,6334 1580,6333 1789,6340 2084,6335 2280,6334 2552,6329 3181,6335"/>
        <Word id="w_w2aab1b1b2c35b1ab1">
          <Coords points="92,6171 3181,6171 3181,6366 92,6366"/>
          <TextEquiv>
            <Unicode>Monſieur, ie ſuis Couſin de l’vn de vos Neveux.</Unicode>
          </TextEquiv>
          <TextStyle fontFamily="Times New Roman" fontSize="7.5"/>
        </Word>
      </TextLine>
    </TextRegion>
    <TextRegion type="paragraph" id="r_1_19" custom="readingOrder {index:17;}">
      <Coords points="2664,6370 3134,6370 3134,6582 2664,6582"/>
      <TextLine id="tl_21" primaryLanguage="English" custom="structure {type:default;} readingOrder {index:0;}">
        <Coords points="2665,6371 3133,6371 3133,6581 2665,6581"/>
        <Baseline points="2665,6525 2801,6525 3133,6531"/>
        <Word id="w_w2aab1b1b2c37b1ab1">
          <Coords points="2665,6371 3133,6371 3133,6581 2665,6581"/>
          <TextEquiv>
            <Unicode>C iiij.</Unicode>
          </TextEquiv>
          <TextStyle fontFamily="Times New Roman" fontSize="9.5"/>
        </Word>
      </TextLine>
    </TextRegion>
  </Page>
</PcGts>
