4267 5575
873 241 50 77 6

1742 236 1042 132 DISCOVRS

971 315 2775 209 Tyridate ayant reduit Tygrane & Polyxene dans Amaſie, l'emporte

859 432 2882 209 d'aſſaut. Ce n’eſt pas aſſez, il faut qu’il ait cette femme & ce mary, qui

855 538 2882 205 ſont les obiects de ſa haine & de ſon amour, & les cauſes de la guerre.

855 641 2877 190 Au meſme inſtant le mal-heur de ces fidelles Amans les fait tomber entre

855 738 2877 200 ſes mains; ce n’eſt pas encore aſſez pour ſa felicité, s’il ne poſſede Polyxe¬

859 840 2868 228 ne, & s’il ne fait mourir ſon mary; de ſorte qu’il ſe reſout à ces violences,

855 947 2868 200 & ces deux Amans à la mort: Tygrane demande du poiſon à ſa femme,

850 1040 2873 228 elle luy en enuoye, Tyridate le ſurprend, & par vn billet mal expliqué,

850 1152 2873 186 croyant que c’eſt à ſa vie que l’on en veut, & changeant ſon amour en hai¬

845 1240 2868 223 ne, il delibere de les faire mourir; Il s’y reſout; Il en prononce l’Arreſt;

841 1338 2877 209 Voila ce me ſemble le dernier periode de l'action, au deça duquel elle ne

836 1444 2882 205 deuoit pas s’arreſter; & au delà duquel elle ne pouuoit pas croiſtre ſans

832 1547 2891 199 eſtre changée, & c’eſt là auſſi que le Poëte la termine, & que le frere de

827 1644 2891 214 Polyxene qui ſurprend le Tyran, change le mal-heur de ces Amans en vn

822 1742 2891 223 ſupréme bon-heur, & la felicité de Tyridate en vn mal-heur ineſperé, d’où

822 1858 2887 209 pourtant il ſort, par la recognoiſſance de ſes fautes, & par la bonté de

814 1966 1449 147 ceux qu’il auoit iniuſtement offenſez.

901 2062 2808 186 Ie ne parle point icy d’Oroſmane, ny d’Ormene, quoy que ces deux

794 2160 2915 172 perſonnes ſeruent beaucoup à rendre la grandeur de ceſte Tragedie plus

799 2257 2910 196 complette, & qu’ils facent vne partie principale de ſon dénoüement, &

804 2355 2881 186 de ſa connexion; c’eſt vn plaiſir que ie reſerue aux Lecteurs ſans y tou¬

794 2448 2901 209 cher, & qui leur fera remarquer combien ſont ingenieux, l'artifice & la

808 2555 823 134 conduitte du Poëte.

878 2648 2812 195 Certes quand ie conſidere la regularité auec laquelle ceſte action eſt

785 2745 2905 214 portée iuſques à ſon dernier periode, il faut que ie confeſſe que i'en ſuis

794 2861 2891 205 rauy, & que ie die qu’Ariſtote n’a pas mieux enſeigné, que Monſieur de

785 2968 1697 154 Scudery a ſuiuy exactement ſes preceptes.

864 3061 2826 200 La ſeconde regle que le Philoſophe laiſſe, pour la grandeur de la Tra¬

780 3168 2882 181 gedie, eſt celle que nos Dramatiques appellent des vingt-quatre heures,

780 3275 2878 181 d’autant que l’action ſe paſſe dans le temps, & que ſelon le temps qu’il luy

771 3358 2905 210 faut pour s’acheuer, elle peut eſtre appellée, ou grande, ou petite, ou ex¬

771 3470 2891 186 ceſſiue; ceſte regle à ce que veut Ariſtote, a eſté trouuée, pour ſoulager

771 3572 2887 181 la memoire des Spectateurs, & comme les actions de pluſieurs années, ou

771 3674 2877 163 de pluſieurs iours, auroient eu trop d’eſtendue, de ſorte que la memoire

766 3777 2887 181 ne les euſt pas peû retenir ſans effort, & qu’au contraire celles de quel¬

762 3879 2886 176 ques heures ne l’auroient pas aſſez occupée; le Philoſophe a iugé à pro¬

766 3976 2878 186 pos d’enfermer la grandeur de l’action dans l’eſpace d’vne iournée, &

762 4079 2877 190 voulu que les éuenemens qui pourroient arriuer entre deux Soleils, fuſ¬

760 4186 1139 146 ſent les limites de la Tragedie.

836 4274 2794 195 Et certes, outre le trauail & l’attention qu’il euſt fallu apporter, à voir

748 4385 2882 181 repreſenter les actions de pluſieurs années, qui euſſent troublé la me¬

753 4492 2882 202 moire des Auditeurs & laſſé leur patience, ce n’auroit plus eſté vn Art

743 4590 2882 181 que de compoſer des Tragedies. Les Epiſodes qu’Ariſtote conſeille ſi fort, &

739 4687 2881 260 qu’il faut traitter ſi delicatement, en auroient eſté bannis, il n’auroit plus
