4267 5671
988 368 118 114 10

1386 283 2090 241 L’AMOVR TIRANNIQVE,

1750 604 1211 124 PHARNABASE.

963 833 2655 187 Seigneur, qui vous inſtruit en de telles maximes?

976 998 2801 194 CroyeZ vous donc qu'un Roy doiue faire des crimes?

985 1169 2235 187 Et qu'il luy ſoit permis de violer ſa foy,

980 1333 2701 187 Comme n'eſtant plus homme, à cauſe qu'il eſt Roy ?

1937 1613 897 116 TIRIDATE.

998 1837 2615 189 Ceux qui tiennent vn rang de puiſſance infinie,

991 2016 2505 170 Sont inſtruits ſeulement par vn diuin Genie,

1000 2175 2683 177 Qui fait touſiours ceder au cœur d'un Potentat,

1005 2334 2398 188 Cette raiſon commune, à la raiſon d'Eſtat.

1826 2606 1188 124 PHARNABASE.

1015 2828 2417 200 Croyez, vous donc auoir la fortune proſpere,

1016 2988 2799 194 Quand vous aureZ deſtruit vn innocent beau-pere?

1027 3159 2691 201 Croyez vous bien franchir vn pas ſi dangereux?

1023 3316 2795 208 Et qu'vne iniuſte guerre, ait vn ſuccez heureux?

1975 3599 894 124 TIRIDATE.

1038 3817 2621 213 Ne iugez point des Rois, ame vulgaire & baſſe;

1043 4022 2349 174 Ne les meſureZ pas auec vne autre race;

1038 4162 2432 198 Pour les y comparer, ils ſont trop differens,

1056 4318 2775 202 Les Rois ont des ſuiets, & n'ont point de parens.

1846 4600 1212 138 PHARNABASE.

1071 4821 2541 211 Mais ſupoſons enfin que l'on prenne Amaſie,

1076 4976 2781 220 Vous verreZ ſur vos bras, & l'vne & l'autre Aſie;
