4267 5717
1044 233 1649 224 TRAGI-COMEDIE.

3141 271 139 181 15

3342 2140 382 94 Il feint d'y

3346 2230 230 76 reſuer.

3379 3882 322 80 Il le rap¬

3380 3964 376 91 pelle, & luy

3381 4049 334 96 parle bas.

1372 559 1016 139 TIRIDATE.

481 767 2308 252 Tiridate veut viure, ainſi qu'il a veſcu;

486 972 2724 192 Ne vaincre qu'à demy, c'eſt n'auoir pas vaincu:

482 1140 2661 168 Tour arreſter mon bras, cette feinte eſt großiere:

495 1295 2541 191 Que l'ennemy ſe rende, ou morde la poußiere:

505 1473 2329 189 Et s'il veut obtenir quelque pitié de nous,

510 1605 2679 272 Qu'il quitte ſes ramparts, & paroiſſe à genoux.

1334 1908 1131 135 OROSMANE.

515 2153 2431 191 Soit; pour faire ceder ſa fortune à la tienne,

523 2320 2551 188 Souffre que ie le voye, & que ie l'entretienne:

1422 2580 1017 125 TIRIDATE.

529 2828 2510 172 Allez faire ranger mes gens de toutes parts,

531 2996 2633 175 Et qu'on le meine apres au pied de ces ramparts;

536 3159 2366 180 Faites ſommer ce fils de parler à ſon pere:

533 3311 2523 176 Mais ſi leur entretien n'eſt tel que ie l'eſpere,

545 3472 2492 195 Et que cet orgueilleux perfide en ſon deſſein,

533 3620 2818 219 Qu'on luy mette à l'inſtant vn poignard dans le ſein.

526 3815 2520 185 Phraarte, il ſuffira d'en faire bien la feinte;

549 3987 2706 182 Car ie veux ſeulement l'eſmouuoir par la crainte;

543 4158 2654 181 Si ſon fils ne ſe rend, ſans luy faire aucun mal,

549 4328 2725 175 Qu'on donne à l'heure meſme vn aſſaut general:

560 4497 2252 180 Il paroiſt ſur la Tour, alleZ en diligence

558 4662 2527 175 Preparer les moyens d'vne illuſtre vangeance:

569 4817 2340 196 Le voila, depeſchez, contenteZ mon eſprit,

572 4992 2512 205 Et ne manqueZ à rien de ce que i'ay preſcrit.
