4267 5704
946 266 1608 132 TRAGI-COMEDIE.

3066 322 144 96 19

3347 2951 336 88 Il parle à

3315 3037 366 68 ſes Soldats.

3329 3473 360 146 Il dit ces 4

3329 3554 286 68 vers bas.

3329 4247 370 76 Il hauſſe le

3331 4335 322 92 poignard.

468 1184 2763 308 SCENE

900 1612 1872 208 CINQVIESME.

463 1983 2798 154 PHRAARTE, OROSMANE, DEVX

621 2153 2470 154 GARDES, TIGRANE, POLIXENE,

1285 2469 1074 124 PHRAARTE.

1631 2709 271 385 A

1998 2932 1249 167 Duancés vers la porte,

467 3101 2544 166 Pendant que ie feray ce que mon ordre porte.

493 3249 2192 178 O contrainte faſcheuſe ou ie ſuis obligé!

487 3423 2620 174 Ie te plains dans le cœur, pauure Prince affligé;

495 3587 2604 176 Mais ſi i'acheue en fin le deſſein que ie trame,

479 3755 2590 172 Phraarte en te ſauuant, ſe ſauuera de blaſme.

501 3921 2791 176 C'eſt le Roy mon Seigneur, qui me fait t'aduertir

495 4085 2508 180 De luy rendre la place, & d'en vouloir ſortir;

499 4255 2138 168 Car ſi tu ne le fais, conſulte, delibere;

501 4421 2584 144 I'ay le commandement de poignarder ton pere.

1405 4587 926 128 TIGRANE.

521 4751 2624 180 O Dieux! en quel eſtat me trouuay-ie en ce iour?

495 4905 2682 172 Que dois-ie deuenir? Nature, honneur, Amour,

2709 5105 242 134 C ij
