4267 5671
983 288 90 156 8

1187 212 2318 251 L’AMOVR TIRANNIQVE,

620 2643 381 73 Il fort de ſa

620 2739 230 64 Tente

1122 1102 2623 400 SCENE

1520 1643 1664 178 DEVXIESME.

1188 1974 2392 151 TIRIDATE, PHARNABASE.

1867 2303 1161 133 TIRIDATE.

1597 2619 2224 190 NFIN ie ſuis vainqueur, la gloire m'en¬

1730 2794 490 122 uironne;

1054 2594 478 614 E

1594 2942 2246 196 Ie brille de l'eſclat d'vne couron¬

1770 3160 179 91 ne;

1033 3285 2355 167 Toute la Capadoce eſt ſoumiſe à mes lois;

1041 3453 2624 169 Et te m'en vay monter au Troſne de ſes Rois.

1043 3617 2390 169 Cette derniere place eſtant preſque occupée,

1037 3781 2606 173 Il faut prendre le ſceptre acquis par mon eſpée;

1053 3937 2502 181 Et gouſter les douceurs, & le ſouuerain bien,

1050 4111 2669 147 Que la victoire donne aux coeurs comme le mien.

1054 4283 2492 171 Noſtre rare valeur a paßé comme vn foudre;

1048 4445 2788 177 Les plus ſuperbes tours, ne ſont qu'vn peu de poudre;

1054 4617 2622 169 Tout flefchit, tout ſe rend, & mes heureux projets

1054 4781 2782 175 N’ont point eu d'ennemis, qui ne ſoient mes ſujets.

3648 4954 171 102 Vn
