4267 5717
1201 290 1549 181 TRAGI-COMEDIE.

3208 371 115 167 9

525 505 2427 192 Vn beau-pere inſolent eſt dans la ſeruitude,

504 677 2705 189 Son fils attend de nom vn traitement plus rude;

507 843 2413 185 Deja nous le tenons enclos de toutes parts,

505 1011 2733 191 Et ſes derniers efforts, dans ſes derniers ramparts,

502 1177 2657 191 Teſmoignent ſa foibleſſe, & ſon humeur altiere:

499 1345 2341 179 La ville d'Amaſie eſt vn beau Cimetiere;

504 1517 2309 185 C'eſt icy que mon bras atterre ſon orgueil;

497 1683 2479 186 Il en fait ſon aZile, & i'en fais ſon cercueil;

492 1849 2321 191 Il ſuccombe deſia ſous l'effort qui l'accable,

489 2017 2599 184 Les Beliers ont agi, la breſche eſt raiſonnable,

500 2189 2557 186 Et le premier aſſaut que ie m'en vay donner,

497 2349 2357 175 Acheue cette guerre, & me va couronner,

1276 2624 1210 126 PHARNABASE.

482 2845 2543 194 La conqueſte ſi prompte eſt bien mal aſſeurée,

477 3007 2487 194 La fureur des torrens n'eſt iamais de durée:

466 3181 2795 196 Surprendre vn ennemy c'eſt (pour ne peint flatter)

475 3339 2287 190 Dérober la victoire, & non pas l’acheter.

468 3495 2699 217 Quand ſur la foy publique vn Prince ſe repoſe,

457 3661 2719 213 Qu'il n'a point de ſuiet de craindre aucune choſe,

464 3837 2065 191 Certes il eſt aiſé d’oprimer ſa valeur,

459 4005 2559 192 Et toute ſa prudence eſt courte en ce malheur.

1403 4295 895 122 TIRIDATE.

465 4515 2772 207 Vous offenſeZ vn Prince en diſant qu'il ſommeille:

456 4669 2772 215 Le rang de Souuerain veut que touſiours il veille;

455 4841 2476 215 Et qui s'aſſeure trop en ce qu'on luy promet,

436 5009 2145 211 Merite le malheur ou ſa faute le met.

2706 5237 70 97 B
