4267 5575
885 348 2716 166 Poëme, & ſi ie rends tous mes Lecteurs perſuadez de ſon excellence.

970 452 2798 176 Que ſi ie ſuis obligé dans la ſuitte de mon diſcours de comparer à cét

886 550 2882 196 ouurage quelques endroits des Anciens, ce ſera ſeulement pour en appuyer

890 648 2878 176 la deffence: ou s'il arrive qu’il faille les conteſter, ie le feray ſans envie &

890 754 2491 161 ſans affectation, & lors ſeulement qu’il me ſemblera neceſſaire.

965 862 2798 174 En effet ie n’ay pas deſſein de charger ce Traitté d’vne ſcience inutile,

899 960 1724 152 ny d’en eſtudier exactement la compoſition.

995 1067 2773 169 Les Panegyriques ont beſoin des graces de l’Eloquence, & des forces

898 1170 2868 170 de la Rhetorique, mais non pas les Commentaires; & puiſque i’eſcris de

900 1269 2874 173 ſmples Remarques ſur l’amour Tyrannique, pluſtoſt que ie n’en fais l’E¬

896 1370 2875 174 loge, ie laiſſeray le ſoin de l’elocution pour vn autre ſujet, & il me ſuffi¬

895 1475 2880 171 ra de traitter ceſte matiere auec la ſimplicité, & l’ordre qui ſont neceſſaires

895 1577 788 123 au ſtile dogmatique.

972 1680 2810 174 Toutefois, d’autant que ce ſtile eſt d’ordinaire eſpineux, & que l’ordre tout

896 1783 2888 173 ſimple eſt ſec & ſterile, ce ne ſera pas ſans temperer en quelques lieux ceſte

894 1883 2888 183 dureté & ceſte ſechereſſe, & ſans donner quelque choſe à la volupté de

890 1985 290 108 l'eſprit.

971 2088 2808 176 Auparauant que de commencer à iuger de ceſte Tragedie, (c’eſt ainſi que

895 2181 2896 184 nous l’appellerons & non pas Tragi-Comedie, pour les raiſons que nous en

895 2277 2896 186 apporterons en leur lieu) il faut voir quelle eſt la fin & l’vſage que ſe pro¬

894 2377 2888 179 poſent ces Poëmes, & ce que le Philoſophe que nous ſuiuons en a enſei¬

898 2477 2882 187 gné. D’autant que tous les ouurages eſtant plus parfaits, plus ils appro¬

904 2579 2880 174 chent de leur fin; il nous ſera en ſuitte plus aiſé d’examiner s’il en eſt de

899 2681 2884 184 meſme de celuy de Monſieur de Scudery, & s’il a ce degré de perfection

903 2789 844 129 que nous ſouhaittons.

981 2893 2810 170 La Muſe tragique s’occupant principalement à eſmouuoir les paſſions

899 2991 2887 176 des Spectateurs, par les funeſtes Aduantures qu'elle repreſente, Ariſtote

900 3093 2884 176 a penſé que ſa fin eſtoit de les appaiſer, & de redonner aux Ames la tran¬

908 3187 2876 182 quilité, & le calme qu’elle leur auoit oſtée. Il a creû que la pitié, & la

908 3299 2881 170 terreur, eſtant celles qui luy eſtoient propres, elle deuoit les reprimer, &

904 3397 2887 162 les reduire à vne mediocrité raiſonnable, apres les auoir eſmeuës & ſou¬

895 3489 2892 174 leuées, & il a appellé ceſte façon d’appaiſer nos Ames, l'expiation, ou ſi

901 3591 2468 162 nous l’aimons mieux , la purgation des paſſions & des troubles.

989 3695 1620 143 C’eſtoit de ces paſſions qu’il iugeoit ainſi.

1000 3795 2774 172 Il ne les mettoit pas au nombre des vices, mais il ne les ſouffroit pas auſ¬

912 3895 2870 178 ſi parmy les vertus; ſi bien que ſans les deffendre, & ſans les bannir d’en¬

906 3995 2873 172 tre les hommes, il ſouhaittoit que les Sages en fiſſent vne habitude, & ſe con¬

911 4100 2868 171 ſeillaſſent auec leur raiſon, iuſques à quel point, & en quel temps ils les

908 4205 1267 111 deuoient admettre & les receuoir.

1021 4308 2755 165 Ceſte excellente habitude deuoit naiſtre ſon aduis, de la repreſenta¬

906 4407 2870 172 tion des Tragedies; & comme à force d’exercer vn Art, l’on s’y rend par¬

904 4503 2874 174 fait à la fin, de meſme l’on acquiert vne mediocrité des paſſions, lorsqu’on

910 4612 2717 163 s’accouſtume à voir ſouuent les obiets qui les excitent dans nos eſprits.

985 4705 2784 186 Les bons Chirurgiens penſent les plus dangereuſes playes, ſans fremir

1910 204 916 167 DICOVRS

883 250 102 84 2
