4267 5575
876 417 2850 127 ſi nous en auons le loiſir & qui regardent l’Office du Poëte, & voir ſi no¬

875 519 2851 127 ſtre Autheur en a eu la cognoiſſance parfaite, & s’il les a iuſtement miſes

871 635 1140 101 dans ſon Amour Tyrannique.

954 726 2769 124 La Fable qu’Ariſtote prend pour la matiere de la Tragedie, qui eſt l’a¬

873 825 2845 127 ction, & pour la diſpoſition de celle action, qu’il nomme la conſtitution

869 929 2850 121 des choſes, eſtant la premiere dans l’ordre de la diuiſion, l’eſt auſſi dans

862 1029 2857 123 celuy de l’exellence. C’eſt en ſa faueur que le Philoſophe apporte de ſi

862 1133 2856 129 belles raiſons, c’eſt elle qu’il nomme l’Ame de la Tragedie, & ſans laquel¬

861 1235 1653 114 le il ſouſtient qu’elle ne peut eſtre parfaite.

938 1335 2775 125 Et de vray, puiſque la fin eſt le principal dans toutes les choſes; que c’eſt

856 1437 2866 123 pour elle que l’on fait tout, & à elle que tout ſe rapporte, la fin de la Tra¬

853 1539 2869 117 gedie eſtant d’imiter le bon-heur ou le mal-heur des hommes, & les hom¬

851 1639 2874 125 mes n’eſtans heureux ou mal-heureux, qu’entant qu’ils agiſſent; la Fable

848 1741 2879 123 ſans doute eſt la premiere partie de la Tragedie, d’autant qu’elle contient l'a¬

849 1845 2873 123 ction, & que l’action contient la felicité ou le mal-heur, qui eſt la fin de

845 1943 476 105 la Tragedie.

920 2043 2799 117 Et certes, puiſque ſans la Fable, vn Poëte ſe ſeruant, des Moeurs, des

844 2143 2878 127 Sentimens, de la Diction, qui ſont les autres parties, n’auroit non plus fait

847 2241 2879 115 vn Poëme regulier, qu’vn Peintre auroit fait vn bon tableau, meſlant con¬

841 2339 2886 115 fuſément la Lacque, l’Azur d’outremer, & les autres couleurs ſans aucune

840 2439 2876 127 portraiture; & qu’au contraire vn Poëte auec la ſeule action, pourroit

843 2537 2871 125 auſſi bien faire vne belle Tragedie, qu’vn Peintre vne belle figure, auec de

841 2641 2870 123 la ſanguine ou du charbon; il me ſemble qu’il n’y a plus lieu de douter

838 2743 2877 125 qu’elle ne ſoit la principale partie d’vne choſe, ſans laquelle celle choſe là

834 2843 2878 127 ne peut eſtre, & quelle ne doiue eſtre miſe deuant les autres parties, puis

835 2947 1545 115 qu’elles en dependent ſi neceſſairement.

916 3049 2793 123 Dauantage, puiſque la derniere choſe que les hommes apprennent dans

830 3153 2878 123 les Arts, apres beaucoup d'excrcice & de diligence, eſt ce qu'il y a d’ex¬

829 3255 2883 119 cellent & de parfait; Les Anciens Poëtes qui ne ſçauoient pas encore trait¬

831 3341 2878 137 ter la Fable regulierement, quoy qu’ils employaſſent par tout diuinement

822 3453 2886 123 les autres parties Tragiques, font des teſmoins ſuffiſans que la Fable, dont

817 3549 2893 121 ils n'acquirent la cognoiſſance que ſur la fin, eſt ſans controuerſe la perfe¬

827 3651 1630 93 ction, & l’acheuement de ce beau Poëme.

900 3751 2801 123 S’il me falloit donner des exemples de cette derniere preuue, noſtre Thea¬

828 3853 2874 125 tre m'en fourniroit aſſez, ſans que ie fuſſe en peine d’en aller chercher par¬

825 3955 2869 125 my les ruines de la Scene Grecque. La Tragedie n'est pas ſi vieille chez nous,

821 4059 2874 105 qu'encore que nous la voyons dans ſa perfection, nous ne l’ayons veuë auſſi

824 4156 2866 124 dans ſon enfance, & que les meſmes Poëtes qui nous donnent des ouurages

823 4259 2275 117 tres-acheuez, ne nous en ayent donné de tres defectueux.

905 4357 2786 129 Il n’y a pas encore fort long temps que la Fable eſtoit ce qui leur faiſoit

834 4461 2857 127 le moins de peine; ils n’eſtudioient rien que la verſification; ils traittoient

829 4561 2861 125 indifferemment toutes ſortes de matieres, & pourueu que dans leurs Poë¬

833 4657 2848 113 mes ils euſſent meſlé confuſément les Amours, les Ialouſies, les Duels,

826 4759 2855 137 les Déguiſemens, les Priſons, & les Naufrages, ſur vne Scene diuiſée en

883 301 74 131 4

1738 232 1032 181 DISCOVRS
