4267 5575
1984 761 107 200 A

650 961 2773 440 MESSIEURS

883 1343 2315 320 DE L'ACADEMIE

1259 1667 1576 307 FRANÇOISE.

1264 1997 1087 223 ESSIEVRS,

650 1988 502 641 M

780 2634 2636 246 Puis que vous eſtes les Iuges de nos belles Lettres;

627 2787 2789 228 Que par la voſtre moyen la France n'a plus rien à enuier

622 2950 2799 232 à la Grece & à l'Italie ; Que vous rendeZ Paris außi

599 3135 2822 196 fameux que Rome & Athenes; & que voſtre Com¬

622 3298 2785 172 pagnie donne à noſtre Siecle des Poëtes & des Ora¬

622 3433 2799 241 teurs außi parfaits que ces Anciens, dont la memoire

585 3587 2817 213 ſera touſiours en veneration: Il y auroit eu de l'iniu¬

585 3758 2831 223 ſtice de ne vous pas dedier cette Critique, & de la pre¬

581 3879 2835 265 ſomption de determiner de ſon prix, ſans vous en auoir

613 4074 2794 251 conſulteZ auparavant. Nous ſommes en vn temps où

613 4232 2803 246 tout le monde croit avoir droit de iuger de la Poëſie, de

622 4394 2794 247 laquelle Ariſtote a fait ſon chef-d'œuure; Où les ruel¬

627 4552 2775 247 les des femmes ſont les Tribunaux des plus beaux ou¬

618 4729 2779 232 uvrages; Où ce qui fut autrefois la vertu de peu de per¬

590 4892 2812 227 ſonnes, deuient la maladie du peuple, & le vice de la

613 5045 2789 311 multitude. Mais parmy tant de corruption il y enco¬

2864 5291 189 130 ẽ ij
