4267 5704
460 386 2489 205 Et crois tu dans l'eſtat ou te ſuis deuant toy,

442 532 2669 228 Parce que i'ay des fers, que ie ne ſois plus Roy?

456 718 2502 212 Non, des biens ſeulement la fortune ſe joüe;

450 886 2211 216 Si tu n'es genereux, va, ie te deſauoüe.

1365 1158 945 139 TIGRANE.

461 1387 2642 219 Mais vous pouuoir ſauuer, & ne le faire pas!

1297 1664 1143 136 OROSMANE.

469 1892 2610 217 Empeſche noſtre honte, & non pas mon treſpas.

1367 2170 942 133 TIGRANE.

479 2390 2736 209 Et quoy, i'aurois le cœur de vous voir rauir l'ame?

1306 2734 1136 142 OROSMANE.

473 3050 2463 212 Regarde ſi ie tremble en voyant cette lame:

1355 3324 1068 139 PHRAARTE.

477 3581 781 177 Ha! c'eſt trop!

1403 3834 924 131 TIGRANE.

1511 4061 1649 194 Aſſaßin, arreſte ie me rends:

1294 4397 1118 148 OROSMANE.

502 4705 2399 260 L'honneur te le deffend, & ie te le deffends:

496 4877 2781 230 Va mourir ſur la breſche où l'honneur te demande.

3115 204 143 200 21

1117 175 1518 205 TRAGI-COMEDIE.

2655 5081 276 128 C iij

3300 3530 335 81 Il feint de

3305 3616 317 93 le fraper
