4267 5704
3210 294 91 162 7

1122 218 1694 219 TRAGI-COMEDIE.

1386 552 994 129 ORMENE.

484 794 2787 188 Non, non, ſi le Roy change il n'en eſt point blaſmable;

467 962 2597 192 Pourquoy m'aimeroit-il? ie ne ſuis pas aimable;

1300 1228 1170 131 CASSANDRE.

488 1470 2497 188 Et pourquoy vous conduire en ce triſte fejour?

1383 1736 961 131 ORMENE.

462 1983 2420 175 Par maxime d'Eſtat il ſouffre mon amour:

478 2145 2429 185 Il craint qu'eſtant abſent, vne femme irritée

483 2313 2422 173 Ne ſouſleue des gens dont elle eſt reſpectée;

463 2472 2805 184 Mais Ciel, qu'il connoiſt mal à quel point eſt chery,

458 2643 2422 177 Par la femme d'honneur vn illuſtre mary!

470 2810 2621 180 Malgré ſon changement, & ſon meſpris encore,

481 2968 2608 204 (Dieux ne m'eſcoutez point) mes filles, ie l'adore;

475 3144 1487 172 Et ie ne fay de vœux.....

1426 3404 908 127 HECVBE.

1807 3647 1114 175 Madame, le voicy :

1338 3976 980 129 ORMENE.

459 4307 2436 193 Rentrons, ſon œil me dit que ie m'oſte d’icy.
