4267 5654
1516 531 802 124 HECVBE.

566 776 2783 182 Mais, Madame, ſouffrez que ma compagne & moy

567 936 2715 192 Sçachions quel eſt l'objet qui charme ainſi le Roy,

582 1104 2589 177 Nulle Dame à la Cour rien paroiſſant aimee,

560 1270 2746 182 Peut-il auoir vn feu ſans flame, & ſans fumee?

1454 1537 987 127 ORMENE.

577 1770 2671 190 Las! il n'eſt que trop vray que ſon cœur allumé,

566 1944 2343 186 Bruſle d’vn feu ſecret dont il eſt conſumé!

571 2112 2343 178 La flame qui deſtruit la Capadoce entiere,

578 2274 2587 175 Vient de celle d'amour qui luy ſert de matiere.

568 2436 2462 179 Ne vous ſouuient-il pas que le Roy vint icy

543 2604 2531 177 Pour viſiter mon pere, & que i'y vins außi?

562 2766 2777 178 Il vid pour mon mal-heur, le ſort m'eſtant contraire,

561 2930 2239 181 La belle Polixene eſpouſe de mon frere,

568 3092 2375 188 Et ſe laißa charmer a des attraits ſi dous:

1363 3360 1147 124 CASSANDRE.

558 3588 2767 198 Elle eſt belle (il eſt vray) mais non pas plus que vous.

1481 3863 886 130 HECVBE.

549 4096 2769 196 Et puis, quelques appas que l'on remarque en elle,

554 4258 2439 192 Eſtant ſa belle ſœur, ſa flame eſt criminelle.

1447 4537 975 135 ORMENE.

544 4756 2325 204 Il brûla cependant, depuis ce premier iour,

545 4932 2589 203 D'vn feu qui ſurmonta celuy de noſtre amour,

2738 5139 237 133 A ij

3304 311 48 85 3

1121 251 1611 146 TRAGI-COMEDIE.
