4267 5692
948 422 2669 170 Helas! qui de vous trois ſera pancher mon ame,

948 584 2794 182 Sans me combler de peine, außi bien que de blaſme?

963 739 2293 176 O Ciel trop rigoureux contre moy conjuré,

954 917 2367 175 Voulez-vous que i'agiſſe en fils deſnaturé?

950 1088 2734 172 Mais außi vouleZ-vous que ie me rende infame,

955 1246 2647 176 Et que mes laſchetez abandonnent ma femme?

954 1399 2776 190 Et toy puiſſant Amour qui regnes dans mon cœur,

933 1584 2809 180 Pourras-tu bien te rendre, & ſouffrir vn vainqueur?

945 1756 2498 172 O Deſtins ennemis dont la rigueur m'opreſſe!

928 1914 2814 184 Quoy? faut-il perdre vn pere, ou bien vne Maiſtreſſe?

934 2072 2511 186 Et dans le triſte eſtat qui me met aux abois,

934 2246 2578 172 Croyez-vous qu'vn eſprit puiſſe faire ce choix?

938 2412 2574 172 Ouy, malgré mon amour, malgré ma jalouſie,

924 2578 2062 167 Inuiſible bourreau de noſtre fantaiſie,

925 2744 2443 164 La Nature l'emporte, & ce premier deuoir

925 2906 2698 170 Comme eſtant le plus iuſte, a le plus de pouuoir:

921 3070 2670 170 Arreſte mal-heureux, garde bien d'entreprendre

933 3240 2622 168 Ce deteſtable coup, puis que ie me veux rendre.

1790 3498 1119 121 OROSMANE.

930 3740 2584 170 Tigrane, oſes-tu bien par crainte, ou par pitié,

928 3906 2270 173 Meſpriſer la vertu, pluſtoſt que l'amitié?

934 4070 2460 172 T'aurois-ie fait vn cœur capable de foibleſſe?

941 4238 2407 178 Oſes-tu prononcer ce diſcours qui me bleſſe?

929 4406 2570 174 Sçache que mon eſprit ne peut ſouffrir ta vois,

930 4539 2781 204 Qui veut faire vne injure au ſang de tant de Rois.

925 4738 2626 178 Parle, as-tu remarqué que i'aime aſſez la vie,

923 4906 2634 176 Pour craindre laſchement qu'elle me ſoit rauie?

949 265 133 142 20

1267 194 2283 228 L’AMOVR TIRANNIQVE,
