<?xml version="1.0" encoding="UTF-8"?>
<alto xmlns:xsi="http://www.w3.org/2001/XMLSchema-instance"
      xmlns="http://www.loc.gov/standards/alto/ns-v4#"
      xsi:schemaLocation="http://www.loc.gov/standards/alto/ns-v4# http://www.loc.gov/standards/alto/v4/alto-4-2.xsd">
  <Description>
    <MeasurementUnit>pixel</MeasurementUnit>
    <sourceImageInformation>
      <fileName>Scudery1639_Amour_btv1b8607044w_corrected_0021.png</fileName>
      
    </sourceImageInformation>
  </Description>
  
  <Tags>
    <OtherTag ID="BT1" LABEL="Title" DESCRIPTION="block type Title"/><OtherTag ID="BT2" LABEL="Main" DESCRIPTION="block type Main"/><OtherTag ID="BT687" LABEL="Damage" DESCRIPTION="block type Damage"/><OtherTag ID="BT688" LABEL="Decoration" DESCRIPTION="block type Decoration"/><OtherTag ID="BT689" LABEL="DropCapital" DESCRIPTION="block type DropCapital"/><OtherTag ID="BT690" LABEL="Figure" DESCRIPTION="block type Figure"/><OtherTag ID="BT691" LABEL="Margin" DESCRIPTION="block type Margin"/><OtherTag ID="BT692" LABEL="MusicNotation" DESCRIPTION="block type MusicNotation"/><OtherTag ID="BT693" LABEL="Numbering" DESCRIPTION="block type Numbering"/><OtherTag ID="BT694" LABEL="RunningTitle" DESCRIPTION="block type RunningTitle"/><OtherTag ID="BT695" LABEL="Seal" DESCRIPTION="block type Seal"/><OtherTag ID="BT696" LABEL="Signatures" DESCRIPTION="block type Signatures"/><OtherTag ID="BT697" LABEL="Stamp" DESCRIPTION="block type Stamp"/><OtherTag ID="BT698" LABEL="Table" DESCRIPTION="block type Table"/>
    <OtherTag ID="LT248" LABEL="Default" DESCRIPTION="line type Default"/><OtherTag ID="LT249" LABEL="DropCapitalLine" DESCRIPTION="line type DropCapitalLine"/><OtherTag ID="LT250" LABEL="Interlinear" DESCRIPTION="line type Interlinear"/><OtherTag ID="LT251" LABEL="MusicLine" DESCRIPTION="line type MusicLine"/><OtherTag ID="LT252" LABEL="Rubric" DESCRIPTION="line type Rubric"/>
  </Tags>
  
  <Layout>
    <Page WIDTH="4267"
          HEIGHT="5575"
          PHYSICAL_IMG_NR="5"
          ID="eSc_dummypage_">
      <PrintSpace HPOS="0"
                  VPOS="0"
                  WIDTH="4267"
                  HEIGHT="5575">
        
        <TextBlock HPOS="654"
                   VPOS="998"
                   WIDTH="212"
                   HEIGHT="182"
                   ID="eSc_textblock_a312d2f0"
                   TAGREFS="BT687">
          <Shape><Polygon POINTS="685 998 654 1180 866 1180 863 1019"/></Shape>
          
        </TextBlock>
        
        <TextBlock HPOS="431"
                   VPOS="467"
                   WIDTH="2997"
                   HEIGHT="4471"
                   ID="eSc_textblock_d6293181"
                   TAGREFS="BT2">
          <Shape><Polygon POINTS="431 467 431 4938 3428 4938 3428 479"/></Shape>
          
          
          <TextLine ID="tl_2"
                    TAGREFS="LT248"
                    BASELINE="518 545 792 537 996 537 1160 529 1394 526 1636 522 1886 518 2040 516 2162 519 2388 521 2436 519 2574 523 2920 523 3234 526 3398 526" 
                    HPOS="518"
                    VPOS="441"
                    WIDTH="2881"
                    HEIGHT="125">
            <Shape><Polygon POINTS="518 441 3399 441 3399 566 518 566"/></Shape>
	    <String CONTENT="comme ceux qui n&#39;ont point encor fait de cures: La pratique apporte aux"
                    HPOS="518"
                    VPOS="441"
                    WIDTH="2881"
                    HEIGHT="125"></String>
          </TextLine>

          
          
          <TextLine ID="tl_3"
                    TAGREFS="LT248"
                    BASELINE="516 645 884 639 1058 633 1530 626 1748 622 1874 620 2218 619 2284 631 2402 623 2556 623 2808 625 3230 626 3392 628" 
                    HPOS="516"
                    VPOS="545"
                    WIDTH="2876"
                    HEIGHT="111">
            <Shape><Polygon POINTS="516 545 3392 545 3392 656 516 656"/></Shape>
	    <String CONTENT="Medecins vne inſenſibilité pour les malades, &amp; les vieux Regimens qui"
                    HPOS="516"
                    VPOS="545"
                    WIDTH="2876"
                    HEIGHT="111"></String>
          </TextLine>

          
          
          <TextLine ID="tl_4"
                    TAGREFS="LT248"
                    BASELINE="514 745 670 741 868 739 1006 737 1222 732 1398 728 1656 726 1846 722 2222 749 2274 735 2734 725 2906 727 3008 725 3394 740" 
                    HPOS="514"
                    VPOS="649"
                    WIDTH="2880"
                    HEIGHT="107">
            <Shape><Polygon POINTS="514 649 3394 649 3394 756 514 756"/></Shape>
	    <String CONTENT="ſont tous les iours aux mains auec l’ennemy, l&#39;attaquent ſans le craindre,"
                    HPOS="514"
                    VPOS="649"
                    WIDTH="2880"
                    HEIGHT="107"></String>
          </TextLine>

          
          
          <TextLine ID="tl_5"
                    TAGREFS="LT248"
                    BASELINE="520 847 560 847 764 841 1228 846 1526 830 1640 828 2024 824 2426 821" 
                    HPOS="520"
                    VPOS="751"
                    WIDTH="1906"
                    HEIGHT="102">
            <Shape><Polygon POINTS="520 751 2426 751 2426 853 520 853"/></Shape>
	    <String CONTENT="&amp; ſans s&#39;eſbranler, comme les nouuelles trouppes."
                    HPOS="520"
                    VPOS="751"
                    WIDTH="1906"
                    HEIGHT="102"></String>
          </TextLine>

          
          
          <TextLine ID="tl_6"
                    TAGREFS="LT248"
                    BASELINE="602 943 770 941 910 939 1030 939 1488 932 1796 926 1964 926 2154 923 2340 925 2464 927 2696 927 2850 927 3158 928 3204 942 3288 932 3398 930" 
                    HPOS="602"
                    VPOS="849"
                    WIDTH="2796"
                    HEIGHT="109">
            <Shape><Polygon POINTS="602 849 3398 849 3398 958 602 958"/></Shape>
	    <String CONTENT="Il en eſt de meſme d’vn homme qui voit tous les jours des miſeres; il en"
                    HPOS="602"
                    VPOS="849"
                    WIDTH="2796"
                    HEIGHT="109"></String>
          </TextLine>

          
          
          <TextLine ID="tl_7"
                    TAGREFS="LT248"
                    BASELINE="514 1045 692 1033 946 1055 1152 1037 1456 1036 1578 1034 1814 1028 1952 1026 2080 1026 2326 1027 2420 1025 2748 1029 2916 1027 3072 1032 3398 1024" 
                    HPOS="511"
                    VPOS="933"
                    WIDTH="2886"
                    HEIGHT="130">
            <Shape><Polygon POINTS="511 1040 511 966 618 947 636 966 748 966 776 943 845 966 906 943 957 966 1166 943 1282 943 1315 966 1389 947 1426 966 1640 966 1729 938 1784 961 1887 961 1910 938 1947 961 1975 938 2073 961 2124 938 2175 961 2272 938 2774 961 2853 933 2895 957 2998 957 3049 933 3077 957 3118 957 3142 933 3267 952 3300 933 3393 957 3397 1022 3360 1049 3207 1031 2988 1049 2830 1031 2788 1054 2686 1036 2584 1054 2426 1054 2398 1036 2328 1054 1691 1036 1636 1059 1515 1040 1408 1059 1380 1040 1352 1059 1059 1045 799 1059 766 1040 511 1063"/></Shape>
	    <String CONTENT="eſt touché, mais iuſques au point où les Sages le doiuent eſtre, &amp; l’habi¬"
                    HPOS="511"
                    VPOS="933"
                    WIDTH="2886"
                    HEIGHT="130"></String>
          </TextLine>

          
          
          <TextLine ID="tl_8"
                    TAGREFS="LT248"
                    BASELINE="516 1147 888 1141 954 1143 1300 1138 1470 1136 1870 1130 2020 1128 2170 1155 2518 1129 2628 1127 3060 1143 3166 1132 3402 1134" 
                    HPOS="516"
                    VPOS="1039"
                    WIDTH="2886"
                    HEIGHT="135">
            <Shape><Polygon POINTS="516 1039 3402 1039 3402 1174 516 1174"/></Shape>
	    <String CONTENT="tude qu&#39;il a d&#39;aſſiſter aux ſpectacles qui luy donnent de la terreur, &amp; de la"
                    HPOS="516"
                    VPOS="1039"
                    WIDTH="2886"
                    HEIGHT="135"></String>
          </TextLine>

          
          
          <TextLine ID="tl_9"
                    TAGREFS="LT248"
                    BASELINE="516 1277 730 1257 886 1271 1006 1243 1332 1238 1432 1238 1978 1232 2072 1234 2158 1233 2644 1231" 
                    HPOS="516"
                    VPOS="1155"
                    WIDTH="2128"
                    HEIGHT="124">
            <Shape><Polygon POINTS="516 1155 2644 1155 2644 1279 516 1279"/></Shape>
	    <String CONTENT="pitié, luy en procure le temperament &amp; la mediocrité."
                    HPOS="516"
                    VPOS="1155"
                    WIDTH="2128"
                    HEIGHT="124"></String>
          </TextLine>

          
          
          <TextLine ID="tl_10"
                    TAGREFS="LT248"
                    BASELINE="598 1351 902 1347 1086 1343 1218 1342 1304 1338 1810 1332 1942 1330 2208 1333 2302 1333 2862 1337 3036 1333 3144 1334 3404 1336" 
                    HPOS="598"
                    VPOS="1259"
                    WIDTH="2806"
                    HEIGHT="121">
            <Shape><Polygon POINTS="598 1259 3404 1259 3404 1380 598 1380"/></Shape>
	    <String CONTENT="Puiſque c’eſt ſur le Theatre que ces choſes ſe repreſentent, que la Scene"
                    HPOS="598"
                    VPOS="1259"
                    WIDTH="2806"
                    HEIGHT="121"></String>
          </TextLine>

          
          
          <TextLine ID="tl_11"
                    TAGREFS="LT248"
                    BASELINE="517 1475 557 1475 887 1445 1041 1445 1353 1440 1809 1446 2181 1433 2233 1447 2775 1445 2965 1433 3147 1434 3233 1460 3403 1422" 
                    HPOS="517"
                    VPOS="1359"
                    WIDTH="2887"
                    HEIGHT="119">
            <Shape><Polygon POINTS="517 1359 3404 1359 3404 1478 517 1478"/></Shape>
	    <String CONTENT="y retentit des plaintes d’Hecube, d’Electre, d’Antigone; que l&#39;on y in¬"
                    HPOS="517"
                    VPOS="1359"
                    WIDTH="2887"
                    HEIGHT="119"></String>
          </TextLine>

          
          
          <TextLine ID="tl_12"
                    TAGREFS="LT248"
                    BASELINE="523 1549 799 1549 1107 1543 1163 1559 1459 1554 1769 1536 1829 1550 1941 1536 2237 1535 2441 1535 2655 1535 2731 1535 2915 1535 3139 1536 3397 1522" 
                    HPOS="523"
                    VPOS="1461"
                    WIDTH="2874"
                    HEIGHT="115">
            <Shape><Polygon POINTS="523 1461 3397 1461 3397 1576 523 1576"/></Shape>
	    <String CONTENT="troduit Oedipe , Atrée, Ægyſte, &amp; qu’elle peut eſtre à bon droit nom¬"
                    HPOS="523"
                    VPOS="1461"
                    WIDTH="2874"
                    HEIGHT="115"></String>
          </TextLine>

          
          
          <TextLine ID="tl_13"
                    TAGREFS="LT248"
                    BASELINE="517 1649 673 1651 761 1649 907 1647 1045 1643 1413 1652 1949 1638 2541 1637 2689 1637 3015 1637 3401 1638" 
                    HPOS="517"
                    VPOS="1561"
                    WIDTH="2884"
                    HEIGHT="115">
            <Shape><Polygon POINTS="517 1561 3401 1561 3401 1676 517 1676"/></Shape>
	    <String CONTENT="mée la lice des paſſions; c’eſt auſſi à la repreſentation des Poëmes tragiques"
                    HPOS="517"
                    VPOS="1561"
                    WIDTH="2884"
                    HEIGHT="115"></String>
          </TextLine>

          
          
          <TextLine ID="tl_14"
                    TAGREFS="LT248"
                    BASELINE="519 1753 617 1751 931 1747 1077 1745 1515 1756 1727 1742 1925 1740 2121 1740 2483 1739 2607 1739 2893 1737 3043 1739 3191 1740 3399 1728" 
                    HPOS="519"
                    VPOS="1663"
                    WIDTH="2880"
                    HEIGHT="115">
            <Shape><Polygon POINTS="519 1663 3399 1663 3399 1778 519 1778"/></Shape>
	    <String CONTENT="où agiſſent ces perſonnes, qu’il faut aller preparer ſes paſſions, &amp; les con¬"
                    HPOS="519"
                    VPOS="1663"
                    WIDTH="2880"
                    HEIGHT="115"></String>
          </TextLine>

          
          
          <TextLine ID="tl_15"
                    TAGREFS="LT248"
                    BASELINE="519 1851 715 1849 779 1851 981 1847 1303 1848 1745 1844 1865 1842 2351 1855 2467 1843 2669 1841 3085 1840 3389 1852" 
                    HPOS="519"
                    VPOS="1767"
                    WIDTH="2870"
                    HEIGHT="113">
            <Shape><Polygon POINTS="519 1767 3389 1767 3389 1880 519 1880"/></Shape>
	    <String CONTENT="duire à ceſte parfaite mediocrité du Philoſophe, où elles n’arriuent iamais,"
                    HPOS="519"
                    VPOS="1767"
                    WIDTH="2870"
                    HEIGHT="113"></String>
          </TextLine>

          
          
          <TextLine ID="tl_16"
                    TAGREFS="LT248"
                    BASELINE="517 1977 835 1949 1023 1949 1139 1949 1623 1948 2029 1978 2589 1943 2795 1943 3045 1939 3105 1954 3219 1944 3301 1942 3403 1944" 
                    HPOS="517"
                    VPOS="1869"
                    WIDTH="2886"
                    HEIGHT="113">
            <Shape><Polygon POINTS="517 1869 3403 1869 3403 1982 517 1982"/></Shape>
	    <String CONTENT="qu’apres elles ne contribuent beaucoup à l&#39;acquiſition de la Vertu, &amp; à la"
                    HPOS="517"
                    VPOS="1869"
                    WIDTH="2886"
                    HEIGHT="113"></String>
          </TextLine>

          
          
          <TextLine ID="tl_17"
                    TAGREFS="LT248"
                    BASELINE="513 2049 1131 2049 1497 2050" 
                    HPOS="513"
                    VPOS="1979"
                    WIDTH="984"
                    HEIGHT="77">
            <Shape><Polygon POINTS="513 1979 1497 1979 1497 2056 513 2056"/></Shape>
	    <String CONTENT="connoiſſance des Sciences."
                    HPOS="513"
                    VPOS="1979"
                    WIDTH="984"
                    HEIGHT="77"></String>
          </TextLine>

          
          
          <TextLine ID="tl_18"
                    TAGREFS="LT248"
                    BASELINE="591 2149 799 2151 1185 2155 1563 2150 1981 2150 2037 2160 2427 2147 2725 2143 2849 2143 2971 2143 3407 2156" 
                    HPOS="591"
                    VPOS="2069"
                    WIDTH="2816"
                    HEIGHT="115">
            <Shape><Polygon POINTS="591 2069 3407 2069 3407 2184 591 2184"/></Shape>
	    <String CONTENT="Voila quelle eſt l’opinion d&#39;Ariſtote, touchant l’vſage de la Tragedie,"
                    HPOS="591"
                    VPOS="2069"
                    WIDTH="2816"
                    HEIGHT="115"></String>
          </TextLine>

          
          
          <TextLine ID="tl_19"
                    TAGREFS="LT248"
                    BASELINE="529 2249 831 2251 901 2251 1223 2252 1437 2252 1631 2248 1899 2258 2011 2244 2263 2247 2435 2245 2779 2243 2835 2255 3031 2241 3193 2244 3407 2244" 
                    HPOS="529"
                    VPOS="2169"
                    WIDTH="2878"
                    HEIGHT="113">
            <Shape><Polygon POINTS="529 2169 3407 2169 3407 2282 529 2282"/></Shape>
	    <String CONTENT="laquelle il nomme pour ceſte cauſe, la reigle des paſſions, qui fait bien"
                    HPOS="529"
                    VPOS="2169"
                    WIDTH="2878"
                    HEIGHT="113"></String>
          </TextLine>

          
          
          <TextLine ID="tl_20"
                    TAGREFS="LT248"
                    BASELINE="524 2347 683 2349 889 2349 1181 2349 1337 2350 1489 2352 1893 2340 2019 2336 2225 2339 2289 2349 2483 2335 2939 2337 3045 2339 3171 2344 3293 2342 3403 2344" 
                    HPOS="524"
                    VPOS="2269"
                    WIDTH="2879"
                    HEIGHT="113">
            <Shape><Polygon POINTS="524 2269 3403 2269 3403 2382 524 2382"/></Shape>
	    <String CONTENT="voir qu’il n’eſtoit pas du ſentiment de ceux, qui rapportent la fin de ce"
                    HPOS="524"
                    VPOS="2269"
                    WIDTH="2879"
                    HEIGHT="113"></String>
          </TextLine>

          
          
          <TextLine ID="tl_21"
                    TAGREFS="LT248"
                    BASELINE="524 2443 580 2443 878 2441 1184 2453 1278 2436 1426 2466 1768 2438 2058 2436 2114 2448 2248 2439 2422 2435 2646 2437 2926 2439 3126 2440 3402 2444" 
                    HPOS="524"
                    VPOS="2365"
                    WIDTH="2878"
                    HEIGHT="103">
            <Shape><Polygon POINTS="524 2365 3402 2365 3402 2468 524 2468"/></Shape>
	    <String CONTENT="Poëme ſublime, au plaiſir du peuple; ce que nous auons bien voulu"
                    HPOS="524"
                    VPOS="2365"
                    WIDTH="2878"
                    HEIGHT="103"></String>
          </TextLine>

          
          
          <TextLine ID="tl_22"
                    TAGREFS="LT248"
                    BASELINE="512 2541 766 2539 914 2567 1082 2539 1208 2538 1334 2538 1762 2550 1876 2538 1992 2538 2240 2541 2334 2541 2728 2539 2856 2539 3282 2544 3402 2546" 
                    HPOS="512"
                    VPOS="2463"
                    WIDTH="2890"
                    HEIGHT="109">
            <Shape><Polygon POINTS="512 2463 3402 2463 3402 2572 512 2572"/></Shape>
	    <String CONTENT="mettre icy afin de les deſabuſer, &amp; de iuger ſi l’ouurage de Monſieur de"
                    HPOS="512"
                    VPOS="2463"
                    WIDTH="2890"
                    HEIGHT="109"></String>
          </TextLine>

          
          
          <TextLine ID="tl_23"
                    TAGREFS="LT248"
                    BASELINE="516 2643 828 2667 872 2651 1068 2641 1346 2642 1490 2642 1900 2642 2300 2655 2462 2639 2878 2639 3002 2643 3260 2646 3318 2644 3404 2648" 
                    HPOS="516"
                    VPOS="2563"
                    WIDTH="2888"
                    HEIGHT="111">
            <Shape><Polygon POINTS="516 2563 3404 2563 3404 2674 516 2674"/></Shape>
	    <String CONTENT="Scudery, peut exciter ces eſmotions violentes, qui preparent les eſprits à la"
                    HPOS="516"
                    VPOS="2563"
                    WIDTH="2888"
                    HEIGHT="111"></String>
          </TextLine>

          
          
          <TextLine ID="tl_24"
                    TAGREFS="LT248"
                    BASELINE="512 2739 630 2743 814 2745 1000 2743 1470 2758 1576 2742 1724 2744 1798 2744 1898 2744 2146 2745 2254 2743 2676 2743 2846 2743 3052 2745 3408 2734" 
                    HPOS="512"
                    VPOS="2667"
                    WIDTH="2896"
                    HEIGHT="109">
            <Shape><Polygon POINTS="512 2667 3408 2667 3408 2776 512 2776"/></Shape>
	    <String CONTENT="vertu &amp; aux diſciplines, &amp; s&#39;il a ce degré de perfection que nous ſouhait¬"
                    HPOS="512"
                    VPOS="2667"
                    WIDTH="2896"
                    HEIGHT="109"></String>
          </TextLine>

          
          
          <TextLine ID="tl_25"
                    TAGREFS="LT248"
                    BASELINE="518 2841 822 2843 1268 2844 1718 2846" 
                    HPOS="518"
                    VPOS="2771"
                    WIDTH="1200"
                    HEIGHT="103">
            <Shape><Polygon POINTS="518 2771 1718 2771 1718 2874 518 2874"/></Shape>
	    <String CONTENT="tons aux excellentes Tragedies."
                    HPOS="518"
                    VPOS="2771"
                    WIDTH="1200"
                    HEIGHT="103"></String>
          </TextLine>

          
          
          <TextLine ID="tl_26"
                    TAGREFS="LT248"
                    BASELINE="588 2943 780 2943 922 2943 1152 2957 1232 2944 1328 2942 1520 2944 1902 2946 2162 2947 2560 2947 3160 2950 3392 2954" 
                    HPOS="588"
                    VPOS="2869"
                    WIDTH="2804"
                    HEIGHT="113">
            <Shape><Polygon POINTS="588 2869 3392 2869 3392 2982 588 2982"/></Shape>
	    <String CONTENT="Pour cét effet, il le faut examiner ſur les reigles du Philoſophe, &amp; iuger"
                    HPOS="588"
                    VPOS="2869"
                    WIDTH="2804"
                    HEIGHT="113"></String>
          </TextLine>

          
          
          <TextLine ID="tl_27"
                    TAGREFS="LT248"
                    BASELINE="516 3071 632 3045 742 3045 1148 3045 1266 3044 1394 3046 1680 3048 2008 3048 2062 3060 2186 3047 2410 3047 2546 3049 2734 3049 3058 3053 3396 3040" 
                    HPOS="516"
                    VPOS="2969"
                    WIDTH="2880"
                    HEIGHT="113">
            <Shape><Polygon POINTS="516 2969 3396 2969 3396 3082 516 3082"/></Shape>
	    <String CONTENT="par la regularité de ſes parties ſeparées, de celles du tout qu&#39;elles compo¬"
                    HPOS="516"
                    VPOS="2969"
                    WIDTH="2880"
                    HEIGHT="113"></String>
          </TextLine>

          
          
          <TextLine ID="tl_28"
                    TAGREFS="LT248"
                    BASELINE="510 3159 678 3143 1134 3147 1484 3148 1602 3144 1896 3150 2406 3151 2582 3155 2702 3151 2898 3151 2974 3153 3394 3156" 
                    HPOS="510"
                    VPOS="3071"
                    WIDTH="2884"
                    HEIGHT="111">
            <Shape><Polygon POINTS="510 3071 3394 3071 3394 3182 510 3182"/></Shape>
	    <String CONTENT="ſent. Ainſi nous ſuiurons la facilité methodique que ce Sage a touſiours"
                    HPOS="510"
                    VPOS="3071"
                    WIDTH="2884"
                    HEIGHT="111"></String>
          </TextLine>

          
          
          <TextLine ID="tl_29"
                    TAGREFS="LT248"
                    BASELINE="520 3243 690 3243 798 3243 996 3247 1348 3250 1400 3264 1468 3252 1784 3252 2058 3252 2324 3253 2682 3253 2806 3253 2994 3255 3176 3256 3400 3256" 
                    HPOS="519"
                    VPOS="3175"
                    WIDTH="2881"
                    HEIGHT="111">
            <Shape><Polygon POINTS="519 3175 3400 3175 3400 3286 519 3286"/></Shape>
	    <String CONTENT="dans ce qu’il enſeigne; &amp; l&#39;enuie meſme n’aura pas ſujet de dire que nous"
                    HPOS="519"
                    VPOS="3175"
                    WIDTH="2881"
                    HEIGHT="111"></String>
          </TextLine>

          
          
          <TextLine ID="tl_30"
                    TAGREFS="LT248"
                    BASELINE="517 3345 829 3343 1233 3344 1355 3346 1727 3374 1795 3358 2133 3353 2369 3353 2903 3357 3075 3360 3399 3360" 
                    HPOS="517"
                    VPOS="3271"
                    WIDTH="2882"
                    HEIGHT="111">
            <Shape><Polygon POINTS="517 3271 3399 3271 3399 3382 517 3382"/></Shape>
	    <String CONTENT="flattions Monſieur de Scudery, puiſque nous examinerons ſon Poëme"
                    HPOS="517"
                    VPOS="3271"
                    WIDTH="2882"
                    HEIGHT="111"></String>
          </TextLine>

          
          
          <TextLine ID="tl_31"
                    TAGREFS="LT248"
                    BASELINE="529 3443 719 3441 817 3443 1137 3441 1301 3444 1689 3448 1877 3448 1985 3450 2441 3451 2573 3451 2651 3453 2939 3455" 
                    HPOS="529"
                    VPOS="3371"
                    WIDTH="2410"
                    HEIGHT="110">
            <Shape><Polygon POINTS="529 3371 2939 3371 2939 3481 529 3481"/></Shape>
	    <String CONTENT="ſelon la ſeuerité des preceptes que ce Philoſophe en a laissez."
                    HPOS="529"
                    VPOS="3371"
                    WIDTH="2410"
                    HEIGHT="110"></String>
          </TextLine>

          
          
          <TextLine ID="tl_32"
                    TAGREFS="LT248"
                    BASELINE="599 3545 1059 3543 1369 3544 1443 3544 1719 3570 1821 3542 2191 3545 2301 3545 2509 3547 2877 3555" 
                    HPOS="599"
                    VPOS="3471"
                    WIDTH="2278"
                    HEIGHT="100">
            <Shape><Polygon POINTS="599 3471 2877 3471 2877 3571 599 3571"/></Shape>
	    <String CONTENT="Cét exellent homme a definy la Tragedie en ceſte maniere."
                    HPOS="599"
                    VPOS="3471"
                    WIDTH="2278"
                    HEIGHT="100"></String>
          </TextLine>

          
          
          <TextLine ID="tl_33"
                    TAGREFS="LT248"
                    BASELINE="617 3643 715 3641 1097 3643 1219 3644 1647 3644 1875 3646 1931 3646 2131 3646 2467 3659 2905 3665 3001 3649 3193 3654 3397 3658" 
                    HPOS="617"
                    VPOS="3569"
                    WIDTH="2780"
                    HEIGHT="109">
            <Shape><Polygon POINTS="617 3569 3397 3569 3397 3678 617 3678"/></Shape>
	    <String CONTENT="La Tragedie eſt l’imitation d’vne action ſerieuſe, complette, &amp; iuſte dans"
                    HPOS="617"
                    VPOS="3569"
                    WIDTH="2780"
                    HEIGHT="109"></String>
          </TextLine>

          
          
          <TextLine ID="tl_34"
                    TAGREFS="LT248"
                    BASELINE="521 3743 589 3743 991 3763 1149 3745 1595 3746 1639 3754 1749 3746 1925 3748 2081 3748 2547 3751 2703 3751 2789 3751 3179 3770 3399 3744" 
                    HPOS="521"
                    VPOS="3669"
                    WIDTH="2878"
                    HEIGHT="113">
            <Shape><Polygon POINTS="521 3669 3399 3669 3399 3782 521 3782"/></Shape>
	    <String CONTENT="ſa grandeur, qui par l&#39;action, &amp; non pas ſimplement par le diſcours, exci¬"
                    HPOS="521"
                    VPOS="3669"
                    WIDTH="2878"
                    HEIGHT="113"></String>
          </TextLine>

          
          
          <TextLine ID="tl_35"
                    TAGREFS="LT248"
                    BASELINE="525 3839 675 3845 771 3845 977 3847 1121 3849 1207 3848 1541 3864 1651 3850 1857 3852 2093 3852 2247 3853 2707 3851 3183 3858 3395 3860" 
                    HPOS="525"
                    VPOS="3775"
                    WIDTH="2870"
                    HEIGHT="109">
            <Shape><Polygon POINTS="525 3775 3395 3775 3395 3884 525 3884"/></Shape>
	    <String CONTENT="tant la pitié, &amp; la terreur, en laiſſe apres vne mediocrité raiſonnable dans"
                    HPOS="525"
                    VPOS="3775"
                    WIDTH="2870"
                    HEIGHT="109"></String>
          </TextLine>

          
          
          <TextLine ID="tl_36"
                    TAGREFS="LT248"
                    BASELINE="525 3943 911 3947 1407 3956" 
                    HPOS="525"
                    VPOS="3871"
                    WIDTH="882"
                    HEIGHT="107">
            <Shape><Polygon POINTS="525 3871 1407 3871 1407 3978 525 3978"/></Shape>
	    <String CONTENT="l’eſprit des Spectateurs."
                    HPOS="525"
                    VPOS="3871"
                    WIDTH="882"
                    HEIGHT="107"></String>
          </TextLine>

          
          
          <TextLine ID="tl_37"
                    TAGREFS="LT248"
                    BASELINE="615 4055 639 4055 777 4045 1111 4049 1521 4054 1737 4060 1991 4060 2243 4085 2325 4059 2653 4057 2747 4059 2851 4055 3393 4064" 
                    HPOS="615"
                    VPOS="3975"
                    WIDTH="2778"
                    HEIGHT="117">
            <Shape><Polygon POINTS="615 3975 3393 3975 3393 4092 615 4092"/></Shape>
	    <String CONTENT="(De laquelle definition nous auons banny le Rythme &amp; la Muſique, qui"
                    HPOS="615"
                    VPOS="3975"
                    WIDTH="2778"
                    HEIGHT="117"></String>
          </TextLine>

          
          
          <TextLine ID="tl_38"
                    TAGREFS="LT248"
                    BASELINE="527 4147 615 4147 787 4147 973 4149 1095 4149 1363 4154 1465 4156 1713 4158 1985 4186" 
                    HPOS="527"
                    VPOS="4075"
                    WIDTH="1458"
                    HEIGHT="111">
            <Shape><Polygon POINTS="527 4075 1985 4075 1985 4186 527 4186"/></Shape>
	    <String CONTENT="ne ſont plus de l&#39;vſage de nostre ſiecle.)"
                    HPOS="527"
                    VPOS="4075"
                    WIDTH="1458"
                    HEIGHT="111"></String>
          </TextLine>

          
          
          <TextLine ID="tl_39"
                    TAGREFS="LT248"
                    BASELINE="604 4251 671 4251 1208 4266 1350 4256 1756 4260 1965 4260 2300 4275 2398 4263 2642 4265 2764 4261 2876 4265 3400 4266" 
                    HPOS="604"
                    VPOS="4169"
                    WIDTH="2797"
                    HEIGHT="127">
            <Shape><Polygon POINTS="604 4169 3401 4169 3401 4296 604 4296"/></Shape>
	    <String CONTENT="Ce Philoſophe, dis-ie, l’ayant ainſi definie, la diuiſe en ſix parties eſſen¬"
                    HPOS="604"
                    VPOS="4169"
                    WIDTH="2797"
                    HEIGHT="127"></String>
          </TextLine>

          
          
          <TextLine ID="tl_40"
                    TAGREFS="LT248"
                    BASELINE="530 4351 788 4363 992 4355 1120 4355 1332 4356 1708 4360 1804 4362 2250 4363 2402 4367 2654 4365 2718 4377 2826 4363 3394 4366" 
                    HPOS="530"
                    VPOS="4279"
                    WIDTH="2864"
                    HEIGHT="121">
            <Shape><Polygon POINTS="530 4279 3394 4279 3394 4400 530 4400"/></Shape>
	    <String CONTENT="tielles, dont les deux dernieres ſe rapportent aux autres, &amp; en dependent."
                    HPOS="530"
                    VPOS="4279"
                    WIDTH="2864"
                    HEIGHT="121"></String>
          </TextLine>

          
          
          <TextLine ID="tl_41"
                    TAGREFS="LT248"
                    BASELINE="616 4453 958 4455 1176 4471 1272 4456 1518 4468 1640 4464 1998 4480 2120 4466 2302 4469 2564 4479 2648 4469 2990 4469" 
                    HPOS="616"
                    VPOS="4381"
                    WIDTH="2374"
                    HEIGHT="100">
            <Shape><Polygon POINTS="616 4381 2990 4381 2990 4481 616 4481"/></Shape>
	    <String CONTENT="Celles-là ſont, la Fable, les Mœurs, les Sentimens, la Diction."
                    HPOS="616"
                    VPOS="4381"
                    WIDTH="2374"
                    HEIGHT="100"></String>
          </TextLine>

          
          
          <TextLine ID="tl_42"
                    TAGREFS="LT248"
                    BASELINE="622 4547 954 4585 1182 4573 1576 4564 1710 4568 2056 4568 2106 4580 2670 4571" 
                    HPOS="622"
                    VPOS="4483"
                    WIDTH="2048"
                    HEIGHT="116">
            <Shape><Polygon POINTS="622 4483 2670 4483 2670 4599 622 4599"/></Shape>
	    <String CONTENT="Celles-cy ſont, l&#39;appareil du Theatre, &amp; la Muſique."
                    HPOS="622"
                    VPOS="4483"
                    WIDTH="2048"
                    HEIGHT="116"></String>
          </TextLine>

          
          
          <TextLine ID="tl_43"
                    TAGREFS="LT248"
                    BASELINE="618 4643 792 4649 1134 4663 1306 4664 1414 4664 1768 4694 1896 4670 2254 4669 2564 4673 3042 4673 3148 4674 3400 4652" 
                    HPOS="618"
                    VPOS="4577"
                    WIDTH="2782"
                    HEIGHT="127">
            <Shape><Polygon POINTS="618 4577 3400 4577 3400 4704 618 4704"/></Shape>
	    <String CONTENT="Mais d’autant que de celles-cy ,la premiere regarde ſimplement le deco¬"
                    HPOS="618"
                    VPOS="4577"
                    WIDTH="2782"
                    HEIGHT="127"></String>
          </TextLine>

          
          
          <TextLine ID="tl_44"
                    TAGREFS="LT248"
                    BASELINE="546 4745 738 4747 880 4753 988 4785 1032 4763 1540 4768 1778 4772 1876 4772 2192 4775 2318 4773 2734 4777 2984 4777 3042 4793 3196 4774 3390 4770" 
                    HPOS="546"
                    VPOS="4691"
                    WIDTH="2844"
                    HEIGHT="109">
            <Shape><Polygon POINTS="546 4691 3390 4691 3390 4800 546 4800"/></Shape>
	    <String CONTENT="rateur, &amp; que l’autre, qui eſtoit le charme de l’ancienne Scene, n’a plus"
                    HPOS="546"
                    VPOS="4691"
                    WIDTH="2844"
                    HEIGHT="109"></String>
          </TextLine>

          
          
          <TextLine ID="tl_45"
                    TAGREFS="LT248"
                    BASELINE="550 4847 594 4847 1302 4892 1382 4874 1644 4876 2056 4880 2314 4879 2454 4883 2718 4883 2872 4877 3092 4876 3398 4884" 
                    HPOS="550"
                    VPOS="4777"
                    WIDTH="2848"
                    HEIGHT="137">
            <Shape><Polygon POINTS="550 4777 3398 4777 3398 4914 550 4914"/></Shape>
	    <String CONTENT="d&#39;vſage ſur la noſtre, il faudra ſeulement parler des quatre qui nous reſtent,"
                    HPOS="550"
                    VPOS="4777"
                    WIDTH="2848"
                    HEIGHT="137"></String>
          </TextLine>

          
        </TextBlock>
        
        <TextBlock HPOS="2817"
                   VPOS="4914"
                   WIDTH="215"
                   HEIGHT="156"
                   ID="eSc_textblock_32793599"
                   TAGREFS="BT696">
          <Shape><Polygon POINTS="3032 5070 3032 4914 2817 4914 2817 5070"/></Shape>
          
          
          <TextLine ID="tl_46"
                    TAGREFS="LT248"
                    BASELINE="2837 4986 2900 4987 3024 5003" 
                    HPOS="2831"
                    VPOS="4908"
                    WIDTH="193"
                    HEIGHT="95">
            <Shape><Polygon POINTS="2831 4908 3024 4909 3024 5003 2831 5002"/></Shape>
	    <String CONTENT="A ij"
                    HPOS="2831"
                    VPOS="4908"
                    WIDTH="193"
                    HEIGHT="95"></String>
          </TextLine>

          
        </TextBlock>
        
        <TextBlock HPOS="1199"
                   VPOS="273"
                   WIDTH="1674"
                   HEIGHT="158"
                   ID="eSc_textblock_39259bbd"
                   TAGREFS="BT694">
          <Shape><Polygon POINTS="1206 280 1199 431 2865 431 2873 273"/></Shape>
          
          
          <TextLine ID="tl_1"
                    TAGREFS="LT248"
                    BASELINE="1201 406 1422 411 1738 398 2771 401 2859 407" 
                    HPOS="1190"
                    VPOS="260"
                    WIDTH="1682"
                    HEIGHT="172">
            <Shape><Polygon POINTS="1199 404 1190 322 1279 297 1283 310 1329 302 1411 287 1469 275 1542 288 1577 301 1651 265 1862 293 1934 302 1998 314 2059 312 2073 371 2117 306 2263 289 2300 305 2419 302 2451 303 2560 287 2583 311 2624 274 2679 293 2737 290 2828 260 2872 339 2849 359 2858 404 2821 432 2770 432 2747 408 2695 427 2672 408 2654 427 2589 408 2510 432 2454 422 2296 432 2245 399 2112 415 2045 418 1947 399 1631 399 1594 427 1529 408 1422 427 1199 427"/></Shape>
	    <String CONTENT="DE LA TRAGEDIE."
                    HPOS="1190"
                    VPOS="260"
                    WIDTH="1682"
                    HEIGHT="172"></String>
          </TextLine>

          
          
          <TextLine ID="eSc_line_46537c6e"
                    TAGREFS="LT248"
                    BASELINE="3331 434 3382 437" 
                    HPOS="3328"
                    VPOS="246"
                    WIDTH="65"
                    HEIGHT="209">
            <Shape><Polygon POINTS="3328 432 3342 255 3393 246 3374 455 3328 450"/></Shape>
	    <String CONTENT="3"
                    HPOS="3328"
                    VPOS="246"
                    WIDTH="65"
                    HEIGHT="209"></String>
          </TextLine>

          
        </TextBlock>
        
        <TextBlock HPOS="3332"
                   VPOS="348"
                   WIDTH="84"
                   HEIGHT="107"
                   ID="eSc_textblock_c7587f82"
                   TAGREFS="BT693">
          <Shape><Polygon POINTS="3332 348 3332 455 3404 443 3416 348"/></Shape>
          
        </TextBlock>
        

        
      </PrintSpace>
    </Page>
  </Layout>
</alto>
