4267 5575
3365 334 46 125 1

1528 1286 1093 116 DISCOVRS

543 1505 2866 277 DE LA TRAGEDIE,

1851 1873 161 82 OV

525 2068 2881 169 REMARQUES SVR L’AMOVR TY¬

1076 2214 1771 165 rannique de Monſieur de Scudery.

818 2431 2153 173 Par Monſieur de SILLAC D'ARBOIS.

1194 2652 2194 168 ’AMOVR Tyrannique de Monſieur de Scudery, eſt vn

1197 2800 2198 117 Poëme ſi parfait, & ſi acheué, que ſi le temps n’euſt

1188 2904 2208 106 point enuié au ſiecle du CARDINAL DE RICHELIEU,

1174 3008 2222 117 la naiſſance d’Ariſtote, ou que Monſieur de Scudery euſt

632 2666 358 665 L

1172 3099 2221 114 eſcrit ſous l’Empire d’Alexandre; ie penſe auec raiſon

1181 3209 2203 110 que ce Philoſophe auroit reglé vne partie de ſa Poëti¬

498 3396 2890 129 d’auſſi beaux exemples, que de celle d’Oedipe, qu’il eſtimoit ſinguliere¬

1167 3307 2222 110 que ſur ceſte excellente Tragédie, & qu’il en auroit tiré

501 3520 217 51 ment.

574 3596 2813 125 Depuis que ce diuin homme, ayant remarqué tous les deffauts des Poe¬

490 3698 2894 131 tes Grecs, & reduit en Art ce qu’il trouuoit d’excellent dans leurs ouurages,

485 3798 2903 125 nous a enſeigné quelle opinion nous deuions auoir des Poëmes d'au¬

486 3898 2899 129 truy, & ce qu’il falloit ſuiure dans les noſtres; il ne ſe trouuera peut-eſtre

479 4000 2897 128 pas vn des Dramatiques, qui ait ſi bien profité de ſes Remarques, ny ſi

477 4096 2222 124 fidellement ſuiuy ſes preceptes que Monſieur de Scudery.

562 4202 2817 126 Si ie donnois ce Diſcours à vne ambition Crytique, pluſtoſt qu’au meri¬

475 4300 2901 126 te de mon amy, & à la iuſtification de ſon Poëme, i’aurois icy lieu de fai¬

489 4402 2874 130 re vn grand examen des Tragiques, & d’amener beaucoup de difficultez,

492 4488 2867 148 de citations, & d’exemples: Mais comme i’eſcris ſeulement pour ſa gloire,

487 4598 2845 138 ie me contenteray de faire voir les beautez de ſon ouurage, ſans obſer¬

482 4690 2869 146 uer les vices des autres, & ſans eſtablir ſa reputation ſur leurs ruines;

484 4792 2874 146 & i'auray aſſez fait, ſi ie confirme les Doctes dans l’eſtime qu’ils font de ce

2990 4937 67 73 A
