4267 5671
941 250 80 142 6

1173 193 2313 208 L’AMOVR TIRANNIQVE,

1798 446 1160 188 CASSANDRE.

951 745 2482 172 Il ſe doit ſouuenir de voſtre amour extreme,

955 911 2680 180 Et qu’il vous doit aimer à l'eſgal de luy-meſme.

1791 1176 984 128 ORMENE.

955 1415 2482 172 Ie me dois ſouuenir au milieu de mes maux,

957 1593 2778 172 Et du pouuoir d'vn Prince, & du peu que ie vaux.

1911 1853 898 130 HECVBE.

941 2065 2663 217 Mais ſi voſtre intereſt n'excite point voſtre ame,

953 2251 2622 188 Combatez pour le ſien, & le ſauueZ blaſme.

1861 2521 986 126 ORMENE.

941 2757 2716 168 Il n'apartient qu'aux Dieux de conſeiller les Rois,

1761 3021 1150 122 CASSANDRE.

939 3259 2554 170 Et les Dieux pour cela demandent voſtre vois.

1841 3591 962 124 ORMENE.

929 3929 2232 172 Ie ne puis me reſoudre à faſcher Tiridate.

1851 4265 932 124 HECVBE.

931 4555 2664 218 Ce n'eſt pas la raiſon, c'eſt l'amour qui vous flate.

931 4767 2428 174 L'amour eſt vn tyran dans les ieunes eſprits,

941 4914 2498 222 Dont les profonds reſpects excitent le meſpris.
