4267 5696
1116 194 1649 199 TRAGI-COMEDIE.

3240 251 86 199 5

545 414 2365 197 Tigrane mon cher frere, avec ſa Polixene,

532 560 2789 218 Se ſauue dans ces Murs, dont la priſe eſt certaine;

550 750 2119 183 Et Tiridate alors, fauoriſé de Mars,

539 917 2581 192 Plante ſes Pauillons au pied de ces ramparts.

560 1088 2741 193 Mais pourquoy vous compter vn ſi triſte voyage,

547 1233 2815 214 Puis qu'außi bien que moy vous eſtes dans l’orage?

572 1417 2498 198 Et que vous aueZ veu les inſignes malheurs

565 1571 2808 218 Qui perdent ma patrie, & qui cauſent mes pleurs?

565 1746 2281 190 Si l'eſperance meſme à la fin m'eſt rauie,

565 1908 2376 218 VoyeZ ſi i'ay raiſon d’abandonner la vie?

1380 2187 1155 134 CASSANDRE.

570 2420 2697 191 Mais le Roy ſçait-il bien que vous n'ignorez pas,

565 2591 2523 192 L'aueugle mouuement qui guide icy ſes pas?

1467 2856 988 125 ORMENE.

578 3088 2624 195 Mon viſage abatu dans le mal qui me touche,

594 3260 2719 183 Et mes ſoûpirs frequens ont parlé pour ma bouche:

595 3424 2607 191 Mes yeux ont aſſeZ dit la douleur que ie ſens;

590 3590 2599 193 Mais touſiours le reſpect a regné ſur mes ſens.

1506 3862 933 137 HECVBE.

594 4096 2169 197 L'exceZ en toute choſe eſtant illegitime,

591 4265 2199 190 Voſtre facilité, fait peut-eſtre ſon crime.

1495 4540 987 135 ORMENE.

604 4752 2696 219 Quelque injuſte rigueur qu'il exerce enuers moy,

603 4936 2803 266 Ie me ſouuiens qu’il eſt mon eſpoux, & mon Roy.

2759 5118 285 140 A iij
