4267 5708
946 214 171 128 14

1246 142 2307 248 L’AMOVR TIRANNIQVE,

973 349 2631 223 Cette main, dont le bruit en ſa gloire naiſſante,

975 519 2746 214 Voila des bords du Tybre, aux nuages du Xanthe;

972 689 2437 214 Qui par tout ſurmonta les obſtacles offerts,

972 851 2796 225 A laiſſé choir vn Sceptre, & s'eſt ſoumiſe aux fers:

971 1023 2635 211 Ta fraude, ie l'aduouë, a vaincu ma prudence;

977 1194 2586 207 I'ay commis vne faute, & i'en fais penitence;

977 1354 2456 215 Ie me conſume en vain en regrets ſuperflus;

976 1528 2652 216 N'es-tu pas ſatisſait? & que cherches-tu plus?

978 1694 2818 224 Veux tu bannir du monde vn innocent beau-frere?

979 1866 2516 202 Et parce que tu vois que le ſort m'eſt contraire,

975 2018 2262 216 Ton iniuſte fureur qui m'a tant outragé,

975 2190 2098 202 Veut-elle doublement affliger l'affligé?

976 2356 2156 195 Ne te ſuffit-il pas, inexorable Prince,

982 2524 2568 197 De m'auoir mis aux fers? deſolé la Prouince?

985 2686 2807 211 Et verſé tant de ſang, qui monte iuſqu'aux Cieux,

977 2852 2790 208 Pour demander vangeance à l'equité des Dieux?

993 3014 2798 215 Veux-tu donc qu'vn abiſme, apelle vn autre abiſ¬

1181 3213 255 103 me?

1002 3343 2706 218 Et qu'vn crime en ton ame, apelle vn autre crime?

993 3512 2453 212 Ha! pardonne à Tigrane, il a trop enduré;

1003 3684 2394 209 Laiſſe à ce pauure Prince vn aZile aſſuré;

1014 3848 2501 211 Et ſans pourſuiure encor vn deſſein ſi funeſte,

1008 4014 2634 219 Souffre que d'vn Royaume, vne vide luy reſte:

1020 4179 2650 210 C'eſt bien la moindre part qu'vn fils y doit auoir:

1013 4346 2434 206 Ainſi iamais le ſort n'esbranle ton pouuoir;

1013 4514 2362 207 Ainſi le Ciel benin puiſſe oublier ta faute,

1014 4678 2559 216 Et ta main conſeruer le Sceptre qu'elle m'oſte.
