4267 5717
1129 204 1478 205 TRAGI-COMEDIE.

3199 290 90 129 11

478 421 2709 197 Tous les Princes voiſins prenant part à l'affront;

495 595 2818 176 Contre tant d'ennemis, que peut vn Roy de Pont?

1424 874 891 116 TIRIDATE.

511 1107 2807 182 Mais que ne peut-il point? & que peuuent les autres?

520 1271 2521 184 Quels efforts ſuffiront à s'oppoſer aux noſtres?

532 1443 2130 180 El quel de mes voiſins oſera conceuoir

537 1609 2508 180 Le penſer ſeulement de choquer mon pouuoir?

536 1751 2277 203 Apres ce coup d'eſſay de ma force infinie,

533 1941 2353 184 Qu'on arme contre moy toute la Bithinie,

550 2109 2221 177 Et que le Frigien aide à mes ennemis,

557 2281 2477 170 Si ie veux tourner teſte, on les verra ſoumis.

555 2443 2798 184 Non, non, rien deſormais ne peut ternir ma gloire;

548 2583 2516 202 La victoire me ſuit, & tout ſuit la victoire:

557 2759 2701 187 Les ſujets d Oroſmane, & vaincus, & charmez,

558 2939 2317 186 Seruent contre celuy qui les auoit armeZ;

563 3093 2335 196 Du debris de ſon camp le mien ſe fortifie.

1336 3377 1217 128 PHARNABASE.

577 3594 2685 210 Le vaincu peut tromper le vainqueur qui s'y fie.

1524 3888 879 126 TIRIDATE.

579 4098 2309 211 Sur le moindre ſoupcon, vne iuſte rigueur

570 4266 2815 219 Perdra tous les vaincus pour ſauuer le vainqueur.

1351 4559 1216 142 PHARNABASE.

597 4776 2695 215 Vos gens auec douleur ſemblent porter les armes,

582 4938 2810 229 Quand ils verſent du ſang, ils reſpandẽt des larmes,

2772 5172 210 134 B ij
