4267 5708
921 412 2494 208 Et vous n'eſtes ſerui dans ce mauuais deſſein,

919 583 2609 197 Que parce qu'vn ſujet doit tout au Souuerain.

1875 865 879 131 TIRIDATE.

919 1082 2525 208 Soit qu'on me ſuiue icy, par amour, ou par force,

920 1261 2637 195 L'eſpoir d'vn grand butin, eſt vne belle amorce:

925 1431 2570 195 Et puis, leur volonté ne fait pas mes deſtins,

917 1597 2809 197 Ie ſuis Maiſtre, & mon bras ſçait punir les mutins.

1693 1880 1207 127 PHARNABASE.

913 2092 2564 195 Eſprit du grand Hermon, ſi ton œil me regarde;

908 2278 2512 166 Si tu vois le depoſt que tu mis en ma garde;

909 2438 2728 192 Sois teſmoin qu'auiourd'huy ma voix a combatu,

901 2600 2519 198 Les ſentimens d'vn fils qui n'a pas ta vertu;

903 2768 2797 162 Et ſi l'ire des Dieux dans quelque temps l’accable,

899 2915 2806 210 Grand Prince, ſouuiens toy qu'il en fut ſeul coupable.

1865 3213 903 119 TIRIDATE.

894 3410 2464 224 Vous meſme. Pharnabaſe, ayeZ le ſouuenir

903 3607 2417 197 Qu'vn diſcours inſolent ſe peut faire punir.

908 3766 2753 200 Chacun vit à ſa mode dans l'heur que i'eſpere,

905 3938 2504 200 Ie ne me regle point au Regne de mon pere:

917 4108 2785 200 Ce qui fut bon pour luy, ſeroit mauuais pour moy;

920 4272 2477 200 En vn mot il regnoit, & ie penſe eſtre Roy.

913 4447 2616 193 Mais le faſcheux objet que le Deſtin m'enuoye!

925 4602 2792 208 Dieux par quelle raiſon ſouffrez-vous qu'il me voye?

1293 214 2084 204 L'AMOVR TIRANNIQVE,

903 275 157 153 12
