4267 5671
931 269 114 179 4

1158 212 2281 208 L'AMOVR TIRANNIQVE,

945 433 2736 184 Et qui par ſes regards me fit bien-toſt connaiſtre,

946 590 2701 194 Et ma perte, & l'amour, & l'œil qui le fit naiſtre.

1721 866 1160 128 CASSANDRE.

948 1107 2558 182 Fut-elle fauorable aux vœux d'vn ſuborneur?

1820 1372 976 128 ORMENE.

928 1615 2733 176 Pour faire cette faute, elle aimoit trop l'honneur:

941 1783 2412 176 Au contraire, i'apris que ce noble courage,

941 1953 2566 172 Repouſſa cet affront par vn ſanglant outrage,

951 2121 2495 170 Et que par vn meſpris & iuſte & genereux

952 2286 2374 167 Elle impoſa ſilence à ce Prince amoureux.

1836 2536 908 128 HECVBE.

930 2783 2671 172 Ie ne demande plus qui fait prendre les armes,

971 2949 2504 172 Et ie ne cherche plus la ſource de vos larmes.

1821 3208 984 124 ORMENE.

966 3448 2162 177 Apres auoir tenté mille fois ſes appas,

966 3609 2760 182 Le Roy quitte mon pere, & rentre en ſes Eſtats:

966 3787 2714 170 Il arme ſourdement; & puis comme vn tonnerre,

964 3943 2387 186 Il vient porter icy la frayeur & la guerre:

967 4107 2600 184 Et pour donner couleur au deſſein qu'il a pris,

965 4269 2526 190 Il accuſe mon pere, il ſe plaint d'vn meſpris;

971 4443 2530 182 Et parmy nos voiſins luy ſuppoſe des crimes,

955 4611 2495 184 Pour faire croire à tous ſes armes legitimes:

976 4776 2070 181 Oroſmane ſurpris en cette extremité,

980 4929 2434 196 Donne, & perd la bataille, auec la liberté.
