4267 5663
821 344 85 142 2

1024 245 2388 203 L’AMOVR TIRANNIQVE,

816 420 2728 273 AſſeZ trop long-temps, ma pauure ame abatuë,

812 621 2532 217 A ſouffert les rigueurs de l'ennuy qui la tuë:

838 783 2617 223 Aſſez, & trop long-temps, vn infidelle eſpoux

841 953 2501 217 A meſpriſé ces pleurs qui s’adreſſent à vous.

846 1112 2789 220 Il eſt temps, ô grands Dieux, de finir mon martire;

847 1287 2499 215 AccordeZ-moy la mort, puis que ie la deſire:

860 1459 2261 207 Et ne refuſez pas à ce cœur langoureux,

853 1624 2531 212 Le remede aſſeüré qui reſte aux mal-heureux.

854 1786 2421 222 Ie ne demande pas que ma fin ſoit vangée,

857 1950 2779 220 Car ie ne change point, quoy que l'on m'ait changée:

860 2119 2491 211 I'aime encor Tiridate inconſtant comme il eſt;

859 2269 2383 218 Ie croy deuoir haïr tout ce qui luy déplaiſt;

849 2435 2724 226 Puis qu'il veut mon treſpas, ie le tiens legitime,

869 2609 2601 213 Et ie veux que ma mort amoindriße ſon crime:

870 2783 2169 205 Faße le iuſte Ciel en m'oſtant la clarté,

861 2939 2269 223 Qu'il puiße aimer ailleurs ſans infidelité.

1640 3225 1182 143 CASSANDRE.

869 3470 2436 226 Exemple merueilleux de l'amour conjugale,

868 3630 2650 228 Que vous faites bien voir que rien ne vous egale,

863 3794 2804 236 Puis que dans les rigueurs, & dans le changement,

882 3968 2422 203 Ce cœur touſiours conſtant aime ſi cherement.

890 4130 2423 224 Que voſtre Majeſté s'il luy plaiſt ſe conſole,

898 4302 2312 221 Et pour ſe conſoler, s'aſſeure en ma parole,

888 4452 2753 240 Qui luy promet qu'vn iour les Dieux auront pitié

901 4622 2503 233 Des maux que le Roy fait à ſa chaſte amitié:

905 4813 2164 212 Et qu'il luy donnera la palme meritée,

906 4978 1994 211 Adorant la vertu qu'il a perſecutée.
