4267 5579
491 380 2892 173 pluſieurs Regions, ils croyoient auoir fait vn excellent Poëme Dramati¬

496 560 173 84 que

1504 603 656 106 – – Poſt hoc

1268 697 1331 122 ſerui cadat an recto ſtet fabula talo.

576 896 2807 140 Nous auons cette obligation à Monſieur Mairet, qu’il a eſté premier

507 998 2871 140 qui a pris ſoin de diſpoſer l'action; qui a ouuert le chemin aux ouurages

508 1098 2881 146 reguliers par ſa Siluanire, & qui a ramené la maieſté de la Tragedie, dans

513 1200 2881 140 ſa Sophoniſbe, eſtant vray de dire de luy, qu’il eſt nay pour la gloire de

512 1302 2885 128 noſtre Siecle, & de la Poëſie de noſtre Nation. Vn peu apres l’on repre¬

515 1400 2877 144 ſenta auec applaudiſſement la mort de Cæſar, de Monſieur de Scudery;

518 1502 2883 140 Poëme certainement incomparable en ſon eſpece, & qui ſans doute le ſe¬

521 1604 2879 138 ra toujours, tant la force des penſées, & la magnificence des vers, le ren¬

524 1702 2879 146 dent digne de la maieſté de la vieille Rome, & tant il eſt regulier en toute

523 1806 2885 144 ſon œconomie. Depuis eux, quelques vns de nos Autheurs, ayans appris

522 1904 2887 146 dans vne eſtude plus exacte de l'Art Dramatique, combien la Fable eſtoit im¬

522 2004 2891 142 portante, & abſolument neceſſaire à la perfection de la Tragedie, en fin

527 2104 2879 146 nous ont donné pluſieurs beaux Poëmes, & reparé heureuſement leurs

534 2240 673 102 premiers deffauts.

617 2306 2803 133 Ie me ſuis vn peu eſtendu ſur les loüanges de la Fable, auparauant que

532 2402 2891 136 d’en faire la recherche dans l’ouurage de mon amy, afin de monſtrer com¬

533 2502 2889 134 bien elle eſtoit neceſſaire, & combien il merite de gloire, puis qu’il l’a ſi

532 2626 491 108 bien traittée.

611 2712 2813 137 C’eſt ce que ie pretends remarquer ſur ſon ouurage, & à quoy vne par¬

542 2829 1247 121 tie de ce Diſcours ſera employée.

621 2914 2801 135 Il eſt impoſſible qu’on puiſſe appeller vne choſe belle, ſi elle n’a l’or¬

542 3014 2895 136 dre & la grandeur qui ſont conuenables & proportionnées à ſa nature. En

545 3116 2891 136 tant plus elle approche de ce periode de grandeur, tant plus elle eſt parfaite;

552 3218 2878 132 comme au contraire elle eſt plus defectueuſe, plus elle s’en eſloigne, ou par

556 3302 2879 148 l'excés, ou par le deffaut. Les grands hommes ſont beaux, mais les Nains &

559 3431 937 87 les Geans ſont difformes.

640 3514 2799 133 Il en eſt de meſme de la Fable, qui contient la grandeur de la Tragedie, &

557 3616 2879 134 comme les corps ne peuuent eſtre beaux, ſans la grandeur, de meſme la

560 3718 2875 134 Tragedie ne peut eſtre belle, ſi elle n’eſt grande, & ſi elle n’arriue à ce ſu¬

563 3818 2871 136 préme periode qui luy eſt propre, & au delà duquel ſa nature ne luy ſouf¬

564 3934 1563 118 friroit pas de paſſer ſans eſtre defectueuſe.

643 4024 2797 131 Quoy qu’Ariſtote laiſſe la meſure de ceſte grandeur au iugement des Poë¬

570 4120 2863 136 tes, c'eſt toutefois auec de certaines regles où il les reſtraint. Il penſe donc

567 4222 2879 132 que l’action puiſſe croiſtre, & eſtre continuée, iuſques à ce qu’il ſoit ab¬

570 4324 2875 134 ſolument neceſſaire, ſelon l’ordre des choſes que l’on repreſente, d’y ap¬

585 4426 2861 132 porter le changement qui en eſt le dernier terme: comme lors que la bon¬

596 4524 2846 136 ne fortune ſe change en mal-heur, ou que le mal-heur ſe change en felicité.

694 4624 2745 139 Il ne faut point d’autre exemple que l’Amour Tyrannique, pour eſclaircir

595 4726 2375 140 ceſte doctrine, & pour faire voir par là combien il eſt regulier.

2988 4832 197 112 A iij

1228 204 1629 172 DE LA TRAGEDIE.

3317 255 61 116 5
