4267 5517
1840 341 932 132 EPISTRE.

846 501 2768 170 re des lieux qui ſeruent d’Aſyles aux bonnes Lettres.

850 657 2777 175 Il y a des perſonnes de ſcience & d'integrité; Et des

856 821 2773 199 Iuges auſquels on peut appeller de la mauuaiſe opi¬

850 981 2772 198 nion du vulgaire, & de la perſecution des demi-ſça¬

849 1142 2780 200 uans. Comme ie travaille pour la ſeule gloire des let¬

852 1305 2785 196 tres, & que te ſouhaitterois que mes fautes deuinſſent

838 1458 2802 208 publiques, afin qu'elles peuſſent profiter; I'ay deu ſans

855 1624 2792 198 doute chercher ces excellens hommes qui ont conſerué

859 1782 2792 206 le bon ſens malgré la contagion, & leur envoyer mes

863 1952 2785 194 Remarques, afin qu'ils en prononçaſſent ſouueraine¬

859 2107 2798 194 ment l'Arreſt. Et d'autant qu'il n'y a point d'Aſſem¬

861 2260 2792 200 blée en l'Europe où le nombre de ces grands Genies ſe

868 2421 2796 203 rencontre plus aiſément que dans la voſtre, C'eſt auec

872 2577 2783 207 raiſon que ie vous demande la cenſure, ou l'approba¬

873 2745 2792 201 tion de cette Critique que ie vous dedie. Ce n'eſt pas

881 2902 2785 201 que ie mette en doute la perfection de l'ouurage de

882 3060 2787 210 Mr de Scudery, ny que ie craigne que voſtre ſenti¬

890 3198 2785 227 ment ne ſoit celuy de toute la Cour: mais ie pourrois

893 3380 2793 200 auoir mal travaillé ſur vn beau ſujet; & c'eſt dequoy

896 3543 2779 203 ie veux m'eſclaircir en vous la preſentant. Receuez-

898 3698 2784 216 la, s'il vous plaiſt, auec autant de candeur, que ie

907 3856 2786 217 vous l'offre; & laquelle ie ne profeſſe pas ſeulement

908 4024 2784 209 dans mes ouurages, mais encor dans mes amitieZ, &

914 4186 2346 209 dans toute l'inſitution de ma vie. le ſuis,

926 4545 1307 141 MESSIEVRS,

2413 4775 1279 122 Voſtre tres-humble, & tres-

2526 4901 889 110 obeïſſant ſeruiteur,

2428 5002 1275 130 SILLAC D’ARBOIS.
