4267 7638
2237 485 2443 623 12
2453 555 2498 608 .

913 697 1163 861 pas
1250 649 1392 811 la
1490 636 2160 807 hardiefle
2238 656 2423 811 de
2478 646 2836 809 faire
2894 698 3079 824 un
3142 669 3779 855 discours

906 867 1145 1057 qui
1211 851 1793 1010 trainoit
1891 895 2292 1081 apres
2387 854 2637 1050 luy
2735 855 2908 1014 de
3003 871 3768 1055 fafcheufes

904 1058 1485 1220 fuittes,
1592 1062 1742 1216 &
1815 1052 2133 1251 puis
2188 1056 2290 1204 il
2352 1051 3362 1262 n’euftpasefté
3423 1094 3757 1247 bien

893 1251 1527 1431 receu,il
1585 1258 1754 1407 fit
1817 1253 2198 1408 donc
2257 1244 3770 1475 deflfeindeluyefcrire

906 1460 1068 1618 &
1130 1455 1387 1652 luy
1426 1445 2007 1615 efcrivit
2038 1501 2435 1611 cette
2470 1455 2958 1619 lettre.

1748 1862 2974 2052 •LETTRE

833 2291 1207 2972 J
1202 2284 1308 2358 "
1333 2322 1534 2521 Ay
1605 2298 1902 2472 bien
1981 2300 2383 2474 aimé
2417 2311 2590 2476 de
2676 2315 2954 2540 fois
3029 2376 3198 2490 en
3229 2383 3466 2502 ma
3508 2340 3777 2539 vie.

1269 2537 2038 2733 Madame,
2141 2554 2594 2745 mais,
2688 2555 2859 2780 je
2897 2538 3044 2728 ri
3045 2629 3223 2799 ay
3240 2571 3783 2788 jamais

1202 2773 1479 2941 rien
1522 2821 1847 2948 tant
1882 2779 2248 2948 aimé
2333 2833 2599 3003 que
2673 2839 3003 2970 vous
3001 2856 3046 2997 ,
3089 2857 3239 2975 ce
3281 2815 3520 3021 qui
3549 2864 3771 2979 me

874 3003 1008 3157 le
1066 2998 1368 3216 fait
1406 3023 1816 3183 croire
1846 3067 1891 3212 ,
1970 3068 2176 3183 ce
2145 3019 2285 3245 fi
2325 3071 2592 3243 que
2641 3026 2820 3256 je
2850 3093 3179 3266 nay
3229 3043 3775 3268 jamais

867 3231 1329 3406 donné
1387 3303 1484 3417 a
1571 3255 2172 3422 chacune
2298 3261 2472 3427 de
2570 3321 2864 3440 mes
2978 3275 3772 3518 Maiftrejfes

856 3481 1169 3681 ■plus
1239 3481 1421 3644 de
1503 3537 1813 3658 cent
1870 3484 2452 3718 piftolles
2538 3553 2880 3730 pour
2999 3528 3384 3690 avoir
3415 3530 3768 3693 leurs

864 3699 1361 3882 bonnes
1495 3777 1993 3947 grâces
2067 3838 2120 3926 ,
2227 3728 2453 3911 &'
2510 3788 2845 3966 pour
2963 3759 3157 3920 les
3271 3754 3769 3988 voflres

835 3939 1278 4170 j'iray
1363 3949 1941 4172 jufques
2068 4026 2165 4135 a
2248 3980 2617 4152 deux
2700 3993 3164 4186 mille,
3251 3989 3769 4217 faittés

869 4169 1518 4391 reflexion
1604 4191 1782 4412 je
1888 4247 2214 4372 vous
2307 4224 2598 4431 prie
2704 4227 2858 4385 la
2936 4210 3346 4427 deffrn
3415 4215 3460 4432 ,
3576 4216 3771 4403 &

836 4393 1323 4640 fongés
1400 4476 1666 4641 que
1769 4410 2378 4663 l'argent
2449 4444 2635 4674 efi
2696 4461 3014 4673 plus
3072 4513 3386 4633 rare
3423 4474 3775 4699 quil

865 4628 1020 4814 ri
1013 4710 1115 4823 a
1172 4652 1727 4882 jamais
1773 4658 2082 4892 efié.

1083 5071 1777 5265 Quinette
1831 5082 2377 5250 femme
2407 5095 2588 5256 de
2615 5107 3240 5271 chanbre
3283 5116 3748 5278 d’Ar-

856 5259 1302 5442 delife
1364 5371 1409 5448 ,
1512 5297 1670 5448 &
1752 5285 1890 5443 fa
1988 5294 2825 5469 confidente
2900 5310 3153 5518 luy
3276 5324 3769 5487 rendit

845 5506 1243 5621 cette
1337 5475 1774 5643 lettre
1833 5490 2019 5649 de
2085 5494 2662 5708 Crifpin
2701 5607 2746 5672 »
2833 5513 3750 5685 incontinent

838 5707 1240 5825 cette
1358 5679 1755 5851 belle
1870 5695 2115 5898 luy
2214 5704 2391 5861 fit
2482 5712 2627 5870 la
2709 5718 3395 5936 refponce
3485 5734 3752 5941 qui

847 5851 1396 6040 fenfuir.

3176 6332 3431 6494 LE
3488 6335 3718 6489 T-
