4267 7638
1764 546 2009 660 II.

467 722 888 939 qu'ils
923 740 1536 909 avoyent
1567 746 1736 859 au
1783 727 2456 908 paravant
2471 782 2520 870 }
2547 677 3352 895 cependant

465 918 1319 1099 Oroondate
1426 907 1859 1068 eftant
2001 899 2679 1057 demeuré
2801 880 3367 1039 maiftre

464 1142 654 1295 du
741 1128 1275 1325 champ
1336 1113 1522 1271 de
1600 1104 2278 1286 bataille,
2392 1086 3054 1251 Candole
3120 1135 3358 1237 re-

468 1371 1317 1491 eommance
1379 1321 1581 1477 fes
1615 1313 2209 1523 plaintes
2243 1344 2753 1462 contre
2847 1292 3173 1483 luy,
3247 1291 3365 1442 il

470 1536 740 1699 fait
782 1537 964 1691 de
1015 1553 1760 1683 nouveaux
1794 1501 2312 1667 efforts
2362 1555 2720 1712 pour
2778 1497 2916 1650 le
2954 1486 3359 1646 chaf-

469 1738 739 1912 fer,
782 1735 1139 1891 mais
1173 1695 3103 1920 inutilement,-Ardefileluy
3136 1692 3367 1847 dit

476 1934 818 2147 qu'il
868 1983 1042 2088 ne
1072 1925 1810 2087 confidere
1848 1967 2126 2127 que
2155 1910 2362 2067 fes
2403 1895 3118 2066 interefts,
3195 1898 3366 2060 &

483 2138 849 2347 qu’il
935 2182 1113 2287 ne
1207 2131 1345 2281 fe
1406 2124 1889 2278 foucie
1979 2162 2229 2322 pas
2286 2108 2473 2264 de
2566 2108 2704 2261 la
2779 2093 3377 2310 perdre,

482 2336 800 2551 puis
842 2377 1128 2534 que
1161 2328 1260 2481 fi
1286 2326 1560 2480 elle
1589 2306 2403 2472 deffendoit
2458 2354 2535 2459 a
2605 2300 3383 2457 Oroonda¬

489 2590 631 2699 te
684 2543 867 2700 de
900 2536 1039 2692 la
1081 2527 1487 2709 voir,
1516 2515 1762 2675 fon
1809 2561 2203 2708 mary
2236 2520 2390 2674 &
2429 2546 2750 2659 tout
2788 2505 2922 2654 le
2965 2546 3386 2652 mon¬

491 2746 673 2899 de
744 2789 925 2894 ne
999 2730 2017 2918 doutteroyent
2088 2762 2337 2920 pas
2415 2706 2609 2863 du
2651 2694 3369 2860 Sacrifice.

494 2935 1160 3103 Ardefile
1195 2933 1436 3121 qui
1471 2921 2124 3082 n’aimoit
2163 2963 2412 3115 pas
2455 2950 2756 3067 tant
2794 2912 3396 3066 Oroon¬

489 3150 819 3303 date
854 3182 1139 3350 que
1181 3123 1876 3312 Candole,
1914 3172 2087 3277 ne
2137 3123 2283 3275 le
2322 3152 2663 3277 veut
2702 3137 3395 3311 pourtant

497 3390 742 3551 pas
813 3333 1402 3547 perdre,
1496 3371 1802 3486 tant
1877 3372 2126 3531 par
2193 3372 2362 3475 ce
2413 3332 2862 3527 qu’un
2928 3310 3082 3472 &
3188 3345 3394 3456 un

495 3546 817 3703 font
847 3549 1278 3724 deux,
1315 3578 1597 3739 que
1632 3577 2053 3739 parce
2079 3571 2357 3732 que
2379 3523 2589 3675 les
2627 3545 3389 3726 coquettes

499 3782 1100 3943 croyent
1207 3746 1692 3895 mieux
1762 3734 2296 3889 retenir
2390 3727 2764 3880 leurs
2902 3748 3396 3875 amans

497 3992 755 4155 par
861 3994 1135 4103 une
1237 3936 1691 4144 petite
1781 3926 2363 4125 jaloufie
2457 3973 2735 4127 que
2805 3959 3055 4118 par
3113 3952 3403 4061 une

512 4141 1038 4355 grande
1100 4137 2034 4346 tranquillité.

731 4354 1125 4500 Dans
1243 4368 1633 4492 cette
1751 4318 2572 4485 entrefaitte
2722 4302 3401 4510 Crifpin,

525 4535 1908 4734 hommeaflesaagé,
1993 4524 2183 4678 de
2213 4510 2587 4678 baffe
2622 4499 3404 4682 naissance,

521 4739 878 4899 mais
972 4739 1266 4892 fort
1373 4738 1770 4889 riche
1845 4823 1899 4908 ,
1988 4728 2486 4882 devint
2601 4749 3402 4873 amoureux

515 4933 1377 5107 d’Ardefile,
1415 4944 1569 5102 &
1616 4975 2037 5130 ayant
2071 4906 3409 5128 defçouvertqu’el¬

502 5146 652 5306 le
715 5136 1705 5326 aimoitlejeu,
1762 5136 1868 5284 il
1915 5174 2236 5287 crut
2275 5176 2556 5338 que
2590 5116 2836 5276 fon
2903 5153 3408 5318 argent

521 5350 760 5545 luy
802 5346 1487 5505 «endroit
1517 5340 1803 5496 lieu
1849 5330 2039 5490 de
2074 5335 2675 5505 mérité,
2749 5329 2907 5487 &
2961 5311 3411 5480 fonda

528 5558 734 5714 fes
765 5549 1082 5759 plus
1120 5546 1562 5706 belles
1644 5528 2946 5740 Efperancesfurla
3012 5522 3409 5674 fom-

535 5801 777 5915 me
800 5754 1153 5967 qli’il
1192 5748 1709 5908 relblut
1763 5744 1949 5901 de
1979 5741 2230 5936 luy
2295 5730 2793 5907 offrir,
2827 5728 2937 5882 il
2999 5718 3417 5883 avoit

538 5948 884 6119 affés
934 5952 1492 6117 d’accès
1526 5950 1880 6107 chez
1922 5948 2204 6103 elle
2262 5986 2632 6146 pour
2658 5939 2920 6130 luy
2954 5924 3412 6128 parler

541 6162 792 6377 luy
833 6150 1347 6335 mefme
1385 6155 1619 6328 s’il
1665 6154 1955 6323 euft
1989 6139 2287 6314 ofé,
2321 6141 2679 6306 mais
2709 6130 2819 6307 il
2861 6126 3419 6291 n’avoit

1984 6360 2138 6522 A
2256 6357 2362 6514 6
3176 6369 3433 6545 pas
