4267 7612
1841 558 1998 700 /•

476 721 1041 887 avoient
1104 713 1421 914 plus
1492 704 2129 909 d’Efprit
2168 743 2440 907 que
2479 693 2805 892 luy,
2904 689 3353 860 eftant

473 922 846 1079 donc
917 911 1110 1072 de
1173 963 1654 1073 retour
1689 906 1938 1062 des
2009 902 2566 1056 confins
2613 892 2790 1048 de
2825 890 3370 1093 l'Efpa-

467 1169 827 1327 gne,
923 1170 1115 1272 ou
1178 1121 1279 1270 il
1343 1115 1731 1273 avoir
1791 1096 2651 1262 commandé
2694 1094 3363 1252 l’Armée

460 1328 893 1479 foubs
1000 1310 1829 1474 l’authorité
1908 1304 2105 1461 du
2176 1302 2697 1467 Prince
2772 1342 3369 1451 comme

465 1516 1010 1731 proche
1085 1567 1578 1727 parent
1621 1522 1806 1675 du
1849 1516 2286 1704 Roy,
2369 1505 2466 1662 il
2517 1548 3370 1657 commence

467 1774 547 1883 a
631 1716 1615 1930 tefmoigner-a
1654 1711 2299 1875 Ardefile
2339 1761 2587 1906 par
2623 1706 3027 1859 mille
3071 1753 3379 1857 em¬

476 1920 1381 2131 pressements
1464 1924 2073 2076 l’amour
2132 1913 2485 2119 qu’il
2568 1914 3369 2106 avoitpour

469 2126 742 2275 elle
813 2116 1150 2279 dans
1213 2129 1350 2274 la
1413 2118 1918 2344 penfée
1978 2240 2010 2289 ,
2117 2117 2450 2312 qu’il
2533 2151 2766 2264 eut
2837 2100 3374 2307 qu’elle

475 2328 1011 2485 n’avoit
1083 2324 1563 2519 jamais
1639 2314 1931 2463 rien
2003 2316 2484 2477 aimé,
2590 2319 2743 2468 &
2827 2347 3367 2477 voyant

476 2524 973 2727 qu’elle
1052 2578 1221 2678 ne
1288 2496 2661 2716 refpondoitpasafa
2728 2506 3265 2703 paillon
3328 2603 3385 2675 ,

481 2730 582 2878 il
658 2720 1182 2879 résolut
1246 2720 1634 2877 enfin
1701 2710 1878 2866 de
1913 2717 2042 2865 la
2077 2716 2322 2907 luy
2393 2701 3174 2909 apprendre
3209 2708 3394 2852 de

483 2924 1084 3076 maniéré
1171 2915 1707 3126 qu’elle
1795 2965 1967 3066 ne
2071 2897 2467 3120 peuft
2582 2907 2931 3060 faire
3010 2893 3387 3057 sem¬

480 3126 881 3275 blant
984 3127 1165 3279 de
1268 3120 2045 3324 l’ignorer,
2156 3109 2501 3266 mais
2616 3152 3197 3260 comme
3280 3103 3393 3256 il

486 3320 874 3478 avoit
938 3371 1302 3528 pour
1358 3359 1830 3473 toutes
1909 3317 2110 3469 les
2185 3311 2798 3467 femmes
2869 3358 3058 3459 un
3137 3352 3390 3453 re-

483 3528 852 3730 fpeft
943 3519 2220 3736 quitenoitunpeu
2291 3518 2468 3670 de
2507 3513 2632 3661 la
2671 3519 3200 3680 honte,
3282 3503 3395 3655 il

484 3730 849 3883 aima
932 3707 1953 3880 mieuxeferire
1996 3768 2073 3868 a
2124 3704 2773 3869 Ardefile
2812 3757 3097 3919 que
3148 3704 3393 3896 luy

490 3929 1035 4131 parler,
1070 3933 1495 4124 voicy
1566 3970 1738 4071 ce
1774 3920 2118 4126 qu’il
2157 3919 2399 4110 iuy
2442 3915 3054 4064 eferivit.

1349 4397 2338 4577 LETTR
2401 4397 2582 4562 E.

500 4877 691 5351 J
748 4880 841 5017 E
911 4839 1201 5068 fuis
1316 4900 1497 5017 au
1616 4829 2317 5058 Difcsfmir
2404 4852 2449 5034 ,
2616 4834 3309 5010 Madame
3356 4947 3401 5027 ,

738 5140 994 5305 que
1117 5129 1542 5250 tomes
1653 5086 1846 5242 les
1965 5078 2926 5241 Déclarations
3053 5081 3410 5237 d’A-

499 5376 880 5496 mour
979 5318 1144 5543 fe
1247 5308 2116 5521 reffsmblent.
2311 5338 2492 5474 Et
2623 5318 2956 5528 qutl
3027 5373 3116 5537 y
3203 5323 3408 5479 ait

513 5610 830 5729 tant
924 5571 1089 5728 de
1128 5556 1821 5778 différence
1889 5600 2273 5717 entre
2360 5558 2541 5714 les
2604 5535 3393 5760 fentimens.

514 5794 727 6030 Je
830 5787 1143 6008 fens
1258 5757 1539 5965 bien
1658 5846 1919 6011 que
2018 5792 2191 6012 je
2270 5833 2587 5955 vous
2666 5795 3031 5956 aime
3122 5788 3415 5997 pim

524 6090 793 6258 que
912 6083 1197 6208 tout
1272 6045 1393 6205 le
1508 6033 1993 6208 monde
2112 6086 2353 6199 na
2464 6033 2633 6193 de
2752 6017 3413 6246 coufume

1793 6265 1946 6430 A
2062 6259 2179 6484 4
2825 6234 3414 6434 d'aimer
