<?xml version="1.0" encoding="UTF-8" standalone="yes"?>
<PcGts xmlns="http://schema.primaresearch.org/PAGE/gts/pagecontent/2013-07-15" xmlns:xsi="http://www.w3.org/2001/XMLSchema-instance" xsi:schemaLocation="http://schema.primaresearch.org/PAGE/gts/pagecontent/2013-07-15 http://schema.primaresearch.org/PAGE/gts/pagecontent/2013-07-15/pagecontent.xsd">
    <Metadata>
        <Creator></Creator>
        <Created>2018-12-28T17:23:16.778+01:00</Created>
        <LastChange>2019-04-09T12:20:20.550+02:00</LastChange>
        <Comments>
                Measurement unit: pixel
                PrimaryLanguage: English
                Language: FrenchStandard
                Producer: ABBYY FineReader Engine 11</Comments>
        <TranskribusMetadata docId="146124" pageId="5420348" pageNr="31" tsid="9064917" status="DONE" userId="10612" imgUrl="https://files.transkribus.eu/Get?id=GIKGAFJQPGIQHSJAZRYHADCI&amp;fileType=view" xmlUrl="https://files.transkribus.eu/Get?id=YFXFDNQWUCXKROAFSUXMENNI" imageId="2073223"/>
    </Metadata>
    <Page imageFilename="Bussy1665_Histoire_corrected_0031.png" imageWidth="4267" imageHeight="7647">
        <PrintSpace>
            <Coords points="371,31 4150,31 4152,6492 373,6492"/>
        </PrintSpace>
        <ReadingOrder>
            <OrderedGroup id="ro_1604217806773" caption="Regions reading order">
                <RegionRefIndexed index="0" regionRef="r_1_1"/>
                <RegionRefIndexed index="1" regionRef="r_1_2"/>
                <RegionRefIndexed index="4" regionRef="region_1546014388509_6561"/>
            </OrderedGroup>
        </ReadingOrder>
        <TextRegion type="paragraph" id="r_1_1" custom="readingOrder {index:0;}">
            <Coords points="1756,521 2016,521 2016,694 1756,694"/>
            <TextLine id="tl_1" primaryLanguage="English" custom="readingOrder {index:0;}">
                <Coords points="1757,522 2015,522 2015,693 1757,693"/>
                <Baseline points="1757,649 1835,649 2014,631"/>
                <Word id="w_w2aab1b1b2b1b1ab1" language="English" custom="readingOrder {index:0;}">
                    <Coords points="1757,523 1971,523 1971,692 1757,692"/>
                    <TextEquiv>
                        <Unicode>19</Unicode>
                    </TextEquiv>
                    <TextStyle fontFamily="Times New Roman" fontSize="8.5"/>
                </Word>
                <Word id="w_w2aab1b1b2b1b1b1b1" language="English" custom="readingOrder {index:1;}">
                    <Coords points="1970,582 2014,582 2014,631 1970,631"/>
                    <TextEquiv>
                        <Unicode>*</Unicode>
                    </TextEquiv>
                    <TextStyle fontFamily="Times New Roman" fontSize="4.0" bold="true"/>
                </Word>
                <TextEquiv>
                    <Unicode>19.</Unicode>
                </TextEquiv>
            </TextLine>
            <TextEquiv>
                <Unicode>19.</Unicode>
            </TextEquiv>
        </TextRegion>
        <TextRegion type="paragraph" id="r_1_2" custom="readingOrder {index:1;}">
            <Coords points="433,650 3439,650 3439,6361 433,6361"/>
            <TextLine id="tl_2" primaryLanguage="English" custom="readingOrder {index:0;}">
                <Coords points="443,651 3306,651 3306,909 443,909"/>
                <Baseline points="443,881 681,863 1877,837 2209,829 3305,828"/>
                <Word id="w_w2aab1b1b2b3b1ab1" language="English" custom="readingOrder {index:0;}">
                    <Coords points="443,724 681,724 681,881 443,881"/>
                    <TextEquiv>
                        <Unicode>des</Unicode>
                    </TextEquiv>
                    <TextStyle fontFamily="Times New Roman" fontSize="8.0"/>
                </Word>
                <Word id="w_w2aab1b1b2b3b1ab9" language="English" custom="readingOrder {index:1;}">
                    <Coords points="836,690 1877,690 1877,898 836,898"/>
                    <TextEquiv>
                        <Unicode>tefmoignages</Unicode>
                    </TextEquiv>
                    <TextStyle fontFamily="Times New Roman" fontSize="8.0"/>
                </Word>
                <Word id="w_w2aab1b1b2b3b1ac35" language="English" custom="readingOrder {index:2;}">
                    <Coords points="2015,673 2209,673 2209,834 2015,834"/>
                    <TextEquiv>
                        <Unicode>du</Unicode>
                    </TextEquiv>
                    <TextStyle fontFamily="Times New Roman" fontSize="8.0"/>
                </Word>
                <Word id="w_w2aab1b1b2b3b1ac41" language="English" custom="readingOrder {index:3;}">
                    <Coords points="2303,661 3305,661 3305,875 2303,875"/>
                    <TextEquiv>
                        <Unicode>dereglement</Unicode>
                    </TextEquiv>
                    <TextStyle fontFamily="Times New Roman" fontSize="8.0"/>
                </Word>
                <TextEquiv>
                    <Unicode>des teſmoignages du dereglement</Unicode>
                </TextEquiv>
                <TextStyle fontFamily="Times New Roman" fontSize="8.0"/>
            </TextLine>
            <TextLine id="tl_3" primaryLanguage="English" custom="readingOrder {index:1;}">
                <Coords points="445,855 3312,855 3312,1109 445,1109"/>
                <Baseline points="446,1077 983,1055 1224,1061 1439,1050 2016,1063 2539,1029 2855,1025 3311,1020"/>
                <Word id="w_w2aab1b1b2b3b3ab1" language="English" custom="readingOrder {index:0;}">
                    <Coords points="446,902 983,902 983,1077 446,1077"/>
                    <TextEquiv>
                        <Unicode>naturel</Unicode>
                    </TextEquiv>
                    <TextStyle fontFamily="Times New Roman" fontSize="8.0"/>
                </Word>
                <Word id="w_w2aab1b1b2b3b3ac17" language="English" custom="readingOrder {index:1;}">
                    <Coords points="1042,901 1224,901 1224,1061 1042,1061"/>
                    <TextEquiv>
                        <Unicode>de</Unicode>
                    </TextEquiv>
                    <TextStyle fontFamily="Times New Roman" fontSize="8.0"/>
                </Word>
                <Word id="w_w2aab1b1b2b3b3ac23" language="English" custom="readingOrder {index:2;}">
                    <Coords points="1302,898 1439,898 1439,1055 1302,1055"/>
                    <TextEquiv>
                        <Unicode>fa</Unicode>
                    </TextEquiv>
                    <TextStyle fontFamily="Times New Roman" fontSize="8.0"/>
                </Word>
                <Word id="w_w2aab1b1b2b3b3ac29" language="English" custom="readingOrder {index:3;}">
                    <Coords points="1510,885 2016,885 2016,1063 1510,1063"/>
                    <TextEquiv>
                        <Unicode>raison,</Unicode>
                    </TextEquiv>
                    <TextStyle fontFamily="Times New Roman" fontSize="8.0"/>
                </Word>
                <Word id="w_w2aab1b1b2b3b3ac45" language="English" custom="readingOrder {index:4;}">
                    <Coords points="2054,864 2539,864 2539,1090 2054,1090"/>
                    <TextEquiv>
                        <Unicode>quand</Unicode>
                    </TextEquiv>
                    <TextStyle fontFamily="Times New Roman" fontSize="8.0"/>
                </Word>
                <Word id="w_w2aab1b1b2b3b3ac57" language="English" custom="readingOrder {index:5;}">
                    <Coords points="2578,869 2855,869 2855,1031 2578,1031"/>
                    <TextEquiv>
                        <Unicode>elle</Unicode>
                    </TextEquiv>
                    <TextStyle fontFamily="Times New Roman" fontSize="8.0"/>
                </Word>
                <Word id="w_w2aab1b1b2b3b3ac67" language="English" custom="readingOrder {index:6;}">
                    <Coords points="2902,868 3311,868 3311,1031 2902,1031"/>
                    <TextEquiv>
                        <Unicode>avoir</Unicode>
                    </TextEquiv>
                    <TextStyle fontFamily="Times New Roman" fontSize="8.0"/>
                </Word>
                <TextEquiv>
                    <Unicode>naturel de ſa raiſon, quand elle avoit</Unicode>
                </TextEquiv>
                <TextStyle fontFamily="Times New Roman" fontSize="8.0"/>
            </TextLine>
            <TextLine id="tl_4" primaryLanguage="English" custom="readingOrder {index:2;}">
                <Coords points="436,1063 3322,1063 3322,1329 436,1329"/>
                <Baseline points="437,1329 1046,1259 2202,1237 2658,1235 3010,1272 3322,1223"/>
                <Word id="w_w2aab1b1b2b3b5ab1" language="English" custom="readingOrder {index:0;}">
                    <Coords points="437,1113 1046,1113 1046,1329 437,1329"/>
                    <TextEquiv>
                        <Unicode>quelque</Unicode>
                    </TextEquiv>
                    <TextStyle fontFamily="Times New Roman" fontSize="8.0"/>
                </Word>
                <Word id="w_w2aab1b1b2b3b5ac17" language="English" custom="readingOrder {index:1;}">
                    <Coords points="1133,1132 2202,1132 2202,1302 1133,1302"/>
                    <TextEquiv>
                        <Unicode>emportement</Unicode>
                    </TextEquiv>
                    <TextStyle fontFamily="Times New Roman" fontSize="8.0"/>
                </Word>
                <Word id="w_w2aab1b1b2b3b5ac41" language="English" custom="readingOrder {index:2;}">
                    <Coords points="2284,1127 2658,1127 2658,1279 2284,1279"/>
                    <TextEquiv>
                        <Unicode>pour</Unicode>
                    </TextEquiv>
                    <TextStyle fontFamily="Times New Roman" fontSize="8.0"/>
                </Word>
                <Word id="w_w2aab1b1b2b3b5ac51" language="English" custom="readingOrder {index:3;}">
                    <Coords points="2760,1069 3010,1069 3010,1272 2760,1272"/>
                    <TextEquiv>
                        <Unicode>luy</Unicode>
                    </TextEquiv>
                    <TextStyle fontFamily="Times New Roman" fontSize="8.0"/>
                </Word>
                <Word id="w_w2aab1b1b2b3b5ac59" language="English" custom="readingOrder {index:4;}">
                    <Coords points="3068,1071 3322,1071 3322,1278 3068,1278"/>
                    <TextEquiv>
                        <Unicode>qui</Unicode>
                    </TextEquiv>
                    <TextStyle fontFamily="Times New Roman" fontSize="8.0"/>
                </Word>
                <TextEquiv>
                    <Unicode>quelque emportement pour luy qui</Unicode>
                </TextEquiv>
                <TextStyle fontFamily="Times New Roman" fontSize="8.0"/>
            </TextLine>
            <TextLine id="tl_5" primaryLanguage="English" custom="readingOrder {index:3;}">
                <Coords points="434,1271 3337,1271 3337,1505 434,1505"/>
                <Baseline points="435,1477 1096,1470 1284,1459 1492,1469 2128,1442 2932,1432 3336,1407"/>
                <Word id="w_w2aab1b1b2b3b7ab1" language="English" custom="readingOrder {index:0;}">
                    <Coords points="435,1314 1096,1314 1096,1477 435,1477"/>
                    <TextEquiv>
                        <Unicode>efclatoit</Unicode>
                    </TextEquiv>
                    <TextStyle fontFamily="Times New Roman" fontSize="8.0"/>
                </Word>
                <Word id="w_w2aab1b1b2b3b7ac21" language="English" custom="readingOrder {index:1;}">
                    <Coords points="1158,1303 1284,1303 1284,1464 1158,1464"/>
                    <TextEquiv>
                        <Unicode>il</Unicode>
                    </TextEquiv>
                    <TextStyle fontFamily="Times New Roman" fontSize="8.0"/>
                </Word>
                <Word id="w_w2aab1b1b2b3b7ac27" language="English" custom="readingOrder {index:2;}">
                    <Coords points="1354,1306 1492,1306 1492,1469 1354,1469"/>
                    <TextEquiv>
                        <Unicode>la</Unicode>
                    </TextEquiv>
                    <TextStyle fontFamily="Times New Roman" fontSize="8.0"/>
                </Word>
                <Word id="w_w2aab1b1b2b3b7ac33" language="English" custom="readingOrder {index:3;}">
                    <Coords points="1559,1290 2128,1290 2128,1489 1559,1489"/>
                    <TextEquiv>
                        <Unicode>croyoit</Unicode>
                    </TextEquiv>
                    <TextStyle fontFamily="Times New Roman" fontSize="8.0"/>
                </Word>
                <Word id="w_w2aab1b1b2b3b7ac49" language="English" custom="readingOrder {index:4;}">
                    <Coords points="2203,1282 2932,1282 2932,1440 2203,1440"/>
                    <TextEquiv>
                        <Unicode>vivement</Unicode>
                    </TextEquiv>
                    <TextStyle fontFamily="Times New Roman" fontSize="8.0"/>
                </Word>
                <Word id="w_w2aab1b1b2b3b7ac67" language="English" custom="readingOrder {index:5;}">
                    <Coords points="2999,1314 3336,1314 3336,1426 2999,1426"/>
                    <TextEquiv>
                        <Unicode>tou¬</Unicode>
                    </TextEquiv>
                    <TextStyle fontFamily="Times New Roman" fontSize="8.0"/>
                </Word>
                <TextEquiv>
                    <Unicode>eſclatoit il la croyoit vivement tou¬</Unicode>
                </TextEquiv>
                <TextStyle fontFamily="Times New Roman" fontSize="8.0"/>
            </TextLine>
            <TextLine id="tl_6" primaryLanguage="English" custom="readingOrder {index:4;}">
                <Coords points="453,1470 3343,1470 3343,1729 453,1729"/>
                <Baseline points="454,1677 887,1692 1119,1679 2007,1651 2351,1643 2974,1628 3342,1623"/>
                <Word id="w_w2aab1b1b2b3b9ab1" language="English" custom="readingOrder {index:0;}">
                    <Coords points="454,1518 887,1518 887,1692 454,1692"/>
                    <TextEquiv>
                        <Unicode>chée,</Unicode>
                    </TextEquiv>
                    <TextStyle fontFamily="Times New Roman" fontSize="8.0"/>
                </Word>
                <Word id="w_w2aab1b1b2b3b9ac13" language="English" custom="readingOrder {index:1;}">
                    <Coords points="965,1521 1119,1521 1119,1679 965,1679"/>
                    <TextEquiv>
                        <Unicode>&amp;</Unicode>
                    </TextEquiv>
                    <TextStyle fontFamily="Times New Roman" fontSize="8.0"/>
                </Word>
                <Word id="w_w2aab1b1b2b3b9ac17" language="English" custom="readingOrder {index:2;}">
                    <Coords points="1213,1497 2007,1497 2007,1718 1213,1718"/>
                    <TextEquiv>
                        <Unicode>cepandant</Unicode>
                    </TextEquiv>
                    <TextStyle fontFamily="Times New Roman" fontSize="8.0"/>
                </Word>
                <Word id="w_w2aab1b1b2b3b9ac37" language="English" custom="readingOrder {index:3;}">
                    <Coords points="2069,1487 2351,1487 2351,1650 2069,1650"/>
                    <TextEquiv>
                        <Unicode>elle</Unicode>
                    </TextEquiv>
                    <TextStyle fontFamily="Times New Roman" fontSize="8.0"/>
                </Word>
                <Word id="w_w2aab1b1b2b3b9ac47" language="English" custom="readingOrder {index:4;}">
                    <Coords points="2409,1477 2974,1477 2974,1639 2409,1639"/>
                    <TextEquiv>
                        <Unicode>n’eftoit</Unicode>
                    </TextEquiv>
                    <TextStyle fontFamily="Times New Roman" fontSize="8.0"/>
                </Word>
                <Word id="w_w2aab1b1b2b3b9ac65" language="English" custom="readingOrder {index:5;}">
                    <Coords points="3061,1517 3342,1517 3342,1674 3061,1674"/>
                    <TextEquiv>
                        <Unicode>que</Unicode>
                    </TextEquiv>
                    <TextStyle fontFamily="Times New Roman" fontSize="8.0"/>
                </Word>
                <TextEquiv>
                    <Unicode>chée, &amp; cepandant elle n’eſtoit que</Unicode>
                </TextEquiv>
                <TextStyle fontFamily="Times New Roman" fontSize="8.0"/>
            </TextLine>
            <TextLine id="tl_7" primaryLanguage="English" custom="readingOrder {index:5;}">
                <Coords points="459,1667 3337,1667 3337,1913 459,1913"/>
                <Baseline points="459,1881 909,1864 1093,1866 1593,1860 3337,1832"/>
                <Word id="w_w2aab1b1b2b3c11ab1" language="English" custom="readingOrder {index:0;}">
                    <Coords points="459,1721 909,1721 909,1881 459,1881"/>
                    <TextEquiv>
                        <Unicode>folle,</Unicode>
                    </TextEquiv>
                    <TextStyle fontFamily="Times New Roman" fontSize="8.0"/>
                </Word>
                <Word id="w_w2aab1b1b2b3c11ac15" language="English" custom="readingOrder {index:1;}">
                    <Coords points="991,1717 1093,1717 1093,1870 991,1870"/>
                    <TextEquiv>
                        <Unicode>il</Unicode>
                    </TextEquiv>
                    <TextStyle fontFamily="Times New Roman" fontSize="8.0"/>
                </Word>
                <Word id="w_w2aab1b1b2b3c11ac21" language="English" custom="readingOrder {index:2;}">
                    <Coords points="1176,1706 1593,1706 1593,1872 1176,1872"/>
                    <TextEquiv>
                        <Unicode>eftoit</Unicode>
                    </TextEquiv>
                    <TextStyle fontFamily="Times New Roman" fontSize="8.0"/>
                </Word>
                <Word id="w_w2aab1b1b2b3c11ac35" language="English" custom="readingOrder {index:3;}">
                    <Coords points="1652,1668 3337,1668 3337,1889 1652,1889"/>
                    <TextEquiv>
                        <Unicode>tellementperfuadéde</Unicode>
                    </TextEquiv>
                    <TextStyle fontFamily="Times New Roman" fontSize="8.0"/>
                </Word>
                <TextEquiv>
                    <Unicode>folle, il eſtoit tellement perſuadé de</Unicode>
                </TextEquiv>
                <TextStyle fontFamily="Times New Roman" fontSize="8.0"/>
            </TextLine>
            <TextLine id="tl_8" primaryLanguage="English" custom="readingOrder {index:6;}">
                <Coords points="450,1874 3344,1874 3344,2129 450,2129"/>
                <Baseline points="450,2081 592,2076 1183,2065 1780,2066 2243,2052 2679,2043 2988,2076 3343,2023"/>
                <Word id="w_w2aab1b1b2b3c13ab1" language="English" custom="readingOrder {index:0;}">
                    <Coords points="450,1928 592,1928 592,2081 450,2081"/>
                    <TextEquiv>
                        <Unicode>la</Unicode>
                    </TextEquiv>
                    <TextStyle fontFamily="Times New Roman" fontSize="8.0"/>
                </Word>
                <Word id="w_w2aab1b1b2b3c13ab7" language="English" custom="readingOrder {index:1;}">
                    <Coords points="670,1926 1183,1926 1183,2126 670,2126"/>
                    <TextEquiv>
                        <Unicode>paillon</Unicode>
                    </TextEquiv>
                    <TextStyle fontFamily="Times New Roman" fontSize="8.0"/>
                </Word>
                <Word id="w_w2aab1b1b2b3c13ac23" language="English" custom="readingOrder {index:2;}">
                    <Coords points="1258,1906 1780,1906 1780,2119 1258,2119"/>
                    <TextEquiv>
                        <Unicode>qu'elle</Unicode>
                    </TextEquiv>
                    <TextStyle fontFamily="Times New Roman" fontSize="8.0"/>
                </Word>
                <Word id="w_w2aab1b1b2b3c13ac39" language="English" custom="readingOrder {index:3;}">
                    <Coords points="1846,1896 2243,1896 2243,2060 1846,2060"/>
                    <TextEquiv>
                        <Unicode>avoit</Unicode>
                    </TextEquiv>
                    <TextStyle fontFamily="Times New Roman" fontSize="8.0"/>
                </Word>
                <Word id="w_w2aab1b1b2b3c13ac51" language="English" custom="readingOrder {index:4;}">
                    <Coords points="2310,1938 2679,1938 2679,2099 2310,2099"/>
                    <TextEquiv>
                        <Unicode>pour</Unicode>
                    </TextEquiv>
                    <TextStyle fontFamily="Times New Roman" fontSize="8.0"/>
                </Word>
                <Word id="w_w2aab1b1b2b3c13ac61" language="English" custom="readingOrder {index:5;}">
                    <Coords points="2737,1881 2988,1881 2988,2076 2737,2076"/>
                    <TextEquiv>
                        <Unicode>luy</Unicode>
                    </TextEquiv>
                    <TextStyle fontFamily="Times New Roman" fontSize="8.0"/>
                </Word>
                <Word id="w_w2aab1b1b2b3c13ac69" language="English" custom="readingOrder {index:6;}">
                    <Coords points="3058,1921 3343,1921 3343,2082 3058,2082"/>
                    <TextEquiv>
                        <Unicode>que</Unicode>
                    </TextEquiv>
                    <TextStyle fontFamily="Times New Roman" fontSize="8.0"/>
                </Word>
                <TextEquiv>
                    <Unicode>la paſſion qu'elle avoit pour luy que</Unicode>
                </TextEquiv>
                <TextStyle fontFamily="Times New Roman" fontSize="8.0"/>
            </TextLine>
            <TextLine id="tl_9" primaryLanguage="English" custom="readingOrder {index:7;}">
                <Coords points="456,2074 3363,2074 3363,2349 456,2349"/>
                <Baseline points="457,2349 934,2272 1118,2269 1898,2252 2618,2244 3042,2231 3362,2231"/>
                <Word id="w_w2aab1b1b2b3c15ab1" language="English" custom="readingOrder {index:0;}">
                    <Coords points="457,2127 934,2127 934,2349 457,2349"/>
                    <TextEquiv>
                        <Unicode>quand</Unicode>
                    </TextEquiv>
                    <TextStyle fontFamily="Times New Roman" fontSize="8.0"/>
                </Word>
                <Word id="w_w2aab1b1b2b3c15ac13" language="English" custom="readingOrder {index:1;}">
                    <Coords points="1016,2117 1118,2117 1118,2270 1016,2270"/>
                    <TextEquiv>
                        <Unicode>il</Unicode>
                    </TextEquiv>
                    <TextStyle fontFamily="Times New Roman" fontSize="8.0"/>
                </Word>
                <Word id="w_w2aab1b1b2b3c15ac19" language="English" custom="readingOrder {index:2;}">
                    <Coords points="1189,2113 1898,2113 1898,2270 1189,2270"/>
                    <TextEquiv>
                        <Unicode>mourroit</Unicode>
                    </TextEquiv>
                    <TextStyle fontFamily="Times New Roman" fontSize="8.0"/>
                </Word>
                <Word id="w_w2aab1b1b2b3c15ac37" language="English" custom="readingOrder {index:3;}">
                    <Coords points="1956,2106 2618,2106 2618,2255 1956,2255"/>
                    <TextEquiv>
                        <Unicode>d’amour</Unicode>
                    </TextEquiv>
                    <TextStyle fontFamily="Times New Roman" fontSize="8.0"/>
                </Word>
                <Word id="w_w2aab1b1b2b3c15ac53" language="English" custom="readingOrder {index:4;}">
                    <Coords points="2676,2130 3042,2130 3042,2290 2676,2290"/>
                    <TextEquiv>
                        <Unicode>pour</Unicode>
                    </TextEquiv>
                    <TextStyle fontFamily="Times New Roman" fontSize="8.0"/>
                </Word>
                <Word id="w_w2aab1b1b2b3c15ac63" language="English" custom="readingOrder {index:5;}">
                    <Coords points="3072,2075 3362,2075 3362,2231 3072,2231"/>
                    <TextEquiv>
                        <Unicode>elle</Unicode>
                    </TextEquiv>
                    <TextStyle fontFamily="Times New Roman" fontSize="8.0"/>
                </Word>
                <TextEquiv>
                    <Unicode>quand il mourroit d’amour pour elle</Unicode>
                </TextEquiv>
                <TextStyle fontFamily="Times New Roman" fontSize="8.0"/>
            </TextLine>
            <TextLine id="tl_10" primaryLanguage="English" custom="readingOrder {index:8;}">
                <Coords points="462,2278 3349,2278 3349,2525 462,2525"/>
                <Baseline points="463,2477 572,2472 1708,2459 2212,2453 2764,2438 3348,2459"/>
                <Word id="w_w2aab1b1b2b3c17ab1" language="English" custom="readingOrder {index:0;}">
                    <Coords points="463,2324 572,2324 572,2477 463,2477"/>
                    <TextEquiv>
                        <Unicode>il</Unicode>
                    </TextEquiv>
                    <TextStyle fontFamily="Times New Roman" fontSize="8.0"/>
                </Word>
                <Word id="w_w2aab1b1b2b3c17ab7" language="English" custom="readingOrder {index:1;}">
                    <Coords points="655,2311 1708,2311 1708,2521 655,2521"/>
                    <TextEquiv>
                        <Unicode>apprehendoit</Unicode>
                    </TextEquiv>
                    <TextStyle fontFamily="Times New Roman" fontSize="8.0"/>
                </Word>
                <Word id="w_w2aab1b1b2b3c17ac33" language="English" custom="readingOrder {index:2;}">
                    <Coords points="1763,2348 2212,2348 2212,2454 1763,2454"/>
                    <TextEquiv>
                        <Unicode>encor</Unicode>
                    </TextEquiv>
                    <TextStyle fontFamily="Times New Roman" fontSize="8.0"/>
                </Word>
                <Word id="w_w2aab1b1b2b3c17ac45" language="English" custom="readingOrder {index:3;}">
                    <Coords points="2270,2295 2764,2295 2764,2446 2270,2446"/>
                    <TextEquiv>
                        <Unicode>d’eftre</Unicode>
                    </TextEquiv>
                    <TextStyle fontFamily="Times New Roman" fontSize="8.0"/>
                </Word>
                <Word id="w_w2aab1b1b2b3c17ac61" language="English" custom="readingOrder {index:4;}">
                    <Coords points="2798,2284 3348,2284 3348,2487 2798,2487"/>
                    <TextEquiv>
                        <Unicode>ingrat,</Unicode>
                    </TextEquiv>
                    <TextStyle fontFamily="Times New Roman" fontSize="8.0"/>
                </Word>
                <TextEquiv>
                    <Unicode>il apprehendoit encor d’eſtre ingrat,</Unicode>
                </TextEquiv>
                <TextStyle fontFamily="Times New Roman" fontSize="8.0"/>
            </TextLine>
            <TextLine id="tl_11" primaryLanguage="English" custom="readingOrder {index:9;}">
                <Coords points="473,2478 3371,2478 3371,2725 473,2725"/>
                <Baseline points="474,2677 671,2671 1135,2670 1567,2657 2047,2651 2382,2643 2598,2644 3370,2631"/>
                <Word id="w_w2aab1b1b2b3c19ab1" language="English" custom="readingOrder {index:0;}">
                    <Coords points="474,2574 671,2574 671,2677 474,2677"/>
                    <TextEquiv>
                        <Unicode>on</Unicode>
                    </TextEquiv>
                    <TextStyle fontFamily="Times New Roman" fontSize="8.0"/>
                </Word>
                <Word id="w_w2aab1b1b2b3c19ab7" language="English" custom="readingOrder {index:1;}">
                    <Coords points="781,2561 1135,2561 1135,2721 781,2721"/>
                    <TextEquiv>
                        <Unicode>peut</Unicode>
                    </TextEquiv>
                    <TextStyle fontFamily="Times New Roman" fontSize="8.0"/>
                </Word>
                <Word id="w_w2aab1b1b2b3c19ac17" language="English" custom="readingOrder {index:2;}">
                    <Coords points="1229,2511 1567,2511 1567,2664 1229,2664"/>
                    <TextEquiv>
                        <Unicode>bien</Unicode>
                    </TextEquiv>
                    <TextStyle fontFamily="Times New Roman" fontSize="8.0"/>
                </Word>
                <Word id="w_w2aab1b1b2b3c19ac27" language="English" custom="readingOrder {index:3;}">
                    <Coords points="1645,2510 2047,2510 2047,2707 1645,2707"/>
                    <TextEquiv>
                        <Unicode>juger</Unicode>
                    </TextEquiv>
                    <TextStyle fontFamily="Times New Roman" fontSize="8.0"/>
                </Word>
                <Word id="w_w2aab1b1b2b3c19ac39" language="English" custom="readingOrder {index:4;}">
                    <Coords points="2101,2538 2382,2538 2382,2701 2101,2701"/>
                    <TextEquiv>
                        <Unicode>que</Unicode>
                    </TextEquiv>
                    <TextStyle fontFamily="Times New Roman" fontSize="8.0"/>
                </Word>
                <Word id="w_w2aab1b1b2b3c19ac47" language="English" custom="readingOrder {index:5;}">
                    <Coords points="2457,2488 2598,2488 2598,2644 2457,2644"/>
                    <TextEquiv>
                        <Unicode>la</Unicode>
                    </TextEquiv>
                    <TextStyle fontFamily="Times New Roman" fontSize="8.0"/>
                </Word>
                <Word id="w_w2aab1b1b2b3c19ac53" language="English" custom="readingOrder {index:6;}">
                    <Coords points="2665,2482 3370,2482 3370,2643 2665,2643"/>
                    <TextEquiv>
                        <Unicode>conduite</Unicode>
                    </TextEquiv>
                    <TextStyle fontFamily="Times New Roman" fontSize="8.0"/>
                </Word>
                <TextEquiv>
                    <Unicode>on peut bien juger que la conduite</Unicode>
                </TextEquiv>
                <TextStyle fontFamily="Times New Roman" fontSize="8.0"/>
            </TextLine>
            <TextLine id="tl_12" primaryLanguage="English" custom="readingOrder {index:10;}">
                <Coords points="475,2670 3377,2670 3377,2921 475,2921"/>
                <Baseline points="475,2877 665,2871 1025,2863 1633,2856 1941,2848 2489,2838 3085,2846 3377,2827"/>
                <Word id="w_w2aab1b1b2b3c21ab1" language="English" custom="readingOrder {index:0;}">
                    <Coords points="475,2723 665,2723 665,2877 475,2877"/>
                    <TextEquiv>
                        <Unicode>de</Unicode>
                    </TextEquiv>
                    <TextStyle fontFamily="Times New Roman" fontSize="8.0"/>
                </Word>
                <Word id="w_w2aab1b1b2b3c21ab7" language="English" custom="readingOrder {index:1;}">
                    <Coords points="784,2762 1025,2762 1025,2877 784,2877"/>
                    <TextEquiv>
                        <Unicode>ces</Unicode>
                    </TextEquiv>
                    <TextStyle fontFamily="Times New Roman" fontSize="8.0"/>
                </Word>
                <Word id="w_w2aab1b1b2b3c21ac15" language="English" custom="readingOrder {index:2;}">
                    <Coords points="1160,2757 1633,2757 1633,2868 1160,2868"/>
                    <TextEquiv>
                        <Unicode>amans</Unicode>
                    </TextEquiv>
                    <TextStyle fontFamily="Times New Roman" fontSize="8.0"/>
                </Word>
                <Word id="w_w2aab1b1b2b3c21ac27" language="English" custom="readingOrder {index:3;}">
                    <Coords points="1767,2708 1941,2708 1941,2853 1767,2853"/>
                    <TextEquiv>
                        <Unicode>fit</Unicode>
                    </TextEquiv>
                    <TextStyle fontFamily="Times New Roman" fontSize="8.0"/>
                </Word>
                <Word id="w_w2aab1b1b2b3c21ac35" language="English" custom="readingOrder {index:4;}">
                    <Coords points="2032,2681 2489,2681 2489,2902 2032,2902"/>
                    <TextEquiv>
                        <Unicode>grand</Unicode>
                    </TextEquiv>
                    <TextStyle fontFamily="Times New Roman" fontSize="8.0"/>
                </Word>
                <Word id="w_w2aab1b1b2b3c21ac47" language="English" custom="readingOrder {index:5;}">
                    <Coords points="2591,2680 3085,2680 3085,2846 2591,2846"/>
                    <TextEquiv>
                        <Unicode>bruit,</Unicode>
                    </TextEquiv>
                    <TextStyle fontFamily="Times New Roman" fontSize="8.0"/>
                </Word>
                <Word id="w_w2aab1b1b2b3c21ac61" language="English" custom="readingOrder {index:6;}">
                    <Coords points="3183,2675 3377,2675 3377,2828 3183,2828"/>
                    <TextEquiv>
                        <Unicode>ils</Unicode>
                    </TextEquiv>
                    <TextStyle fontFamily="Times New Roman" fontSize="8.0"/>
                </Word>
                <TextEquiv>
                    <Unicode>de ces amans fit grand bruit, ils</Unicode>
                </TextEquiv>
                <TextStyle fontFamily="Times New Roman" fontSize="8.0"/>
            </TextLine>
            <TextLine id="tl_13" primaryLanguage="English" custom="readingOrder {index:11;}">
                <Coords points="477,2866 3376,2866 3376,3121 477,3121"/>
                <Baseline points="478,3077 1095,3066 1459,3062 1871,3057 2155,3049 2959,3052 3375,3031"/>
                <Word id="w_w2aab1b1b2b3c23ab1" language="English" custom="readingOrder {index:0;}">
                    <Coords points="478,2957 1095,2957 1095,3117 478,3117"/>
                    <TextEquiv>
                        <Unicode>avoyent</Unicode>
                    </TextEquiv>
                    <TextStyle fontFamily="Times New Roman" fontSize="8.0"/>
                </Word>
                <Word id="w_w2aab1b1b2b3c23ac17" language="English" custom="readingOrder {index:1;}">
                    <Coords points="1130,2956 1459,2956 1459,3065 1130,3065"/>
                    <TextEquiv>
                        <Unicode>tous</Unicode>
                    </TextEquiv>
                    <TextStyle fontFamily="Times New Roman" fontSize="8.0"/>
                </Word>
                <Word id="w_w2aab1b1b2b3c23ac27" language="English" custom="readingOrder {index:2;}">
                    <Coords points="1494,2903 1871,2903 1871,3061 1494,3061"/>
                    <TextEquiv>
                        <Unicode>deux</Unicode>
                    </TextEquiv>
                    <TextStyle fontFamily="Times New Roman" fontSize="8.0"/>
                </Word>
                <Word id="w_w2aab1b1b2b3c23ac37" language="English" custom="readingOrder {index:3;}">
                    <Coords points="1901,2895 2155,2895 2155,3052 1901,3052"/>
                    <TextEquiv>
                        <Unicode>des</Unicode>
                    </TextEquiv>
                    <TextStyle fontFamily="Times New Roman" fontSize="8.0"/>
                </Word>
                <Word id="w_w2aab1b1b2b3c23ac45" language="English" custom="readingOrder {index:4;}">
                    <Coords points="2190,2925 2959,2925 2959,3074 2190,3074"/>
                    <TextEquiv>
                        <Unicode>ennemys,</Unicode>
                    </TextEquiv>
                    <TextStyle fontFamily="Times New Roman" fontSize="8.0"/>
                </Word>
                <Word id="w_w2aab1b1b2b3c23ac63" language="English" custom="readingOrder {index:5;}">
                    <Coords points="3033,2867 3375,2867 3375,3034 3033,3034"/>
                    <TextEquiv>
                        <Unicode>&amp;la</Unicode>
                    </TextEquiv>
                    <TextStyle fontFamily="Times New Roman" fontSize="8.0"/>
                </Word>
                <TextEquiv>
                    <Unicode>avoyent tous deux des ennemys, &amp; la</Unicode>
                </TextEquiv>
                <TextStyle fontFamily="Times New Roman" fontSize="8.0"/>
            </TextLine>
            <TextLine id="tl_14" primaryLanguage="English" custom="readingOrder {index:12;}">
                <Coords points="476,3074 3382,3074 3382,3285 476,3285"/>
                <Baseline points="476,3281 1050,3271 1302,3264 1642,3264 1830,3270 2006,3259 2586,3241 2818,3238 3382,3231"/>
                <Word id="w_w2aab1b1b2b3c25ab1" language="English" custom="readingOrder {index:0;}">
                    <Coords points="476,3115 1050,3115 1050,3281 476,3281"/>
                    <TextEquiv>
                        <Unicode>fortune</Unicode>
                    </TextEquiv>
                    <TextStyle fontFamily="Times New Roman" fontSize="8.0"/>
                </Word>
                <Word id="w_w2aab1b1b2b3c25ac17" language="English" custom="readingOrder {index:1;}">
                    <Coords points="1120,3112 1302,3112 1302,3265 1120,3265"/>
                    <TextEquiv>
                        <Unicode>de</Unicode>
                    </TextEquiv>
                    <TextStyle fontFamily="Times New Roman" fontSize="8.0"/>
                </Word>
                <Word id="w_w2aab1b1b2b3c25ac23" language="English" custom="readingOrder {index:2;}">
                    <Coords points="1344,3114 1642,3114 1642,3269 1344,3269"/>
                    <TextEquiv>
                        <Unicode>l’un</Unicode>
                    </TextEquiv>
                    <TextStyle fontFamily="Times New Roman" fontSize="8.0"/>
                </Word>
                <Word id="w_w2aab1b1b2b3c25ac33" language="English" custom="readingOrder {index:3;}">
                    <Coords points="1680,3113 1830,3113 1830,3270 1680,3270"/>
                    <TextEquiv>
                        <Unicode>&amp;</Unicode>
                    </TextEquiv>
                    <TextStyle fontFamily="Times New Roman" fontSize="8.0"/>
                </Word>
                <Word id="w_w2aab1b1b2b3c25ac37" language="English" custom="readingOrder {index:4;}">
                    <Coords points="1872,3104 2006,3104 2006,3259 1872,3259"/>
                    <TextEquiv>
                        <Unicode>la</Unicode>
                    </TextEquiv>
                    <TextStyle fontFamily="Times New Roman" fontSize="8.0"/>
                </Word>
                <Word id="w_w2aab1b1b2b3c25ac43" language="English" custom="readingOrder {index:5;}">
                    <Coords points="2056,3101 2586,3101 2586,3254 2056,3254"/>
                    <TextEquiv>
                        <Unicode>beauté</Unicode>
                    </TextEquiv>
                    <TextStyle fontFamily="Times New Roman" fontSize="8.0"/>
                </Word>
                <Word id="w_w2aab1b1b2b3c25ac57" language="English" custom="readingOrder {index:6;}">
                    <Coords points="2632,3082 2818,3082 2818,3239 2632,3239"/>
                    <TextEquiv>
                        <Unicode>de</Unicode>
                    </TextEquiv>
                    <TextStyle fontFamily="Times New Roman" fontSize="8.0"/>
                </Word>
                <Word id="w_w2aab1b1b2b3c25ac63" language="English" custom="readingOrder {index:7;}">
                    <Coords points="2848,3084 3382,3084 3382,3236 2848,3236"/>
                    <TextEquiv>
                        <Unicode>l’autre</Unicode>
                    </TextEquiv>
                    <TextStyle fontFamily="Times New Roman" fontSize="8.0"/>
                </Word>
                <TextEquiv>
                    <Unicode>fortune de l’un &amp; la beauté de l’autre</Unicode>
                </TextEquiv>
                <TextStyle fontFamily="Times New Roman" fontSize="8.0"/>
            </TextLine>
            <TextLine id="tl_15" primaryLanguage="English" custom="readingOrder {index:13;}">
                <Coords points="482,3278 3393,3278 3393,3521 482,3521"/>
                <Baseline points="482,3481 737,3515 1232,3468 1596,3468 2433,3499 3392,3463"/>
                <Word id="w_w2aab1b1b2b3c27ab1" language="English" custom="readingOrder {index:0;}">
                    <Coords points="482,3320 737,3320 737,3515 482,3515"/>
                    <TextEquiv>
                        <Unicode>luy</Unicode>
                    </TextEquiv>
                    <TextStyle fontFamily="Times New Roman" fontSize="8.0"/>
                </Word>
                <Word id="w_w2aab1b1b2b3c27ab9" language="English" custom="readingOrder {index:1;}">
                    <Coords points="827,3321 1232,3321 1232,3479 827,3479"/>
                    <TextEquiv>
                        <Unicode>avoir</Unicode>
                    </TextEquiv>
                    <TextStyle fontFamily="Times New Roman" fontSize="8.0"/>
                </Word>
                <Word id="w_w2aab1b1b2b3c27ac21" language="English" custom="readingOrder {index:2;}">
                    <Coords points="1326,3309 1596,3309 1596,3475 1326,3475"/>
                    <TextEquiv>
                        <Unicode>fait</Unicode>
                    </TextEquiv>
                    <TextStyle fontFamily="Times New Roman" fontSize="8.0"/>
                </Word>
                <Word id="w_w2aab1b1b2b3c27ac31" language="English" custom="readingOrder {index:3;}">
                    <Coords points="1682,3309 2433,3309 2433,3499 1682,3499"/>
                    <TextEquiv>
                        <Unicode>beaucoup</Unicode>
                    </TextEquiv>
                    <TextStyle fontFamily="Times New Roman" fontSize="8.0"/>
                </Word>
                <Word id="w_w2aab1b1b2b3c27ac49" language="English" custom="readingOrder {index:4;}">
                    <Coords points="2494,3287 3392,3287 3392,3463 2494,3463"/>
                    <TextEquiv>
                        <Unicode>d’envieux,</Unicode>
                    </TextEquiv>
                    <TextStyle fontFamily="Times New Roman" fontSize="8.0"/>
                </Word>
                <TextEquiv>
                    <Unicode>luy avoit fait beaucoup d’envieux,</Unicode>
                </TextEquiv>
                <TextStyle fontFamily="Times New Roman" fontSize="8.0"/>
            </TextLine>
            <TextLine id="tl_16" primaryLanguage="English" custom="readingOrder {index:14;}">
                <Coords points="481,3478 3399,3478 3399,3725 481,3725"/>
                <Baseline points="481,3725 959,3668 1371,3667 3398,3643"/>
                <Word id="w_w2aab1b1b2b3c29ab1" language="English" custom="readingOrder {index:0;}">
                    <Coords points="481,3515 959,3515 959,3725 481,3725"/>
                    <TextEquiv>
                        <Unicode>quand</Unicode>
                    </TextEquiv>
                    <TextStyle fontFamily="Times New Roman" fontSize="8.0"/>
                </Word>
                <Word id="w_w2aab1b1b2b3c29ac13" language="English" custom="readingOrder {index:1;}">
                    <Coords points="1041,3550 1371,3550 1371,3669 1041,3669"/>
                    <TextEquiv>
                        <Unicode>tout</Unicode>
                    </TextEquiv>
                    <TextStyle fontFamily="Times New Roman" fontSize="8.0"/>
                </Word>
                <Word id="w_w2aab1b1b2b3c29ac23" language="English" custom="readingOrder {index:2;}">
                    <Coords points="1445,3479 3398,3479 3398,3664 1445,3664"/>
                    <TextEquiv>
                        <Unicode>lemondelesauroitvoulu</Unicode>
                    </TextEquiv>
                    <TextStyle fontFamily="Times New Roman" fontSize="8.0"/>
                </Word>
                <TextEquiv>
                    <Unicode>quand tout le monde les auroit voulu</Unicode>
                </TextEquiv>
                <TextStyle fontFamily="Times New Roman" fontSize="8.0"/>
            </TextLine>
            <TextLine id="tl_17" primaryLanguage="English" custom="readingOrder {index:15;}">
                <Coords points="487,3678 3405,3678 3405,3929 487,3929"/>
                <Baseline points="487,3881 921,3872 1189,3865 2001,3863 2409,3858 3077,3846 3405,3843"/>
                <Word id="w_w2aab1b1b2b3c31ab1" language="English" custom="readingOrder {index:0;}">
                    <Coords points="487,3724 921,3724 921,3881 487,3881"/>
                    <TextEquiv>
                        <Unicode>servir</Unicode>
                    </TextEquiv>
                    <TextStyle fontFamily="Times New Roman" fontSize="8.0"/>
                </Word>
                <Word id="w_w2aab1b1b2b3c31ac15" language="English" custom="readingOrder {index:1;}">
                    <Coords points="1011,3713 1189,3713 1189,3870 1011,3870"/>
                    <TextEquiv>
                        <Unicode>ils</Unicode>
                    </TextEquiv>
                    <TextStyle fontFamily="Times New Roman" fontSize="8.0"/>
                </Word>
                <Word id="w_w2aab1b1b2b3c31ac23" language="English" custom="readingOrder {index:2;}">
                    <Coords points="1288,3751 2001,3751 2001,3907 1288,3907"/>
                    <TextEquiv>
                        <Unicode>auroyent</Unicode>
                    </TextEquiv>
                    <TextStyle fontFamily="Times New Roman" fontSize="8.0"/>
                </Word>
                <Word id="w_w2aab1b1b2b3c31ac41" language="English" custom="readingOrder {index:3;}">
                    <Coords points="2072,3746 2409,3746 2409,3862 2072,3862"/>
                    <TextEquiv>
                        <Unicode>tout</Unicode>
                    </TextEquiv>
                    <TextStyle fontFamily="Times New Roman" fontSize="8.0"/>
                </Word>
                <Word id="w_w2aab1b1b2b3c31ac51" language="English" custom="readingOrder {index:4;}">
                    <Coords points="2483,3688 3077,3688 3077,3851 2483,3851"/>
                    <TextEquiv>
                        <Unicode>deftruit</Unicode>
                    </TextEquiv>
                    <TextStyle fontFamily="Times New Roman" fontSize="8.0"/>
                </Word>
                <Word id="w_w2aab1b1b2b3c31ac69" language="English" custom="readingOrder {index:5;}">
                    <Coords points="3144,3734 3405,3734 3405,3897 3144,3897"/>
                    <TextEquiv>
                        <Unicode>par</Unicode>
                    </TextEquiv>
                    <TextStyle fontFamily="Times New Roman" fontSize="8.0"/>
                </Word>
                <TextEquiv>
                    <Unicode>ſervir ils auroyent tout deſtruit par</Unicode>
                </TextEquiv>
                <TextStyle fontFamily="Times New Roman" fontSize="8.0"/>
            </TextLine>
            <TextLine id="tl_18" primaryLanguage="English" custom="readingOrder {index:16;}">
                <Coords points="486,3886 3408,3886 3408,4129 486,4129"/>
                <Baseline points="486,4077 791,4074 1952,4092 2183,4074 2583,4052 2807,4050 3407,4051"/>
                <Word id="w_w2aab1b1b2b3c33ab1" language="English" custom="readingOrder {index:0;}">
                    <Coords points="486,3924 791,3924 791,4077 486,4077"/>
                    <TextEquiv>
                        <Unicode>leur</Unicode>
                    </TextEquiv>
                    <TextStyle fontFamily="Times New Roman" fontSize="8.0"/>
                </Word>
                <Word id="w_w2aab1b1b2b3c33ac11" language="English" custom="readingOrder {index:1;}">
                    <Coords points="890,3909 1952,3909 1952,4121 890,4121"/>
                    <TextEquiv>
                        <Unicode>Imprudence,</Unicode>
                    </TextEquiv>
                    <TextStyle fontFamily="Times New Roman" fontSize="8.0"/>
                </Word>
                <Word id="w_w2aab1b1b2b3c33ac35" language="English" custom="readingOrder {index:2;}">
                    <Coords points="2026,3916 2183,3916 2183,4074 2026,4074"/>
                    <TextEquiv>
                        <Unicode>&amp;</Unicode>
                    </TextEquiv>
                    <TextStyle fontFamily="Times New Roman" fontSize="8.0"/>
                </Word>
                <Word id="w_w2aab1b1b2b3c33ac39" language="English" custom="readingOrder {index:3;}">
                    <Coords points="2250,3944 2583,3944 2583,4056 2250,4056"/>
                    <TextEquiv>
                        <Unicode>tout</Unicode>
                    </TextEquiv>
                    <TextStyle fontFamily="Times New Roman" fontSize="8.0"/>
                </Word>
                <Word id="w_w2aab1b1b2b3c33ac49" language="English" custom="readingOrder {index:4;}">
                    <Coords points="2661,3898 2807,3898 2807,4051 2661,4051"/>
                    <TextEquiv>
                        <Unicode>le</Unicode>
                    </TextEquiv>
                    <TextStyle fontFamily="Times New Roman" fontSize="8.0"/>
                </Word>
                <Word id="w_w2aab1b1b2b3c33ac55" language="English" custom="readingOrder {index:5;}">
                    <Coords points="2870,3887 3407,3887 3407,4051 2870,4051"/>
                    <TextEquiv>
                        <Unicode>monde</Unicode>
                    </TextEquiv>
                    <TextStyle fontFamily="Times New Roman" fontSize="8.0"/>
                </Word>
                <TextEquiv>
                    <Unicode>leur Imprudence, &amp; tout le monde</Unicode>
                </TextEquiv>
                <TextStyle fontFamily="Times New Roman" fontSize="8.0"/>
            </TextLine>
            <TextLine id="tl_19" primaryLanguage="English" custom="readingOrder {index:17;}">
                <Coords points="492,4082 3414,4082 3414,4321 492,4321"/>
                <Baseline points="492,4281 798,4278 1478,4266 2030,4287 2290,4256 2494,4254 3414,4247"/>
                <Word id="w_w2aab1b1b2b3c35ab1" language="English" custom="readingOrder {index:0;}">
                    <Coords points="492,4124 798,4124 798,4281 492,4281"/>
                    <TextEquiv>
                        <Unicode>leur</Unicode>
                    </TextEquiv>
                    <TextStyle fontFamily="Times New Roman" fontSize="8.0"/>
                </Word>
                <Word id="w_w2aab1b1b2b3c35ac11" language="English" custom="readingOrder {index:1;}">
                    <Coords points="893,4114 1478,4114 1478,4276 893,4276"/>
                    <TextEquiv>
                        <Unicode>vouloir</Unicode>
                    </TextEquiv>
                    <TextStyle fontFamily="Times New Roman" fontSize="8.0"/>
                </Word>
                <Word id="w_w2aab1b1b2b3c35ac27" language="English" custom="readingOrder {index:2;}">
                    <Coords points="1545,4113 2030,4113 2030,4287 1545,4287"/>
                    <TextEquiv>
                        <Unicode>nuire,</Unicode>
                    </TextEquiv>
                    <TextStyle fontFamily="Times New Roman" fontSize="8.0"/>
                </Word>
                <Word id="w_w2aab1b1b2b3c35ac41" language="English" custom="readingOrder {index:3;}">
                    <Coords points="2104,4100 2290,4100 2290,4261 2104,4261"/>
                    <TextEquiv>
                        <Unicode>ils</Unicode>
                    </TextEquiv>
                    <TextStyle fontFamily="Times New Roman" fontSize="8.0"/>
                </Word>
                <Word id="w_w2aab1b1b2b3c35ac49" language="English" custom="readingOrder {index:4;}">
                    <Coords points="2348,4093 2494,4093 2494,4254 2348,4254"/>
                    <TextEquiv>
                        <Unicode>fe</Unicode>
                    </TextEquiv>
                    <TextStyle fontFamily="Times New Roman" fontSize="8.0"/>
                </Word>
                <Word id="w_w2aab1b1b2b3c35ac55" language="English" custom="readingOrder {index:5;}">
                    <Coords points="2560,4099 3414,4099 3414,4290 2560,4290"/>
                    <TextEquiv>
                        <Unicode>donnoyent</Unicode>
                    </TextEquiv>
                    <TextStyle fontFamily="Times New Roman" fontSize="8.0"/>
                </Word>
                <TextEquiv>
                    <Unicode>leur vouloit nuire, ils ſe donnoyent</Unicode>
                </TextEquiv>
                <TextStyle fontFamily="Times New Roman" fontSize="8.0"/>
            </TextLine>
            <TextLine id="tl_20" primaryLanguage="English" custom="readingOrder {index:18;}">
                <Coords points="506,4278 3416,4278 3416,4520 506,4520"/>
                <Baseline points="506,4476 764,4474 1340,4459 1764,4458 2096,4450 2576,4464 2964,4436 3416,4439"/>
                <Word id="w_w2aab1b1b2b3c37ab1" language="English" custom="readingOrder {index:0;}">
                    <Coords points="506,4319 764,4319 764,4476 506,4476"/>
                    <TextEquiv>
                        <Unicode>des</Unicode>
                    </TextEquiv>
                    <TextStyle fontFamily="Times New Roman" fontSize="8.0"/>
                </Word>
                <Word id="w_w2aab1b1b2b3c37ab9" language="English" custom="readingOrder {index:1;}">
                    <Coords points="835,4312 1340,4312 1340,4472 835,4472"/>
                    <TextEquiv>
                        <Unicode>rendes</Unicode>
                    </TextEquiv>
                    <TextStyle fontFamily="Times New Roman" fontSize="8.0"/>
                </Word>
                <Word id="w_w2aab1b1b2b3c37ac23" language="English" custom="readingOrder {index:2;}">
                    <Coords points="1399,4357 1764,4357 1764,4466 1399,4466"/>
                    <TextEquiv>
                        <Unicode>vous</Unicode>
                    </TextEquiv>
                    <TextStyle fontFamily="Times New Roman" fontSize="8.0"/>
                </Word>
                <Word id="w_w2aab1b1b2b3c37ac33" language="English" custom="readingOrder {index:3;}">
                    <Coords points="1835,4342 2096,4342 2096,4505 1835,4505"/>
                    <TextEquiv>
                        <Unicode>par</Unicode>
                    </TextEquiv>
                    <TextStyle fontFamily="Times New Roman" fontSize="8.0"/>
                </Word>
                <Word id="w_w2aab1b1b2b3c37ac41" language="English" custom="readingOrder {index:4;}">
                    <Coords points="2167,4325 2576,4325 2576,4464 2167,4464"/>
                    <TextEquiv>
                        <Unicode>tout,</Unicode>
                    </TextEquiv>
                    <TextStyle fontFamily="Times New Roman" fontSize="8.0"/>
                </Word>
                <Word id="w_w2aab1b1b2b3c37ac53" language="English" custom="readingOrder {index:5;}">
                    <Coords points="2654,4286 2964,4286 2964,4446 2654,4446"/>
                    <TextEquiv>
                        <Unicode>fans</Unicode>
                    </TextEquiv>
                    <TextStyle fontFamily="Times New Roman" fontSize="8.0"/>
                </Word>
                <Word id="w_w2aab1b1b2b3c37ac63" language="English" custom="readingOrder {index:6;}">
                    <Coords points="3003,4291 3416,4291 3416,4446 3003,4446"/>
                    <TextEquiv>
                        <Unicode>avoir</Unicode>
                    </TextEquiv>
                    <TextStyle fontFamily="Times New Roman" fontSize="8.0"/>
                </Word>
                <TextEquiv>
                    <Unicode>des rendés vous par tout, ſans avoir</Unicode>
                </TextEquiv>
                <TextStyle fontFamily="Times New Roman" fontSize="8.0"/>
            </TextLine>
            <TextLine id="tl_21" primaryLanguage="English" custom="readingOrder {index:19;}">
                <Coords points="509,4482 3415,4482 3415,4728 509,4728"/>
                <Baseline points="509,4728 806,4670 1402,4659 1978,4648 2370,4647 3191,4669 3414,4647"/>
                <Word id="w_w2aab1b1b2b3c39ab1" language="English" custom="readingOrder {index:0;}">
                    <Coords points="509,4522 806,4522 806,4728 509,4728"/>
                    <TextEquiv>
                        <Unicode>pris</Unicode>
                    </TextEquiv>
                    <TextStyle fontFamily="Times New Roman" fontSize="8.0"/>
                </Word>
                <Word id="w_w2aab1b1b2b3c39ac11" language="English" custom="readingOrder {index:1;}">
                    <Coords points="861,4550 1402,4550 1402,4670 861,4670"/>
                    <TextEquiv>
                        <Unicode>aucune</Unicode>
                    </TextEquiv>
                    <TextStyle fontFamily="Times New Roman" fontSize="8.0"/>
                </Word>
                <Word id="w_w2aab1b1b2b3c39ac25" language="English" custom="readingOrder {index:2;}">
                    <Coords points="1437,4501 1978,4501 1978,4656 1437,4656"/>
                    <TextEquiv>
                        <Unicode>mesure</Unicode>
                    </TextEquiv>
                    <TextStyle fontFamily="Times New Roman" fontSize="8.0"/>
                </Word>
                <Word id="w_w2aab1b1b2b3c39ac39" language="English" custom="readingOrder {index:3;}">
                    <Coords points="2017,4538 2370,4538 2370,4653 2017,4653"/>
                    <TextEquiv>
                        <Unicode>avec</Unicode>
                    </TextEquiv>
                    <TextStyle fontFamily="Times New Roman" fontSize="8.0"/>
                </Word>
                <Word id="w_w2aab1b1b2b3c39ac49" language="English" custom="readingOrder {index:4;}">
                    <Coords points="2413,4489 3191,4489 3191,4694 2413,4694"/>
                    <TextEquiv>
                        <Unicode>perfbnne,</Unicode>
                    </TextEquiv>
                    <TextStyle fontFamily="Times New Roman" fontSize="8.0"/>
                </Word>
                <Word id="w_w2aab1b1b2b3c39ac69" language="English" custom="readingOrder {index:5;}">
                    <Coords points="3237,4491 3414,4491 3414,4648 3237,4648"/>
                    <TextEquiv>
                        <Unicode>ils</Unicode>
                    </TextEquiv>
                    <TextStyle fontFamily="Times New Roman" fontSize="8.0"/>
                </Word>
                <TextEquiv>
                    <Unicode>pris aucune meſure avec perſonne, ils</Unicode>
                </TextEquiv>
                <TextStyle fontFamily="Times New Roman" fontSize="8.0"/>
            </TextLine>
            <TextLine id="tl_22" primaryLanguage="English" custom="readingOrder {index:20;}">
                <Coords points="511,4682 3425,4682 3425,4924 511,4924"/>
                <Baseline points="511,4884 645,4876 1513,4861 2289,4852 2657,4848 3077,4847 3425,4847"/>
                <Word id="w_w2aab1b1b2b3c41ab1" language="English" custom="readingOrder {index:0;}">
                    <Coords points="511,4727 645,4727 645,4884 511,4884"/>
                    <TextEquiv>
                        <Unicode>fe</Unicode>
                    </TextEquiv>
                    <TextStyle fontFamily="Times New Roman" fontSize="8.0"/>
                </Word>
                <Word id="w_w2aab1b1b2b3c41ab7" language="English" custom="readingOrder {index:1;}">
                    <Coords points="768,4748 1513,4748 1513,4911 768,4911"/>
                    <TextEquiv>
                        <Unicode>voyoyent</Unicode>
                    </TextEquiv>
                    <TextStyle fontFamily="Times New Roman" fontSize="8.0"/>
                </Word>
                <Word id="w_w2aab1b1b2b3c41ac25" language="English" custom="readingOrder {index:2;}">
                    <Coords points="1604,4700 2289,4700 2289,4911 1604,4911"/>
                    <TextEquiv>
                        <Unicode>quelques</Unicode>
                    </TextEquiv>
                    <TextStyle fontFamily="Times New Roman" fontSize="8.0"/>
                </Word>
                <Word id="w_w2aab1b1b2b3c41ac43" language="English" custom="readingOrder {index:3;}">
                    <Coords points="2363,4693 2657,4693 2657,4854 2363,4854"/>
                    <TextEquiv>
                        <Unicode>fois</Unicode>
                    </TextEquiv>
                    <TextStyle fontFamily="Times New Roman" fontSize="8.0"/>
                </Word>
                <Word id="w_w2aab1b1b2b3c41ac53" language="English" custom="readingOrder {index:4;}">
                    <Coords points="2727,4693 3077,4693 3077,4854 2727,4854"/>
                    <TextEquiv>
                        <Unicode>dans</Unicode>
                    </TextEquiv>
                    <TextStyle fontFamily="Times New Roman" fontSize="8.0"/>
                </Word>
                <Word id="w_w2aab1b1b2b3c41ac63" language="English" custom="readingOrder {index:5;}">
                    <Coords points="3136,4742 3425,4742 3425,4849 3136,4849"/>
                    <TextEquiv>
                        <Unicode>une</Unicode>
                    </TextEquiv>
                    <TextStyle fontFamily="Times New Roman" fontSize="8.0"/>
                </Word>
                <TextEquiv>
                    <Unicode>ſe voyoyent quelques fois dans une</Unicode>
                </TextEquiv>
                <TextStyle fontFamily="Times New Roman" fontSize="8.0"/>
            </TextLine>
            <TextLine id="tl_23" primaryLanguage="English" custom="readingOrder {index:21;}">
                <Coords points="517,4882 3420,4882 3420,5128 517,5128"/>
                <Baseline points="518,5080 1047,5071 1403,5071 2167,5062 2707,5051 3211,5053 3419,5051"/>
                <Word id="w_w2aab1b1b2b3c43ab1" language="English" custom="readingOrder {index:0;}">
                    <Coords points="518,4912 1047,4912 1047,5080 518,5080"/>
                    <TextEquiv>
                        <Unicode>maison</Unicode>
                    </TextEquiv>
                    <TextStyle fontFamily="Times New Roman" fontSize="8.0"/>
                </Word>
                <Word id="w_w2aab1b1b2b3c43ac15" language="English" custom="readingOrder {index:1;}">
                    <Coords points="1130,4963 1403,4963 1403,5121 1130,5121"/>
                    <TextEquiv>
                        <Unicode>que</Unicode>
                    </TextEquiv>
                    <TextStyle fontFamily="Times New Roman" fontSize="8.0"/>
                </Word>
                <Word id="w_w2aab1b1b2b3c43ac23" language="English" custom="readingOrder {index:2;}">
                    <Coords points="1489,4900 2167,4900 2167,5073 1489,5073"/>
                    <TextEquiv>
                        <Unicode>Candole</Unicode>
                    </TextEquiv>
                    <TextStyle fontFamily="Times New Roman" fontSize="8.0"/>
                </Word>
                <Word id="w_w2aab1b1b2b3c43ac39" language="English" custom="readingOrder {index:3;}">
                    <Coords points="2234,4903 2707,4903 2707,5059 2234,5059"/>
                    <TextEquiv>
                        <Unicode>tenoit</Unicode>
                    </TextEquiv>
                    <TextStyle fontFamily="Times New Roman" fontSize="8.0"/>
                </Word>
                <Word id="w_w2aab1b1b2b3c43ac53" language="English" custom="readingOrder {index:4;}">
                    <Coords points="2777,4896 3211,4896 3211,5057 2777,5057"/>
                    <TextEquiv>
                        <Unicode>foubs</Unicode>
                    </TextEquiv>
                    <TextStyle fontFamily="Times New Roman" fontSize="8.0"/>
                </Word>
                <Word id="w_w2aab1b1b2b3c43ac65" language="English" custom="readingOrder {index:5;}">
                    <Coords points="3277,4895 3419,4895 3419,5051 3277,5051"/>
                    <TextEquiv>
                        <Unicode>le</Unicode>
                    </TextEquiv>
                    <TextStyle fontFamily="Times New Roman" fontSize="8.0"/>
                </Word>
                <TextEquiv>
                    <Unicode>maiſon que Candole tenoit ſoubs le</Unicode>
                </TextEquiv>
                <TextStyle fontFamily="Times New Roman" fontSize="8.0"/>
            </TextLine>
            <TextLine id="tl_24" primaryLanguage="English" custom="readingOrder {index:22;}">
                <Coords points="524,5090 3426,5090 3426,5332 524,5332"/>
                <Baseline points="525,5276 866,5274 1470,5274 2142,5262 2458,5258 3426,5251"/>
                <Word id="w_w2aab1b1b2b3c45ab1" language="English" custom="readingOrder {index:0;}">
                    <Coords points="525,5172 866,5172 866,5276 525,5276"/>
                    <TextEquiv>
                        <Unicode>nom</Unicode>
                    </TextEquiv>
                    <TextStyle fontFamily="Times New Roman" fontSize="8.0"/>
                </Word>
                <Word id="w_w2aab1b1b2b3c45ab9" language="English" custom="readingOrder {index:1;}">
                    <Coords points="1036,5117 1470,5117 1470,5274 1036,5274"/>
                    <TextEquiv>
                        <Unicode>d’une</Unicode>
                    </TextEquiv>
                    <TextStyle fontFamily="Times New Roman" fontSize="8.0"/>
                </Word>
                <Word id="w_w2aab1b1b2b3c45ac21" language="English" custom="readingOrder {index:2;}">
                    <Coords points="1636,5117 2142,5117 2142,5271 1636,5271"/>
                    <TextEquiv>
                        <Unicode>Dame</Unicode>
                    </TextEquiv>
                    <TextStyle fontFamily="Times New Roman" fontSize="8.0"/>
                </Word>
                <Word id="w_w2aab1b1b2b3c45ac31" language="English" custom="readingOrder {index:3;}">
                    <Coords points="2268,5106 2458,5106 2458,5259 2268,5259"/>
                    <TextEquiv>
                        <Unicode>de</Unicode>
                    </TextEquiv>
                    <TextStyle fontFamily="Times New Roman" fontSize="8.0"/>
                </Word>
                <Word id="w_w2aab1b1b2b3c45ac37" language="English" custom="readingOrder {index:4;}">
                    <Coords points="2588,5114 3426,5114 3426,5301 2588,5301"/>
                    <TextEquiv>
                        <Unicode>Campagne</Unicode>
                    </TextEquiv>
                    <TextStyle fontFamily="Times New Roman" fontSize="8.0"/>
                </Word>
                <TextEquiv>
                    <Unicode>nom d’une Dame de Campagne</Unicode>
                </TextEquiv>
                <TextStyle fontFamily="Times New Roman" fontSize="8.0"/>
            </TextLine>
            <TextLine id="tl_25" primaryLanguage="English" custom="readingOrder {index:23;}">
                <Coords points="526,5286 3425,5286 3425,5532 526,5532"/>
                <Baseline points="527,5532 1444,5474 2012,5467 2828,5458 3424,5451"/>
                <Word id="w_w2aab1b1b2b3c47ab1" language="English" custom="readingOrder {index:0;}">
                    <Coords points="527,5315 1444,5315 1444,5532 527,5532"/>
                    <TextEquiv>
                        <Unicode>qu’Ardefile</Unicode>
                    </TextEquiv>
                    <TextStyle fontFamily="Times New Roman" fontSize="8.0"/>
                </Word>
                <Word id="w_w2aab1b1b2b3c47ac25" language="English" custom="readingOrder {index:1;}">
                    <Coords points="1530,5309 2012,5309 2012,5472 1530,5472"/>
                    <TextEquiv>
                        <Unicode>faifoit</Unicode>
                    </TextEquiv>
                    <TextStyle fontFamily="Times New Roman" fontSize="8.0"/>
                </Word>
                <Word id="w_w2aab1b1b2b3c47ac41" language="English" custom="readingOrder {index:2;}">
                    <Coords points="2106,5300 2828,5300 2828,5465 2106,5465"/>
                    <TextEquiv>
                        <Unicode>semblant</Unicode>
                    </TextEquiv>
                    <TextStyle fontFamily="Times New Roman" fontSize="8.0"/>
                </Word>
                <Word id="w_w2aab1b1b2b3c47ac59" language="English" custom="readingOrder {index:3;}">
                    <Coords points="2910,5304 3424,5304 3424,5460 2910,5460"/>
                    <TextEquiv>
                        <Unicode>d’aller</Unicode>
                    </TextEquiv>
                    <TextStyle fontFamily="Times New Roman" fontSize="8.0"/>
                </Word>
                <TextEquiv>
                    <Unicode>qu’Ardeſile faiſoit ſemblant d’aller</Unicode>
                </TextEquiv>
                <TextStyle fontFamily="Times New Roman" fontSize="8.0"/>
            </TextLine>
            <TextLine id="tl_26" primaryLanguage="English" custom="readingOrder {index:24;}">
                <Coords points="541,5494 3419,5494 3419,5740 541,5740"/>
                <Baseline points="541,5680 935,5708 1179,5686 1383,5687 3418,5655"/>
                <Word id="w_w2aab1b1b2b3c49ab1" language="English" custom="readingOrder {index:0;}">
                    <Coords points="541,5525 935,5525 935,5708 541,5708"/>
                    <TextEquiv>
                        <Unicode>voir,</Unicode>
                    </TextEquiv>
                    <TextStyle fontFamily="Times New Roman" fontSize="8.0"/>
                </Word>
                <Word id="w_w2aab1b1b2b3c49ac13" language="English" custom="readingOrder {index:1;}">
                    <Coords points="1025,5529 1179,5529 1179,5686 1025,5686"/>
                    <TextEquiv>
                        <Unicode>&amp;</Unicode>
                    </TextEquiv>
                    <TextStyle fontFamily="Times New Roman" fontSize="8.0"/>
                </Word>
                <Word id="w_w2aab1b1b2b3c49ac17" language="English" custom="readingOrder {index:2;}">
                    <Coords points="1245,5527 1383,5527 1383,5687 1245,5687"/>
                    <TextEquiv>
                        <Unicode>le</Unicode>
                    </TextEquiv>
                    <TextStyle fontFamily="Times New Roman" fontSize="8.0"/>
                </Word>
                <Word id="w_w2aab1b1b2b3c49ac23" language="English" custom="readingOrder {index:3;}">
                    <Coords points="1453,5504 3418,5504 3418,5729 1453,5729"/>
                    <TextEquiv>
                        <Unicode>plusfouventlanuiftchez</Unicode>
                    </TextEquiv>
                    <TextStyle fontFamily="Times New Roman" fontSize="8.0"/>
                </Word>
                <TextEquiv>
                    <Unicode>voir, &amp; le plus ſouvent la nuict chez</Unicode>
                </TextEquiv>
                <TextStyle fontFamily="Times New Roman" fontSize="8.0"/>
            </TextLine>
            <TextLine id="tl_27" primaryLanguage="English" custom="readingOrder {index:25;}">
                <Coords points="547,5694 3429,5694 3429,5900 547,5900"/>
                <Baseline points="548,5880 829,5878 1605,5888 2105,5882 2453,5866 3429,5851"/>
                <Word id="w_w2aab1b1b2b3c51ab1" language="English" custom="readingOrder {index:0;}">
                    <Coords points="548,5726 829,5726 829,5880 548,5880"/>
                    <TextEquiv>
                        <Unicode>elle</Unicode>
                    </TextEquiv>
                    <TextStyle fontFamily="Times New Roman" fontSize="8.0"/>
                </Word>
                <Word id="w_w2aab1b1b2b3c51ac11" language="English" custom="readingOrder {index:1;}">
                    <Coords points="988,5723 1605,5723 1605,5888 988,5888"/>
                    <TextEquiv>
                        <Unicode>mefme,</Unicode>
                    </TextEquiv>
                    <TextStyle fontFamily="Times New Roman" fontSize="8.0"/>
                </Word>
                <Word id="w_w2aab1b1b2b3c51ac25" language="English" custom="readingOrder {index:2;}">
                    <Coords points="1772,5765 2105,5765 2105,5882 1772,5882"/>
                    <TextEquiv>
                        <Unicode>tout</Unicode>
                    </TextEquiv>
                    <TextStyle fontFamily="Times New Roman" fontSize="8.0"/>
                </Word>
                <Word id="w_w2aab1b1b2b3c51ac35" language="English" custom="readingOrder {index:3;}">
                    <Coords points="2216,5761 2453,5761 2453,5872 2216,5872"/>
                    <TextEquiv>
                        <Unicode>ces</Unicode>
                    </TextEquiv>
                    <TextStyle fontFamily="Times New Roman" fontSize="8.0"/>
                </Word>
                <Word id="w_w2aab1b1b2b3c51ac43" language="English" custom="readingOrder {index:4;}">
                    <Coords points="2560,5708 3429,5708 3429,5869 2560,5869"/>
                    <TextEquiv>
                        <Unicode>rendéfvous</Unicode>
                    </TextEquiv>
                    <TextStyle fontFamily="Times New Roman" fontSize="8.0"/>
                </Word>
                <TextEquiv>
                    <Unicode>elle meſme, tout ces rendéſvous</Unicode>
                </TextEquiv>
                <TextStyle fontFamily="Times New Roman" fontSize="8.0"/>
            </TextLine>
            <TextLine id="tl_28" primaryLanguage="English" custom="readingOrder {index:26;}">
                <Coords points="557,5898 3428,5898 3428,6152 557,6152"/>
                <Baseline points="558,6084 1283,6084 1603,6084 2043,6083 2243,6077 2791,6066 3003,6068 3427,6059"/>
                <Word id="w_w2aab1b1b2b3c53ab1" language="English" custom="readingOrder {index:0;}">
                    <Coords points="558,5928 1283,5928 1283,6123 558,6123"/>
                    <TextEquiv>
                        <Unicode>n’ufoyent</Unicode>
                    </TextEquiv>
                    <TextStyle fontFamily="Times New Roman" fontSize="8.0"/>
                </Word>
                <Word id="w_w2aab1b1b2b3c53ac21" language="English" custom="readingOrder {index:1;}">
                    <Coords points="1358,5972 1603,5972 1603,6138 1358,6138"/>
                    <TextEquiv>
                        <Unicode>pas</Unicode>
                    </TextEquiv>
                    <TextStyle fontFamily="Times New Roman" fontSize="8.0"/>
                </Word>
                <Word id="w_w2aab1b1b2b3c53ac29" language="English" custom="readingOrder {index:2;}">
                    <Coords points="1702,5972 2043,5972 2043,6086 1702,6086"/>
                    <TextEquiv>
                        <Unicode>tout</Unicode>
                    </TextEquiv>
                    <TextStyle fontFamily="Times New Roman" fontSize="8.0"/>
                </Word>
                <Word id="w_w2aab1b1b2b3c53ac39" language="English" custom="readingOrder {index:3;}">
                    <Coords points="2106,5925 2243,5925 2243,6081 2106,6081"/>
                    <TextEquiv>
                        <Unicode>le</Unicode>
                    </TextEquiv>
                    <TextStyle fontFamily="Times New Roman" fontSize="8.0"/>
                </Word>
                <Word id="w_w2aab1b1b2b3c53ac45" language="English" custom="readingOrder {index:4;}">
                    <Coords points="2314,5962 2791,5962 2791,6127 2314,6127"/>
                    <TextEquiv>
                        <Unicode>temps</Unicode>
                    </TextEquiv>
                    <TextStyle fontFamily="Times New Roman" fontSize="8.0"/>
                </Word>
                <Word id="w_w2aab1b1b2b3c53ac57" language="English" custom="readingOrder {index:5;}">
                    <Coords points="2826,5920 3003,5920 3003,6073 2826,6073"/>
                    <TextEquiv>
                        <Unicode>de</Unicode>
                    </TextEquiv>
                    <TextStyle fontFamily="Times New Roman" fontSize="8.0"/>
                </Word>
                <Word id="w_w2aab1b1b2b3c53ac63" language="English" custom="readingOrder {index:6;}">
                    <Coords points="3038,5943 3427,5943 3427,6062 3038,6062"/>
                    <TextEquiv>
                        <Unicode>cette</Unicode>
                    </TextEquiv>
                    <TextStyle fontFamily="Times New Roman" fontSize="8.0"/>
                </Word>
                <TextEquiv>
                    <Unicode>n’uſoyent pas tout le temps de cette</Unicode>
                </TextEquiv>
                <TextStyle fontFamily="Times New Roman" fontSize="8.0"/>
            </TextLine>
            <TextLine id="tl_29" primaryLanguage="English" custom="readingOrder {index:27;}">
                <Coords points="552,6102 3438,6102 3438,6360 552,6360"/>
                <Baseline points="552,6348 1222,6313 1618,6292 2002,6292 2814,6282 3438,6258"/>
                <Word id="w_w2aab1b1b2b3c55ab1" language="English" custom="readingOrder {index:0;}">
                    <Coords points="552,6131 1222,6131 1222,6348 552,6348"/>
                    <TextEquiv>
                        <Unicode>perfide,</Unicode>
                    </TextEquiv>
                    <TextStyle fontFamily="Times New Roman" fontSize="8.0"/>
                </Word>
                <Word id="w_w2aab1b1b2b3c55ac19" language="English" custom="readingOrder {index:1;}">
                    <Coords points="1324,6134 1618,6134 1618,6302 1324,6302"/>
                    <TextEquiv>
                        <Unicode>lors</Unicode>
                    </TextEquiv>
                    <TextStyle fontFamily="Times New Roman" fontSize="8.0"/>
                </Word>
                <Word id="w_w2aab1b1b2b3c55ac29" language="English" custom="readingOrder {index:2;}">
                    <Coords points="1724,6177 2002,6177 2002,6346 1724,6346"/>
                    <TextEquiv>
                        <Unicode>que</Unicode>
                    </TextEquiv>
                    <TextStyle fontFamily="Times New Roman" fontSize="8.0"/>
                </Word>
                <Word id="w_w2aab1b1b2b3c55ac37" language="English" custom="readingOrder {index:3;}">
                    <Coords points="2124,6120 2814,6120 2814,6297 2124,6297"/>
                    <TextEquiv>
                        <Unicode>Candole</Unicode>
                    </TextEquiv>
                    <TextStyle fontFamily="Times New Roman" fontSize="8.0"/>
                </Word>
                <Word id="w_w2aab1b1b2b3c55ac53" language="English" custom="readingOrder {index:4;}">
                    <Coords points="2908,6111 3438,6111 3438,6276 2908,6276"/>
                    <TextEquiv>
                        <Unicode>fortoit</Unicode>
                    </TextEquiv>
                    <TextStyle fontFamily="Times New Roman" fontSize="8.0"/>
                </Word>
                <TextEquiv>
                    <Unicode>perfide, lors que Candole ſortoit</Unicode>
                </TextEquiv>
                <TextStyle fontFamily="Times New Roman" fontSize="8.0"/>
            </TextLine>
            <TextEquiv>
                <Unicode>des teſmoignages du dereglement
naturel de ſa raiſon, quand elle avoit
quelque emportement pour luy qui
eſclatoit il la croyoit vivement tou¬
chée, &amp; cepandant elle n’eſtoit que
folle, il eſtoit tellement perſuadé de
la paſſion qu'elle avoit pour luy que
quand il mourroit d’amour pour elle
il apprehendoit encor d’eſtre ingrat,
on peut bien juger que la conduite
de ces amans fit grand bruit, ils
avoyent tous deux des ennemys, &amp; la
fortune de l’un &amp; la beauté de l’autre
luy avoit fait beaucoup d’envieux,
quand tout le monde les auroit voulu
ſervir ils auroyent tout deſtruit par
leur Imprudence, &amp; tout le monde
leur vouloit nuire, ils ſe donnoyent
des rendés vous par tout, ſans avoir
pris aucune meſure avec perſonne, ils
ſe voyoyent quelques fois dans une
maiſon que Candole tenoit ſoubs le
nom d’une Dame de Campagne
qu’Ardeſile faiſoit ſemblant d’aller
voir, &amp; le plus ſouvent la nuict chez
elle meſme, tout ces rendéſvous
n’uſoyent pas tout le temps de cette
perfide, lors que Candole ſortoit</Unicode>
            </TextEquiv>
        </TextRegion>
        <SeparatorRegion id="r_2" custom="readingOrder {index:2;}">
            <Coords points="2830,41 3326,41 3326,62 2830,62"/>
        </SeparatorRegion>
        <SeparatorRegion id="r_3" custom="readingOrder {index:3;}">
            <Coords points="3510,31 4150,31 4150,70 3510,70"/>
        </SeparatorRegion>
        <TextRegion id="region_1546014388509_6561" custom="readingOrder {index:4;}">
            <Coords points="3040,6307 3039,6479 3438,6479 3439,6307"/>
            <TextLine id="line_1546014388683_6564" custom="readingOrder {index:0;}">
                <Coords points="3038,6308 3437,6308 3438,6479 3039,6479"/>
                <Baseline points="3039,6474 3438,6474"/>
                <Word id="word_1546014423714_6579" custom="readingOrder {index:0;}">
                    <Coords points="3043,6307 3435,6307 3435,6477 3043,6477"/>
                    <TextEquiv>
                        <Unicode></Unicode>
                    </TextEquiv>
                </Word>
                <TextEquiv>
                    <Unicode>d'au¬</Unicode>
                </TextEquiv>
            </TextLine>
            <TextEquiv>
                <Unicode>d'au¬</Unicode>
            </TextEquiv>
        </TextRegion>
    </Page>
</PcGts>
