4267 7585
1719 464 1866 619 3.
420 677 937 813 rerent,
1048 631 1201 788 &
1304 621 1404 774 il
1476 668 1644 773 en
1716 623 2024 780 vint
2096 617 2700 774 d’autres
2776 616 3016 829 qui
3088 662 3264 771 ne

409 838 1182 1029 vouloyent
1245 824 2014 1030 qu’aimer,
2081 868 2266 977 un
2305 815 2554 976 des
2585 815 3274 1026 premiers

418 1038 651 1247 qui
722 1033 859 1190 5e
922 1022 1555 1228 présenta
1630 1024 1851 1180 fut
1918 1021 2839 1197 Oroondate,
2906 1064 2983 1168 a
3022 1018 3267 1220 qui

415 1247 548 1396 le
632 1232 1348 1435 voifinage
1415 1217 2224 1380 d’Ardelife
2303 1221 2912 1380 donnoit
2951 1219 3276 1420 plus

417 1443 593 1600 de
621 1434 1529 1590 commodité
1568 1424 1741 1580 de
1772 1427 1901 1579 la
1933 1429 2346 1604 voir,
2381 1431 2533 1583 &
2573 1468 2961 1574 cette
2997 1418 3277 1567 rai¬

414 1639 659 1804 son
726 1637 943 1794 fut
1014 1630 1411 1792 cause
1474 1631 1831 1829 qu’il
1906 1626 2383 1782 l’aima
2470 1614 3282 1819 afîeslong-

423 1887 716 1995 tem
735 1885 900 2038 ps
987 1835 1284 1988 fans
1339 1881 1440 2038 q
1463 1876 1628 1977 ue
1663 1824 1956 1979 l’on
1983 1849 2300 1978 s'en
2335 1827 3080 2027 apercent,
3119 1826 3288 1978 8c

440 2051 565 2235 je
637 2076 993 2225 croy
1068 2078 1341 2232 que
1401 2072 1633 2181 cet
1708 2071 2205 2176 amour
2252 2018 2541 2176 euft
2584 2004 3297 2174 toujours

434 2234 706 2395 efté
750 2235 1250 2399 caché,
1289 2222 1390 2378 fi
1441 2222 2290 2389 Oroondate
2318 2217 2758 2375 n’euû
2797 2214 3294 2401 jamais

439 2482 604 2591 eu
683 2429 864 2586 de
891 2432 1452 2605 rivaux,
1503 2415 1848 2575 mais
1903 2415 3015 2573 Candoleeflant
3047 2415 3303 2571 de¬

432 2681 797 2795 venu
840 2672 1609 2781 amoureux
1648 2607 2449 2779 d’Ardelife
2480 2613 3313 2771 defcouvrit

437 2820 1054 2987 bientoft
1117 2874 1290 2983 ce
1345 2820 1586 3026 qui
1653 2815 2074 2979 eftoit
2141 2819 2590 2976 caché
2657 2809 3046 2970 faute
3117 2810 3314 2963 de

435 3081 775 3239 gens
814 3017 1599 3193 interelfès,
1675 3071 1839 3176 ce
1875 3008 2487 3224 n’eftpas
2527 3061 2799 3223 que
2834 3016 3307 3169 Lenix

440 3224 1056 3387 n’aimaft
1088 3223 1216 3383 fa
1240 3226 1853 3403 femme,
1908 3225 2260 3373 mais
2299 3220 2512 3372 les
2552 3220 2976 3369 maris
3024 3227 3312 3364 s’a-

445 3426 1214 3667 privoifent
1297 3433 1450 3586 &
1521 3422 2006 3617 jamais
2045 3429 2250 3574 les
2285 3460 2838 3593 amants
2889 3423 3126 3592 ,8c
3169 3406 3314 3570 la

442 3616 1011 3831 jaloufie
1070 3627 1247 3784 de
1310 3672 1671 3782 ceux
1738 3670 1923 3819 cy
1986 3625 2183 3778 eft
2218 3619 2615 3780 mille
2654 3609 2939 3770 fois
2978 3615 3323 3816 plus

444 3871 1336 4039 pénétrante,
1407 3872 1676 4033 que
1708 3822 2076 3980 celle
2107 3813 2360 3977 des
2395 3861 2852 3975 autres
2916 3802 3324 3980 ,cela

452 4031 621 4183 fit
696 4025 1077 4182 donc
1141 4069 1421 4231 que
1516 4021 2177 4181 Candole
2229 4015 2497 4168 vift
2528 4010 2777 4163 des
2821 4007 3321 4156 choies

454 4278 727 4431 que
786 4227 1227 4377 Lenix
1314 4273 1491 4370 ne
1550 4214 2058 4411 voyoit
2114 4256 2447 4409 pas,
2514 4218 2670 4363 &
2710 4203 3050 4405 qu’il
3086 4218 3322 4355 n’a

447 4421 936 4619 jamais
1007 4457 1504 4585 veves,
1551 4456 1788 4561 car
1819 4410 1920 4555 il
1959 4409 2164 4566 eft
2195 4452 2632 4557 encor
2663 4401 3332 4564 afcavoir

452 4602 1529 4823 qu’Oroondate
1636 4607 2125 4764 aimaft
2192 4604 2325 4760 fa
2384 4603 2977 4763 femme.
3092 4602 3317 4755 O-

462 4817 1146 4971 roondate
1234 4805 1630 4966 avoit
1729 4807 1938 4959 les
2050 4852 2430 5010 yeux
2498 4809 2882 4963 noirs
2953 4811 3106 4964 &
3185 4806 3330 4958 le

467 5018 707 5171 nés
767 5003 1435 5170 bienfait,
1526 5008 1663 5160 la
1738 5007 2311 5165 bouche
2387 5000 3083 5207 petite,le
3119 5002 3335 5155 vi¬

468 5211 781 5418 sage
888 5212 1245 5415 long
1300 5298 1353 5386 »
1492 5205 1709 5361 les
1804 5210 2453 5361 cheveux
2552 5202 2853 5358 fort
2940 5195 3333 5348 noirs

473 5411 886 5614 longs
917 5416 1066 5572 8c
1105 5409 1646 5610 efpaix,
1685 5403 1822 5560 la
1861 5409 2258 5563 taille
2293 5402 2750 5578 belle,
2789 5404 2898 5553 il
2937 5398 3342 5555 avoit

478 5655 551 5763 a
566 5606 815 5767 fies
878 5608 1515 5811 d’Efprit
1607 5704 1655 5780 ,
1746 5658 1919 5767 ce
1982 5604 2559 5764 n’eftoit
2594 5649 2839 5810 pas
2878 5600 3055 5752 de
3090 5646 3347 5751 ces

488 5850 840 6015 gens
912 5807 1148 6013 qui
1215 5809 1792 5965 brillent
1871 5806 2216 5967 dans
2279 5808 2496 5964 les
2588 5798 3348 5958 converlà-

489 6010 974 6196 tions,
1033 6010 1378 6175 mais
1445 6005 1558 6181 il
1625 6011 2038 6184 eftoit
2109 6017 2706 6171 homme
2781 6008 2966 6169 de
3037 6007 3345 6151 bon

1990 6217 2147 6362 A
2242 6252 2343 6376 a
3042 6195 3351 6359 sens
