4267 7647
2361 493 2555 612 30
2558 560 2582 580 -

982 636 1460 805 faifoit
1510 644 1996 802 bonne
2062 637 2636 798 fortune
2698 645 3348 862 endefpit
3410 677 3843 839 d’elle

983 844 1513 1001 mefine
1591 942 1640 1018 ,
1751 852 1909 1006 &
1999 840 2141 994 la
2199 839 2633 998 chofe
2691 845 2978 1002 euft
3063 860 3401 1025 duré
3514 888 3832 1084 plus

972 1044 1905 1254 longtemps,
1944 1035 2047 1196 fi
2092 1085 2478 1199 cette
2512 1046 2898 1199 belle
2924 1071 3358 1224 n’euft
3387 1086 3838 1285 gagné

977 1244 1203 1395 fur
1269 1257 1403 1399 la
1485 1238 2171 1400 modeftie
2233 1243 2431 1398 de
2501 1251 2751 1439 luy
2821 1244 3159 1409 faire
3197 1310 3498 1426 tant
3549 1287 3842 1439 d’a¬

970 1492 1428 1599 vance
1478 1568 1519 1632 ,
1613 1443 1976 1647 qu’il
2009 1448 2628 1641 pouvoir
2662 1490 3000 1602 tout
3038 1503 3839 1675 entrepren¬

971 1644 1229 1790 dre
1259 1687 1761 1825 auprès
1827 1641 2265 1795 d’elle
2319 1645 2617 1795 fans
2695 1686 3041 1855 trop
3071 1671 3843 1866 s'exposer,

964 1836 1218 1990 fon
1292 1826 1786 1994 affaire
1820 1838 2262 1996 eftant
2344 1847 3037 2023 conclue,
3092 1856 3190 2009 il
3232 1872 3853 2072 s’appar-

953 2029 1944 2195 centbientoft
1997 2040 2191 2197 du
2221 2091 3055 2210 commerce
3121 2057 3850 2225 d’Oroon-

950 2240 1327 2394 date.
1442 2247 1716 2410 Un
1781 2248 2640 2446 prétendant
2722 2255 3563 2423 d’ordinaire
3662 2322 3843 2428 ne

939 2438 1529 2644 regarde
1658 2490 1941 2652 que
2047 2445 2573 2608 devant
2671 2454 3032 2650 luy,
3159 2469 3508 2623 mais
3647 2525 3832 2628 un

936 2680 1430 2791 amant
1472 2644 1802 2797 bien
1840 2645 2334 2801 traitté
2372 2660 2962 2861 regarde
3008 2703 3082 2816 a
3120 2665 3501 2821 droit
3540 2679 3690 2837 &
3756 2722 3833 2828 a

940 2842 1602 3038 gauche,
1689 2851 1847 3006 &
1921 2846 2263 3004 n’eft
2340 2901 2582 3050 pas
2649 2858 3494 3069 longtemps
3541 2867 3830 3028 fans

942 3040 1764 3201 defcouvrir
1802 3041 2051 3197 fon
2090 3050 2518 3232 rival,
2598 3053 2815 3212 fur
2842 3067 3147 3217 cela
3186 3070 3839 3232 Candole

935 3232 1647 3440 feplaint,
1727 3240 2796 3415 famaiftreffele
2879 3264 3832 3430 traittedebi-

932 3424 1373 3610 farre,
1460 3452 1614 3606 &
1648 3439 1825 3600 de
1868 3486 2352 3644 tyran,
2412 3461 2737 3624 &le
2807 3470 3262 3666 prend
3332 3468 3553 3626 fur
3632 3525 3825 3630 un

925 3668 1191 3784 ton
1269 3637 1371 3794 fi
1437 3639 1839 3794 hault
1904 3647 2255 3852 qu’il
2337 3657 2582 3853 luy
2665 3658 3362 3827 demande
3476 3718 3822 3876 par¬

930 3832 1227 3981 don
1285 3957 1318 4018 ,
1406 3847 1564 4001 &
1622 3834 1755 3988 fe
1822 3849 2199 3999 croit
2238 3892 2571 4061 trop
2634 3858 3275 4027 heureux
3306 3868 3487 4026 de
3550 3871 3823 4034 l’a¬

919 4027 1253 4181 voir
1315 4039 1944 4193 adoucie.
2051 4049 2284 4203 Ce
2347 4064 2812 4213 calme
2879 4117 3056 4220 ne
3151 4073 3496 4227 dure
3562 4121 3812 4277 pas

908 4228 1761 4439 longtemps
1824 4337 1873 4410 ,
1976 4248 2825 4416 Oroondate
2880 4265 3061 4419 de
3132 4269 3381 4426 fon
3420 4272 3821 4430 colis

913 4424 1195 4581 fait
1261 4425 1503 4585 des
1569 4445 2330 4629 reproches
2425 4457 2802 4648 aufly
2873 4465 3454 4625 inutiles
3532 4526 3814 4681 que

922 4672 1296 4780 ceux
1350 4634 1539 4788 de
1614 4639 2263 4799 Candole
2341 4665 2492 4823 &
2574 4704 3107 4853 voyant
3181 4670 3552 4879 qu’il
3633 4729 3807 4830 ne

914 4872 1280 5029 peut
1339 4825 2000 4992 deftruire
2063 4833 2304 4997 fon
2379 4851 2733 5013 rival
2803 4857 2913 5017 il
2986 4865 3252 5027 fait
3366 4869 3800 5043 fonds

916 5032 1313 5182 main
1392 5031 1941 5193 donner
2008 5041 2401 5206 advis
2468 5061 3061 5232 aLenix
3127 5080 3370 5275 qui
3443 5081 3796 5242 def-

905 5216 1275 5385 fend
1309 5278 1382 5387 a
1429 5235 2098 5402 Ardefile
2137 5242 2314 5405 de
2361 5258 2498 5412 le
2544 5263 2937 5450 voir,
2988 5279 3327 5436 c’eft
3360 5321 3438 5434 a
3484 5283 3794 5451 dire

902 5426 1599 5590 redouble
1630 5443 2239 5600 l’amour
2282 5452 2459 5611 de
2493 5508 2739 5617 ces
2785 5468 3167 5634 deux
3217 5527 3782 5679 amans,

898 5631 1149 5833 qui
1215 5679 1632 5831 ayant
1698 5641 2016 5829 plus
2083 5649 2656 5820 d’envie
2722 5671 2908 5826 de
2970 5675 3100 5833 fe
3158 5685 3488 5841 voir
3542 5692 3779 5854 de¬

895 5831 1217 6017 puis
1248 5833 1453 5987 les
1492 5835 2288 6037 deffences,
2331 5909 2497 6016 en
2543 5912 3385 6049 trouvèrent
3431 5900 3768 6050 mil¬

885 6023 1030 6182 le
1069 6078 1666 6244 moyens
1728 6046 2050 6262 plus
2116 6079 2966 6251 commodes
3035 6138 3322 6297 que
3388 6139 3758 6247 ceux

3356 6292 3775 6502 qu’ils
