4267 7638
2364 444 2600 596 Zo-

1007 608 1684 805 quelques
1728 590 2420 751 endroits.
2532 589 2788 745 Ah
2832 637 3160 754 mon
3200 598 3516 764 dieu
3564 612 3888 776 eftil

1003 805 1675 1008 poffible,
1715 794 2275 951 s’efcria
2319 777 3023 974 Ardelife,
3059 850 3331 1010 que
3359 823 3483 1011 je
3515 864 3891 1016 voye

998 1008 1311 1156 cela
1346 1000 1647 1157 fans
1702 995 2330 1164 mourir,
2390 1041 2779 1204 quoy
2814 1041 2975 1150 ce
3034 1054 3539 1206 pauvre
3578 1068 3894 1228 gar¬

1005 1259 1298 1412 çon
1333 1205 1590 1417 qui
1638 1198 2034 1358 avoit
2074 1243 2382 1352 tant
2458 1192 3058 1352 d’autres
3114 1206 3594 1372 chofes
3702 1220 3878 1376 de

985 1408 1313 1612 plus
1353 1402 1877 1609 grande
1917 1403 2969 1600 conséquence,
3033 1423 3425 1571 avoit
3461 1420 3893 1620 gardé

980 1608 1537 1808 jufques
1568 1653 1641 1753 a
1708 1650 1873 1754 ce
1916 1600 2776 1777 mouchoir,
2848 1601 2953 1753 il
2988 1650 3065 1754 a
3124 1611 3345 1759 t’il
3392 1627 3673 1767 rien
3712 1672 3889 1773 au

984 1800 1540 1959 inonde
1596 1801 1780 1950 de
1831 1806 2148 2006 plus
2188 1804 2968 1978 touchant,
3052 1810 3376 1974 &la
3448 1812 3892 1973 defîiis

979 2004 1267 2164 elle
1367 2049 1963 2158 raconta
2055 2055 2127 2155 a
2235 2004 2823 2217 Fefique
2939 2058 3211 2218 que
3327 2016 3887 2177 s’eftant

970 2212 1659 2417 quelques
1738 2219 2251 2366 années
2322 2213 2991 2417 couppée
3062 2262 3235 2370 en
3314 2224 3894 2380 travail¬

966 2411 1270 2571 lant
1354 2460 1858 2613 auprès
1942 2406 2118 2563 de
2182 2415 2526 2616 luy,
2614 2417 2718 2569 il
2834 2413 3082 2614 luy
3154 2427 3546 2579 avoit
3634 2420 3886 2581 de¬

965 2616 1485 2769 mandé
1549 2661 1721 2770 ce
1801 2620 2573 2776 mouchoir
2677 2613 3041 2774 dont
3133 2623 3409 2775 elle
3485 2632 3889 2785 avoit

964 2815 1441 3012 essuyé
1508 2805 1645 2969 fa
1712 2818 2093 2974 main
2200 2915 2240 2991 ,
2328 2832 2481 2984 &
2552 2820 3065 2978 l’avoit
3168 2819 3877 2985 toufiours

959 3020 1404 3227 gardé
1448 3017 2052 3222 depuis,
2092 3071 2488 3227 apres
2536 3029 2844 3177 cela
2888 3026 3240 3182 elles
3288 3075 3880 3193 trouvè¬

959 3268 1279 3380 rent
1347 3220 1599 3377 des
1631 3221 2339 3378 bracelets
2407 3324 2455 3388 »
2527 3228 2779 3385 des
2847 3227 3503 3412 bourfes,
3627 3228 3879 3385 des

962 3427 1619 3584 cheveux
1658 3433 1811 3590 &
1890 3426 2135 3583 des
2210 3433 2887 3628 portraits
2958 3430 3882 3613 d’Ardelife,

966 3643 1122 3792 &
1170 3676 1758 3788 comme
1790 3630 2142 3787 elles
2186 3639 2650 3791 furent
2706 3642 3370 3794 tombées
3406 3635 3622 3788 fur
3662 3644 3866 3793 les

957 3839 1605 4001 Lettres,
1657 3818 2237 4043 Fefique
2269 3848 2573 4040 pria
2601 3833 2841 3993 fon
2889 3889 3309 4039 amye
3349 3840 3873 4047 qu’elle

956 4087 1137 4191 en
1184 4033 1581 4236 peuft
1616 4033 1877 4186 lire
1904 4039 2585 4244 quelques
2620 4089 3021 4202 unes:
3080 4043 3733 4199 Ardelife
3768 4092 3865 4237 y

952 4236 1884 4410 consentit,L
1936 4235 2528 4452 Fefique
2572 4254 3060 4406 ouvrit
3108 4251 3476 4403 celle
3516 4296 3700 4444 cy
3736 4248 3868 4401 la

947 4436 1703 4655 première.

1818 4859 3078 5042 LETTRE.

1616 5253 1825 5418 dit
1936 5262 2149 5483 icy
2264 5312 2525 5476 que
2652 5310 2973 5429 vous
3120 5255 3457 5439 avés
3576 5256 3861 5492 ejlé

1339 5492 1748 5662 battu
1819 5546 1864 5687 ,
1995 5547 2144 5659 ce
2251 5536 2580 5716 peut
2711 5489 3032 5726 eflre
3179 5567 3368 5675 un
3455 5503 3840 5728 faux

939 5719 1291 5888 bruit
1383 5729 1551 5897 de
1639 5785 1867 5926 vps
1963 5739 2527 5908 envieux
2611 5793 2663 5933 ,
2791 5746 3147 5914 mais
3263 5799 3415 5911 ce
3510 5784 3839 5964 peut

926 5955 1270 6188 eflre
1358 6020 1622 6141 une
1706 5951 2526 6156 vérité4b
2606 6029 2930 6154 mon
3014 5982 3318 6155 dieu
3362 5999 3406 6159 !
3486 5975 3834 6148 dans

3475 6263 3851 6391 cette
