4267 7629
2341 600 2636 788 28.
1868 1016 3072 1198 LETTRE.

1318 1414 1386 1550 I
1449 1375 1614 1611 je
1721 1391 2258 1605 pouvois
2402 1432 2566 1541 en
2690 1433 3318 1556 mouvant
3386 1386 3898 1611 confer-

1316 1675 1545 1791 ver
1620 1628 1725 1780 d
1720 1684 1789 1781 e
1908 1614 2457 1847 Pefinie
2568 1661 2889 1833 pour
2964 1675 3277 1792 vous
3368 1637 3417 1822 ,
3536 1638 3625 1790 il
3692 1691 3909 1800 me

1003 1837 1764 2069 fafcheroit
1859 1857 2164 2082 fort
2279 1847 2444 2012 de
2567 1867 3056 2023 mourir
3139 1916 3191 2057 ,
3303 1870 3656 2030 mais
3755 1927 3916 2036 ne

1042 2132 1646 2309 ■pouvant
1710 2101 2018 2313 plus
2086 2140 2403 2263 vous
2446 2085 2970 2321 ejlrner
3006 2095 3054 2324 ,
3102 2096 3266 2324 je
3298 2157 3462 2270 ne
3486 2102 3922 2331 fçau-

1037 2381 1289 2494 rots
1396 2339 1697 2555 plus
1769 2338 2149 2502 avoir
2229 2335 2393 2492 de
2469 2378 2913 2562 regret
3001 2391 3089 2496 a
3169 2344 3313 2513 la
3393 2354 3597 2518 vie
3656 2343 3689 2567 ,
3760 2343 3925 2568 je

1043 2625 1220 2737 ne
1291 2562 1860 2742 l'aimois
1951 2622 2204 2790 que
2271 2615 2596 2788 pour
2703 2582 2852 2742 la
2915 2568 3352 2791 paffer
3439 2581 3928 2747 douce¬

1038 2850 1427 2975 ment
1506 2860 1847 2976 avec
1926 2861 2251 2979 vous
2338 2852 2386 3024 ,
2498 2809 2787 3025 puis
2910 2860 3335 3027 quun
3430 2865 3699 3038 peu
3774 2819 3935 2984 de

1049 3090 1525 3210 mente
1604 3100 1861 3260 que
1924 3034 2437 3266 j’avois
2513 3037 2702 3214 &
2781 3050 2929 3219 la
3000 3060 3301 3268 plus
3396 3055 3933 3282 grande

1027 3278 1544 3501 paffion
1615 3284 1804 3445 du
1883 3283 2372 3451 monde
2415 3340 2580 3445 ne
2619 3349 2764 3458 m
2819 3343 2980 3451 en
3023 3340 3256 3457 ont
3335 3341 3584 3517 peu
3635 3295 3932 3519 fai¬

1050 3577 1199 3685 re
1282 3527 1655 3690 venir
1698 3576 1787 3685 a
1830 3521 2143 3698 bout
2186 3523 2242 3747 ,
2306 3523 2471 3748 je
2554 3586 2879 3746 nay
2982 3528 3299 3744 plus
3382 3514 3935 3704 d'atta¬

1057 3765 1682 3926 chement
1777 3753 1821 3957 ,
1909 3753 2086 3934 &
2133 3766 2297 3987 je
2373 3820 2617 3997 voy
2701 3766 2990 3927 bien
3037 3827 3285 3984 que
3357 3781 3497 3942 la
3593 3820 3942 3944 mort

1052 4049 1280 4162 me
1320 4054 1496 4167 va
1544 3991 2100 4162 delivr'er
2184 4003 2340 4168 de
2424 4004 3092 4228 beaucoup
3176 4012 3340 4177 de
3395 4018 3840 4230 peines
3895 4128 3944 4212 ,

1030 4229 1159 4449 fi
1250 4286 1571 4399 vous
1658 4217 2019 4445 eftiés
2094 4244 2659 4460 capable
2746 4242 2911 4406 de
2990 4257 3563 4465 quelque
3642 4295 3951 4420 ten-

1065 4458 1470 4667 drejfe
1545 4519 1862 4633 vous
1949 4526 2118 4634 ne
2193 4531 2414 4636 me
2473 4486 3058 4693 pourries
3125 4536 3386 4700 pas
3433 4494 3702 4651 voir
3777 4551 3938 4656 en

1068 4689 1524 4926 l'eflat
1560 4764 1724 4872 ou
1748 4708 1908 4929 je
1932 4693 2216 4922 fuis
2264 4704 2664 4932 ,fans
2716 4706 3340 4936 efouffer
3380 4725 3544 4886 de
3608 4730 3940 4892 dou¬

1059 4949 1347 5110 leur
1398 5007 1443 5139 ,
1534 5007 1883 5117 mais
1926 4942 1971 5134 ,
2047 4942 2339 5120 dieu
2415 5000 2863 5174 mercy
2902 4963 2939 5139 ,
3023 4963 3163 5124 la
3206 5001 3699 5129 nature
3738 5027 3819 5184 y
3854 5028 3947 5136 a

1069 5237 1326 5350 mis
1397 5187 1642 5352 bon
1725 5181 2098 5353 ordre
2137 5187 2174 5371 ,
2253 5187 2434 5356 &
2493 5194 2790 5405 puis
2873 5243 3138 5407 que
3209 5249 3534 5369 vous
3601 5246 3946 5415 pou-

1076 5429 1352 5585 vies
1416 5471 1717 5592 tous
1824 5429 2017 5585 les
2108 5422 2497 5643 jours
2608 5478 3105 5596 mettre
3232 5496 3420 5605 au
3508 5427 3956 5656 defef-

1054 5666 1343 5873 poir
1415 5647 2063 5828 l'homme
2143 5667 2323 5832 du
2435 5666 2923 5831 monde
3002 5684 3227 5884 qui
3335 5733 3659 5850 vous
3735 5688 3947 5844 ai-

1085 5902 1418 6062 moit
1505 5907 1630 6064 le
1685 5913 1998 6117 plus
2081 5955 2126 6099 ,
2253 5952 2570 6068 vous
2697 5962 2918 6070 me
2977 5921 3574 6128 pourries
3657 5923 3938 6084 bien

1084 6146 1361 6305 voir
1396 6192 1885 6308 mourir
1892 6129 2237 6358 fins
2280 6199 2445 6312 en
2488 6133 2837 6365 eftre
2920 6160 3500 6325 touchée.

3771 6423 3947 6576 La
