4267 7692
2304 592 2569 744 26.

987 864 1163 981 ne
1283 855 1511 977 me
1594 849 1879 1034 pas
1991 804 2835 1034 defadvover
2954 876 3115 997 en
3226 886 3547 1017 vous
3662 858 3899 1023 ai¬

985 1100 1398 1222 mant
1448 1096 1505 1249 ,
1589 1097 1890 1222 tous
1929 1056 2122 1217 les
2165 1110 2677 1232 amans
2721 1039 3517 1256 d'ordinaire
3568 1085 3889 1310 font

983 1288 1288 1455 bien
1403 1281 1688 1506 aife
1843 1272 2644 1462 d'entendre
2795 1359 3391 1483 nommer
3547 1345 3895 1498 leurs

989 1505 1810 1752 Maiftrejfes
1853 1588 1901 1732 ,
1989 1546 2354 1707 mais
2420 1584 2766 1757 pour
2809 1591 3114 1777 moy
3144 1545 3314 1774 je
3345 1574 3893 1739 tremble

999 1768 1496 1977 quand
1555 1773 1728 1994 je
1815 1779 1992 1936 lis
2067 1833 2236 1942 ou
2327 1831 2600 1996 que
2655 1754 3376 2006 j'entends
3491 1801 3904 2030 voftre

993 2060 1322 2171 nom
1401 2068 1446 2201 ,
1557 2017 1666 2178 il
1737 2066 1966 2179 me
2069 2001 2606 2234 femble
2689 2066 3002 2188 tous
2981 2028 3314 2257 jour
3317 2095 3378 2203 s
3469 2092 3726 2257 que
3744 2042 3910 2267 je

991 2300 1264 2475 vay
1355 2259 2112 2473 apprendre
2191 2314 2456 2428 une
2567 2258 3084 2499 hiftoire
3199 2278 3376 2447 de
3491 2336 3812 2458 vous
3855 2251 3911 2498 ,

961 2493 1262 2713 pire
1377 2549 1642 2716 que
1769 2503 1918 2668 la
2021 2516 2682 2717 première
2753 2563 2794 2700 >
2921 2519 3694 2733 cepandant
3761 2522 3914 2747 je

983 2732 1316 2959 riay
1363 2793 1616 2960 que
1667 2734 2056 2963 faire
2143 2790 2192 2967 ,
2307 2791 2648 2968 pour
2727 2798 3056 2924 vous
3131 2747 3816 2986 mefprifer
3859 2883 3916 2967 ,

994 2949 1322 3139 d'en
1425 2968 1966 3209 fçavoir
2090 2981 2974 3223 d’avantage
3085 3053 3130 3191 ,
3289 3055 3626 3173 vous
3745 3066 3914 3175 ne

971 3260 1412 3433 pouve
1415 3269 1552 3510 ^
1632 3230 1916 3388 rien
1996 3221 2700 3464 adjoujler
2816 3295 2908 3404 a
3012 3233 3436 3475 voftre
3515 3245 3912 3478 infa-

990 3462 1259 3622 mie
1341 3532 1386 3661 ,
1510 3464 2163 3630 attendes
2274 3519 2610 3641 vous
2690 3472 3078 3701 aujfy
3158 3546 3254 3654 a
3334 3527 3638 3657 tous
3722 3494 3914 3656 les

988 3686 1913 3907 rejfentimens
2047 3765 2313 3926 que
2424 3726 2905 3886 mérité
3020 3781 3285 3891 une
3371 3727 3921 3960 femme

966 3924 1323 4150 fans
1442 3952 2043 4117 honneur
2158 3931 2495 4124 d'un
2614 3957 3247 4202 honnefte
3370 3975 3919 4139 homme

996 4186 1237 4397 qui
1332 4168 1541 4357 l'a
1591 4185 1909 4422 fort
1988 4187 2437 4367 aimée
2484 4197 2528 4425 ,
2599 4197 2765 4426 je
2852 4184 3385 4371 n'entre
3420 4268 3589 4377 en
3636 4262 3912 4386 au¬

998 4473 1263 4587 cun
1374 4428 1867 4654 deftail
1970 4481 2319 4602 avec
2434 4492 2763 4605 vous
2862 4487 3279 4656 parce
3394 4507 3659 4664 que
3757 4450 3927 4679 je

996 4717 1169 4826 ne
1292 4671 1997 4837 recherche
2136 4679 2521 4890 point
2680 4675 3117 4908 voftre
3240 4682 3917 4922 juftifiça-

998 4913 1283 5075 tion
1326 4896 1367 5108 ,
1450 4896 1632 5078 &
1718 4959 1975 5127 que
2058 4969 2323 5079 non
2378 4903 3147 5137 feulement
3194 4974 3511 5092 vous
3594 4929 3923 5163 eftes

1000 5164 1821 5328 convaincue
1904 5212 2001 5320 a
2088 5209 2409 5324 mon
2488 5149 3006 5390 efgard
3036 5273 3089 5361 }
3180 5184 3537 5337 mais
3656 5227 3925 5390 que

986 5393 1151 5617 je
1214 5454 1387 5563 ne
1454 5402 1751 5617 puis
1814 5391 2375 5624 jamais
2482 5407 3003 5574 revenir
3070 5445 3415 5622 pour
3546 5465 3915 5589 vous.

1211 5855 1892 6019 Candole
1927 5849 2508 6019 eferivit
2543 5902 2944 6024 cette
2987 5872 3476 6032 Lettre
3507 5864 3720 6033 fur
3787 5879 3916 6032 le

1001 6114 1486 6276 temps
1521 6075 1890 6274 qu’il
1961 6065 2374 6223 alloit
2429 6074 2878 6273 partir
2909 6124 3282 6280 pour
3349 6124 3914 6235 retour¬

1008 6322 1252 6430 ner
1324 6319 1396 6428 a
1472 6268 1608 6433 la
1680 6322 2128 6466 cour,
2188 6270 2297 6430 il
2372 6287 2872 6444 venoit
2920 6280 3104 6445 de
3139 6284 3648 6502 perdre
3728 6335 3916 6439 un

3234 6485 3927 6664 combat,
