4267 7538
1760 481 2001 661 Zr-

485 748 821 889 cette
889 698 1665 876 incertitude
1713 701 1873 930 je
1993 740 2313 865 vous
2429 692 3101 863 demande
3177 714 3325 870 la

478 956 674 1129 vie
714 948 878 1112 de
950 995 1270 1111 mon
1354 985 1842 1118 amant
1882 1053 1934 1137 y
2049 920 2222 1105 &
2249 932 2414 1160 je
2490 987 2802 1104 vous
2878 942 3342 1103 aban-

482 1188 903 1352 donne
982 1175 1546 1351 l'armée
1594 1246 1643 1382 ,
1718 1237 1955 1405 ouy
2046 1232 2362 1341 mon
2462 1175 2759 1343 dieu
2810 1166 2990 1339 &
3074 1230 3334 1338 non

463 1412 1211 1645 feulement
1299 1409 1859 1586 l’armée
1947 1472 1999 1613 ,
2163 1416 2511 1584 mais
2619 1395 3067 1643 l’eflat
3163 1410 3339 1578 &

479 1708 776 1828 tout
823 1672 948 1832 le
995 1658 1472 1827 monde
1551 1649 2292 1874 enfemble,
2407 1648 2844 1871 depuis
2939 1630 3356 1866 qu'on

492 1956 780 2069 ma
896 1903 1096 2060 dit
1188 1942 1540 2059 cette
1628 1904 2224 2058 nouvelle
2320 1880 2660 2104 fans
2788 1946 3008 2059 me
3080 1898 3360 2050 rien

477 2114 1461 2357 pafticularifier
1544 2134 1705 2290 de
1789 2177 2113 2289 vous
2193 2124 2241 2340 ,
2344 2124 2509 2340 je
2556 2127 2929 2347 faits
2981 2165 3365 2346 vingt

501 2364 925 2592 vifites
993 2419 1249 2591 par
1301 2366 1617 2587 jour
1665 2365 1709 2582 ,
1781 2337 2325 2581 j'ouvre
2409 2360 2573 2516 de
2645 2403 3113 2583 pïopcs
3197 2358 3357 2518 de

490 2663 962 2833 guerre
1070 2655 1390 2819 pour
1502 2610 1762 2766 voir
1818 2593 1930 2817 fi
2074 2592 2234 2813 je
2350 2576 2662 2760 n'en
2782 2638 3358 2819 appren¬

506 2848 843 3068 dray
910 2899 1183 3003 rien
1282 2846 1503 3055 qui
1574 2893 1791 2998 me
1886 2820 2275 3053 pmjfe
2394 2827 2967 3051 confoler
3050 2894 3099 3022 ,
3198 2889 3367 2990 on

511 3140 727 3253 me
883 3079 1071 3240 dit
1179 3123 1431 3295 par
1555 3114 1847 3238 tout
1923 3128 2179 3285 que
2271 3123 2579 3236 vous
2699 3054 3031 3239 avés
3115 3061 3379 3298 efié

511 3324 904 3484 battu
952 3371 988 3511 j
1072 3318 1416 3479 mais
1495 3294 1764 3474 l’on
1820 3369 1984 3477 ne
2024 3364 2240 3473 me
2311 3356 2568 3528 par
2607 3315 2732 3471 le
2751 3310 3124 3531 point
3203 3310 3372 3470 de

516 3604 828 3724 vous
940 3611 1108 3715 en
1176 3557 1928 3771 particulier
2028 3548 2072 3769 ,
2172 3548 2336 3768 je
2424 3543 3036 3763 noferios
3116 3546 3380 3706 de¬

505 3787 1069 3960 mander
1157 3839 1301 3947 ce
1345 3846 1593 4002 que
1677 3841 1989 3953 vous
2025 3780 2345 4009 efles
2389 3788 2901 3951 devenu
2953 3842 3001 3974 ,
3121 3841 3385 3946 non

521 4084 774 4244 que
833 4024 998 4244 je
1073 4030 1610 4250 craigne
1737 4021 1898 4177 de
2001 4025 2366 4237 faire
2493 4027 2762 4180 voir
2889 4070 3158 4239 par
3233 4030 3386 4186 la

526 4316 782 4480 que
838 4264 1002 4480 je
1082 4311 1398 4423 vous
1478 4266 1834 4426 aime
1902 4257 1950 4477 ,
2006 4257 2178 4477 je
2226 4248 2522 4472 fuis
2602 4307 2766 4419 en
2846 4262 3014 4419 de
3090 4302 3390 4478 trop

514 4495 1107 4721 grandes
1226 4502 1823 4659 alarmes
1930 4537 2255 4705 pour
2386 4503 2759 4664 avoir
2874 4498 3155 4662 rien
3286 4553 3387 4666 a

535 4783 1271 4952 ménager,
1395 4734 1747 4894 mais
1835 4725 1995 4945 je
2111 4736 2547 4896 crains
2675 4735 3391 4950 d’appren¬

535 4968 760 5128 dre
816 4979 1116 5192 plus
1192 5019 1448 5175 que
1511 4966 1672 5186 je
1752 5021 1920 5125 ne
2012 4968 2612 5133 voudrais
2727 4959 3268 5187 fçavoïr
3352 5085 3396 5157 ,

544 5208 880 5372 voila
964 5183 1412 5411 l'eflat
1504 5254 1668 5362 ou
1740 5197 1908 5421 je
1992 5197 2272 5397 fuis
2356 5192 2536 5364 &
2588 5195 3001 5423 feray
3064 5193 3396 5422 juf-

545 5488 853 5648 ques
933 5499 1117 5603 au
1189 5446 1741 5655 premier
1785 5441 2445 5609 ordinaire
2525 5431 2577 5659 ,
2665 5431 2801 5659 fi
2861 5434 3169 5662 fay
3253 5450 3401 5614 la

517 5676 906 5893 force
1021 5671 1182 5831 de
1293 5678 2054 5842 l’attendre.
2213 5700 2410 5840 Ce
2581 5683 2810 5891 qui
2917 5678 3402 5838 redou¬

546 5904 762 6064 ble
870 5959 1154 6076 mes
1254 5911 2066 6130 inquiétudes
2162 5936 2222 6088 ?
2334 5964 2526 6080 ce
2498 5911 2634 6144 fi
2718 5963 2974 6135 que
3090 5966 3410 6086 vous

1814 6149 1951 6313 B
2075 6198 2187 6369 4
3031 6130 3415 6326 m'a-
