4267 7629
2319 525 2592 663 LS.

980 674 1638 889 d’àupres
1716 678 2225 863 d’Êlle,
2284 690 2577 850 elle
2660 689 3069 858 alloit
3132 755 3209 864 a
3276 713 3405 875 la
3491 773 3848 890 con-

971 886 1450 1083 quefte
1556 888 1738 1045 de
1835 889 2454 1100 quelque
2548 909 3063 1063 nouvel
3124 959 3582 1087 amant
3640 988 3841 1091 ou

965 1081 1171 1237 du
1305 1092 1779 1245 moins
1921 1089 2567 1252 rafluroit
2661 1103 3502 1281 Oroondate
3583 1180 3838 1336 par

969 1281 1387 1441 mille
1445 1286 2254 1464 douceurs,
2329 1285 2507 1444 de
2593 1302 3123 1457 crainte
3148 1365 3411 1521 que
3457 1337 3838 1486 Can-

962 1474 1304 1634 dole
1362 1482 2583 1688 neluyefchapaft.

1175 1681 1780 1837 L’hiver
1819 1684 1956 1839 fe
1986 1686 2348 1889 passa
2383 1688 2772 1893 ainfy
2807 1689 3024 1853 fan
3051 1754 3104 1850 s
3141 1759 3420 1917 que
3466 1733 3839 1879 Can-

951 1861 1297 2026 dole
1359 1868 2306 2092 foupçonnaft
2358 1918 3848 2099 quoyquecefoitdes

948 2062 1685 2234 mefchans
1768 2131 2177 2245 tours
2235 2101 2781 2305 qu’elle
2868 2102 3105 2306 luy
3143 2107 3692 2293 faifoit,
3731 2129 3842 2275 il

940 2265 1082 2422 la
1195 2277 1658 2475 quitta
1751 2335 2114 2489 pour
2220 2338 2958 2455 retourner
3024 2353 3098 2462 a
3164 2316 3842 2483 l’Armée

925 2468 1315 2664 aufîy
1341 2480 1943 2643 satisfait
1973 2491 2398 2647 d’elle
2424 2499 2783 2704 qu’il
2817 2502 3322 2670 l’avoit
3348 2523 3838 2712 jamais

930 2667 1298 2843 eüé,
1377 2673 1480 2827 il
1569 2710 1787 2880 n’y
1857 2681 2083 2841 fut
2148 2740 2395 2896 pas
2469 2704 2851 2854 deux
2929 2708 3390 2888 mois,
3472 2726 3827 2919 qu’il

918 2871 1408 3070 apprit
1482 2879 1732 3036 des
1806 2893 2548 3047 nouvelles
2621 2902 2876 3108 qui
2946 2910 3835 3075 troublèrent

919 3053 1056 3219 fa
1106 3080 1539 3268 joye,
1582 3076 1788 3235 fes
1822 3133 2224 3286 amys
2277 3098 3172 3298 particuliers
3217 3120 3461 3314 qui
3505 3162 3839 3311 pré¬

923 3269 1429 3430 voient
1490 3291 1937 3477 garde
1967 3339 2041 3440 a
2075 3293 2217 3447 la
2259 3297 3021 3461 conduitte
3051 3306 3228 3467 de
3263 3341 3396 3468 la
3431 3316 3824 3466 Mai-

908 3457 1382 3621 ftreflè
1452 3522 1629 3629 ne
1688 3482 1949 3683 luy
1987 3531 2165 3642 en
2215 3508 2793 3656 avoient
2831 3508 3401 3666 oférien
3443 3517 3828 3691 dire,

908 3697 1226 3818 tant
1328 3672 1510 3825 ils
1616 3677 1758 3835 le
1828 3694 2658 3852 trouvoient
2731 3721 3566 3913 préoccupé
3636 3708 3826 3869 de

905 3902 1147 4013 cet
1177 3872 1889 4062 infidelle,
1925 3899 2278 4043 mais
2308 3893 2858 4054 s’eftant
2924 3899 3299 4109 passé
3324 3913 3818 4111 depuis

894 4053 1151 4213 fon
1217 4070 1827 4237 abfence
1892 4099 2511 4297 quelque
2549 4086 2979 4257 chofe
3013 4105 3818 4263 d’extraor¬

898 4257 1448 4414 dinaire
1490 4387 1531 4440 ,
1646 4278 1804 4428 &
1918 4322 2096 4428 ne
2158 4291 2907 4489 craignans
2977 4347 3227 4498 pas
3293 4308 3815 4508 qu’elle

895 4449 1601 4618 deftruifit
1698 4515 1952 4672 par
2023 4472 2156 4626 fa
2234 4503 2596 4634 veüe
2659 4491 2876 4635 les
2938 4504 3808 4697 impressons

894 4659 1425 4859 qu’elle
1487 4663 1741 4863 luy
1799 4673 2377 4829 avoient
2415 4679 3068 4866 donnée,
3111 4699 3289 4853 ils
3323 4699 3808 4861 hasar¬

888 4857 1386 5017 dèrent
1480 4911 1813 5019 tous
1876 4874 2554 5037 d’accord
2620 4878 3416 5076 ensemble,
3491 4906 3793 5063 fans

887 5062 1322 5270 qu’ils
1408 5060 1870 5226 lissent
1931 5081 2814 5276 paroiftrece
2892 5139 3560 5283 concert.
3612 5104 3794 5265 de

889 5261 1147 5453 luy
1221 5264 2010 5470 apprendre
2081 5269 2214 5432 fa
2301 5286 3157 5480 conduitte,
3288 5298 3466 5453 ils
3516 5306 3774 5506 luy

881 5463 1719 5623 mandèrent
1829 5473 2215 5632 donc
2281 5482 2843 5645 chacun
2901 5492 3787 5704 séparément

877 5705 1168 5866 que
1266 5667 2035 5837 Caftilante
2130 5683 2531 5847 avoit
2638 5737 2827 5841 un
2926 5692 3231 5853 fort
3321 5701 3772 5913 grand

878 5867 1852 6027 attachement
1969 5929 2348 6085 pour
2410 5890 3159 6088 Ardelife,
3229 5955 3496 6119 que
3558 5911 3756 6061 fes

875 6054 1593 6233 affiduités
1695 6070 2353 6245 faifoient
2407 6096 2880 6257 croire
2954 6153 3248 6268 non
3322 6103 3768 6264 feule¬

3367 6345 3773 6464 ment
