4267 7665
2296 463 2400 587 2
2412 527 2452 572 .

943 660 1452 824 mença
1543 608 2404 817 depàroiftre
2523 613 3052 816 qu’elle
3167 635 3556 787 avoit
3627 688 3836 796 au

935 818 1639 979 sûrement
1707 817 1847 973 le
1919 858 2347 1011 corps
2387 812 2727 968 bien
2775 813 3111 998 fait,
3174 835 3831 1030 quieftce

938 1074 1222 1231 que
1342 1020 1794 1177 disent
1946 1018 3050 1174 ordinairement
3138 1074 3506 1187 ceux
3594 1048 3838 1248 qui

933 1219 1518 1383 veulent
1581 1214 2162 1371 excuser
2241 1223 2446 1372 les
2521 1208 3209 1402 femmes,
3301 1243 3542 1435 qui
3581 1284 3846 1393 ont

944 1462 1285 1619 trop
1424 1416 2553 1627 d’embonpoint
2644 1536 2677 1596 ,
2784 1429 2937 1581 &
3061 1435 3845 1631 cepandant

940 1623 1316 1775 celle
1404 1668 1584 1809 cy
1628 1617 1852 1777 fut
1892 1666 2216 1819 trop
2256 1615 2800 1772 üncere
2840 1673 3008 1777 en
3056 1674 3224 1778 ce
3248 1682 3844 1792 rencon¬

939 1866 1163 1975 tre
1243 1867 1607 2020 pour
1679 1810 2139 1974 laifler
2171 1819 2383 1975 les
2427 1868 2775 2024 gens
2811 1821 3143 1974 dans
3179 1822 3843 2013 l’erreur,

934 2019 1731 2176 s’éclaircit
1794 2013 1991 2174 du
2030 2024 2747 2180 contraire
2786 2026 3035 2229 qui
3074 2031 3562 2204 volut.
3690 2048 3847 2201 &

938 2226 1050 2375 il
1110 2275 1282 2379 ne
1322 2220 1606 2373 tint
1642 2269 1890 2417 pas
1930 2226 2014 2378 à
2062 2227 2422 2404 elle,
2489 2237 3026 2440 qu’elle
3066 2278 3238 2378 ne
3270 2231 3854 2388 defabu-

925 2419 1185 2579 faft
1281 2463 1605 2581 tout
1665 2425 1797 2573 le
1873 2427 2409 2583 monde
2501 2484 2549 2620 ;
2689 2426 3353 2590 Ardelxfe
3453 2440 3849 2593 avoit

932 2615 1557 2828 l’Efprit
1696 2621 1949 2789 vif
2040 2634 2201 2795 &
2312 2624 2905 2831 plaisant
3024 2631 3493 2838 quand
3584 2636 3861 2793 elle

932 2823 1356 2983 eftoit
1424 2824 1884 3006 libre,
2028 2823 2304 2983 elle
2400 2828 2824 2996 eftoit
2891 2882 3168 3037 peu
3239 2834 3860 3021 fincere,

935 3019 2455 3240 inefgale,eftourdie,
2507 3041 2923 3236 point
2979 3030 3855 3213 mefchante,

938 3235 1218 3383 elle
1258 3233 1766 3384 aimoit
1814 3229 2018 3382 les
2062 3223 2602 3439 plaifirs
2650 3240 3206 3445 jufques
3250 3286 3326 3391 a
3358 3235 3490 3391 la
3530 3239 3854 3392 des-

933 3432 1498 3588 bauche
1561 3436 1722 3597 &
1757 3433 1858 3585 il
1897 3478 1990 3630 y
2029 3439 2430 3591 avoit
2461 3432 2642 3588 de
2681 3440 3866 3646 l’emportement

928 3627 1497 3843 jufques
1577 3633 1925 3793 dans
1997 3634 2201 3794 Tes
2273 3632 3869 3830 moindres.divertifle-

940 3882 1460 4012 mens,
1556 3832 1692 3989 fa
1736 3845 2256 3995 beauté
2324 3884 2812 4001 autant
2876 3893 3148 4049 que
3180 3842 3428 3995 son
3476 3843 3864 4025 bien,

931 4078 1332 4235 quoy
1367 4037 1732 4236 qu’il
1767 4077 1940 4182 ne
1983 4038 2260 4191 fuft
2319 4091 2600 4244 que
2639 4053 3435 4219 médiocre,
3483 4044 3871 4196 obli¬

938 4278 1211 4435 gea
1323 4233 1787 4381 Lenix
1867 4278 1939 4382 a
2003 4234 2139 4399 la
2195 4248 3043 4405 rechercher
3106 4298 3287 4406 en
3359 4244 3867 4399 maria¬

942 4478 1186 4635 ge,
1274 4472 1818 4585 cettere
1882 4426 2514 4591 cherche
2582 4492 2758 4593 ne
2790 4445 3134 4593 dura
3170 4491 3410 4639 pas
3458 4447 3870 4644 long¬

937 4680 1429 4836 temps
1517 4756 1553 4808 .
1685 4630 2145 4790 Lenix
2209 4635 2458 4839 qui
2521 4636 2937 4789 eftoit
3005 4646 3605 4794 homme
3689 4656 3869 4800 de

936 4831 1481 5039 qualité
1556 4836 1717 4997 &
1772 4829 1953 4994 de
2060 4836 2585 5043 grands
2676 4840 3081 4997 biens
3160 4842 3385 4995 fut
3444 4891 3873 5005 receu

944 5032 2016 5239 agréablement
2080 5034 2264 5195 de
2356 5039 2492 5188 la
2576 5034 3876 5225 mered’Ardéfilé,

955 5246 1111 5399 &
1163 5255 1535 5388 n’eut
1599 5281 1851 5441 pas
1911 5234 2055 5398 le
2155 5235 2547 5396 loifir
2619 5240 2803 5397 de
2835 5241 3467 5454 soupirer
3487 5299 3871 5452 pour

950 5434 1207 5591 des
1242 5440 1958 5618 charmes,
1982 5439 2231 5646 qui
2278 5444 2859 5604 avoient
2894 5445 3159 5602 fait
3206 5442 3587 5608 deux
3630 5504 3867 5609 ans

954 5634 1470 5800 durant
1566 5641 1774 5793 les
1878 5638 2434 5799 fouhais
2505 5644 2690 5812 de
2754 5693 3174 5814 toute
3234 5654 3374 5811 la
3426 5703 3866 5841 cour,

957 5890 1133 5995 ce
1229 5840 1849 6057 mariage
1961 5838 2409 6004 eftant
2477 5856 3021 6013 achevé
3089 5858 3297 6010 les
3393 5903 3861 6012 amans

964 6043 1221 6247 qui
1268 6048 1845 6213 avoient
1916 6047 2360 6215 voulu
2436 6052 2784 6220 eftre
2836 6058 3348 6246 mariés
3384 6059 3512 6211 fe
3540 6056 3864 6212 reti¬

3295 6303 3760 6423 rèrent
3803 6380 3848 6441 ,
