4267 7683
2288 463 2545 623 i6.

940 649 1259 861 plus
1321 653 1647 811 voir
1717 644 2311 859 Crifpin
2341 650 2523 813 de
2556 653 2808 860 qui
2837 659 2975 813 le
3001 709 3846 851 commerce

934 854 1471 1012 nuifoit
1530 905 1611 1015 a
1670 844 1811 1006 fa
1866 864 2771 1059 réputation,
2866 860 3139 1027 elle
3190 876 3814 1090 luypro¬

934 1054 1208 1212 mit
1238 1065 1397 1219 &
1438 1069 1756 1209 n’en
1798 1054 1972 1212 fit
2002 1062 2304 1214 rien
2378 1065 2704 1244 ,.-de
2739 1053 3104 1226 forte
3129 1127 3396 1285 que
3434 1100 3819 1250 Can-

923 1259 1269 1413 dole
1367 1305 2153 1466 apprenant
2262 1311 2525 1471 par
2639 1311 3005 1424 ceux
3090 1286 3337 1480 qui
3435 1339 3824 1448 man-

924 1455 1442 1612 doient
1516 1457 1765 1615 des
1828 1470 2574 1620 nouvelles
2680 1464 2866 1615 de
2940 1472 3337 1631 Paris
3400 1580 3445 1645 ,
3539 1538 3829 1696 que

925 1648 1494 1846 Grifpin
1561 1656 1982 1812 alloit
2040 1659 2374 1859 plus
2445 1660 3038 1826 souvent
3105 1677 3466 1837 chez
3520 1694 3837 1841 Ar-

917 1850 1355 2010 delife
1461 1849 1820 2058 qu’il
1929 1855 2467 2017 n'avoit
2564 1870 3063 2075 jamais
3153 1876 3482 2073 fait,
3577 1891 3823 2095 luy

914 2053 1492 2221 efcrivit
1562 2100 1844 2211 une
1894 2055 2415 2220 lettre..

1771 2480 3044 2669 LETTRE.

905 2935 1130 3107 “C
1200 2940 1354 3096 N
1432 2976 1757 3097 vous
1832 2917 2302 3147 difant
2388 2929 2797 3106 adieu
2883 2973 2936 3146 ,
3056 2951 3741 3128 Madame
3775 3070 3816 3155 ,

1460 3216 1790 3337 vous
1879 3174 2198 3389 pria
2316 3170 2494 3337 de
2612 3231 2789 3346 ne
2879 3189 3193 3409 plus
3299 3201 3577 3364 voir
3683 3209 3821 3371 le

900 3405 1378 3615 coquin
1464 3401 1638 3571 de
1720 3400 2246 3631 Crifpin
2335 3460 2381 3605 ,
2500 3461 2822 3586 vous
2932 3481 3161 3596 me
3268 3442 3397 3600 le
3491 3482 3821 3655 pro¬

896 3634 1346 3868 mises
1383 3755 1441 3840 y
1552 3649 2342 3862 cepandant
2428 3652 2538 3822 il
2592 3715 2766 3832 ne
2808 3659 3230 3900 bouge
3260 3670 3434 3837 de
3472 3664 3857 3968 ché^

892 3930 1230 4053 vous
1244 3935 1353 4069 .,
1508 3875 1986 4051 navés
2056 3938 2378 4062 vous
2431 3903 2818 4114 point
2896 3900 3070 4071 de
3144 3916 3558 4083 honte
3640 3920 3813 4083 de

884 4166 1122 4282 me
1196 4156 1694 4279 mettre
1768 4171 1938 4284 en
2012 4123 2370 4352 e(iat
2436 4133 2539 4290 d
2546 4118 2587 4183 1
2588 4150 3498 4363 appréhender
3532 4204 3821 4328 au¬

879 4395 1194 4577 près
1268 4349 1438 4516 de
1548 4402 1882 4526 vous
1992 4417 2186 4532 un
2260 4356 2982 4583 miferable
3092 4401 3818 4627 Bourgeois

896 4603 1135 4805 qui
1240 4645 1410 4758 ne
1516 4634 1846 4811 peut
1931 4596 2490 4826 jamais
2600 4600 2930 4838 efire
3008 4634 3454 4794 craint
3547 4691 3814 4852 que

880 4871 1158 5045 par
1277 4811 1926 5003 l'audace
2016 4890 2278 5055 que
2356 4891 2678 5013 vous
2721 4853 2950 5077 luy
2992 4852 3581 5067 donnés,
3691 4866 3815 5098 (î

901 5112 1234 5236 vous
1357 5041 1674 5232 n'en
1789 5060 2481 5303 rougiffés,
2597 5092 3302 5263 Madame
3332 5100 3385 5330 ,
3475 5087 3802 5331 j'en

897 5309 1343 5537 rougis
1440 5352 1783 5526 pour
1853 5363 2175 5483 vous
2261 5302 2440 5485 &
2460 5361 2806 5539 pour
2845 5375 3158 5568 moy
3196 5334 3245 5536 ,
3356 5336 3547 5511 &
3625 5344 3794 5515 de

876 5583 1219 5761 peur
1341 5543 1511 5706 de
1585 5556 2123 5719 mériter
2201 5596 2559 5724 cette
2597 5563 3007 5730 honte
3089 5567 3419 5753 dont
3456 5636 3790 5755 vous
3797 5699 3817 5719 •

889 5830 1119 5943 me
1197 5766 1659 5950 voulés
1725 5791 2355 5997 accabler
2432 5909 2486 5998 3
2522 5795 2751 6021 -je
2821 5818 3118 5982 vais
3132 5812 3518 6050 faire
3593 5876 3782 5995 un

901 6009 1299 6239 effort
1380 6004 1631 6242 fur
1721 6077 2047 6202 mon
2133 6086 2623 6211 amour
2708 6081 3055 6267 pour
3169 6113 3346 6232 ne
3453 6117 3767 6237 vous

3457 6306 3775 6520 plus
