4267 7594
1759 500 1911 661 9

405 744 666 918 par
728 666 922 851 lés
953 718 1250 895 trop
1280 661 1570 836 bien
1617 673 1654 859 >
1768 648 2570 829 d’ordinaire
2604 661 2794 825 les
2797 706 3289 884 gran¬

407 933 640 1094 des
735 904 1304 1139 payons
1387 896 2280 1122 s’expliquent
2335 898 2652 1112 plus
2779 901 3268 1105 confit-

389 1153 930 1382 fement
1010 1139 1059 1349 ,
1169 1137 1354 1319 &
1429 1152 1534 1313 il
1573 1138 2082 1367 femble
2149 1187 2406 1350 que
2481 1184 2794 1303 vous
2873 1125 3278 1354 efcri-

416 1405 685 1570 ries
796 1442 1317 1558 comme
1384 1436 1569 1552 un
1651 1390 2185 1550 homme
2259 1379 2489 1589 qui
2564 1433 2657 1542 a
2747 1367 3041 1532 bien
3111 1368 3297 1532 de

413 1623 963 1852 l’Efpr'tt
1049 1618 1235 1792 &
1274 1628 1507 1842 qui
1582 1602 1903 1849 n’efl
1962 1613 2335 1839 point
2450 1654 3187 1783 amoureux
3238 1707 3287 1795 ,

420 1879 773 2038 mais
856 1872 1085 2074 qui
1148 1858 1305 2079 je
1384 1902 1697 2025 veut
1736 1860 2117 2086 faire
2192 1855 2685 2037 croire,
2767 1830 3305 2058 &puis

434 2088 775 2322 qu’il
834 2149 1007 2258 ne
1078 2107 1207 2264 le
1254 2085 1763 2314 femble
1838 2148 1931 2257 a
2014 2140 2320 2297 moy
2359 2142 2395 2299 ,
2514 2133 2747 2298 qui
2846 2120 3295 2239 meurs

420 2321 942 2502 d’envie
989 2383 1042 2540 ,
1157 2377 1426 2539 que
1528 2375 1841 2492 vous
1916 2310 2293 2535 dïfiés
2372 2363 2706 2533 vray
2745 2315 2786 2532 ,
2876 2299 3305 2533 jugés

439 2629 580 2738 ce
675 2546 1004 2788 qu’il
1102 2550 1860 2784 fembleroit
1979 2611 2068 2715 a
2194 2528 2808 2712 d’autres
2883 2610 2984 2715 a
3071 2551 3304 2761 qui

437 2803 854 3041 vojhe
949 2794 1454 3013 paffion
1536 2782 1942 3008 feroit
2068 2779 2914 3000 indifférente
2985 2840 3026 2970 ,
3137 2787 3306 2940 ils

443 3105 532 3214 n
575 3030 1396 3255 hefiteroient
1551 3071 1812 3247 pas
1895 3087 1992 3192 a
2067 3032 2468 3184 croire
2599 3071 2860 3234 que
2979 3067 3304 3186 vous

446 3271 882 3454 roulés
1069 3279 1319 3436 rire
1410 3311 1459 3484 ,
1597 3310 1926 3483 pour
2041 3316 2347 3485 moy
2433 3310 2662 3475 qui
2741 3311 2910 3420 ne
2985 3299 3306 3422 veus

415 3521 797 3746 faire
887 3501 1425 3726 jamais
1535 3495 1705 3660 de
1763 3497 2549 3728 jugements
2664 3496 3320 3653 témérai¬

446 3804 755 3944 res,
857 3729 996 3966 f
998 3780 1535 3962 accepte
1569 3735 1703 3895 le
1726 3785 2167 3954 partie
2246 3783 2503 3949 que
2546 3781 2863 3897 vous
2906 3709 3099 3891 ni
3110 3719 3331 3944 of¬

428 3989 721 4214 fres
765 3970 806 4187 ,
892 3968 1069 4150 &
1124 3979 1289 4200 je
1364 4024 1681 4145 veus
1764 3977 2057 4136 bien
2120 3969 2533 4186 juger
2596 4005 2861 4174 par
2900 3952 3321 4177 vofire

462 4223 1131 4385 conduitte
1294 4213 1527 4370 des
1694 4193 2427 4414 fentimens
2582 4247 2843 4406 que
2990 4240 3315 4355 vous

465 4439 798 4626 avés
845 4493 1190 4666 pour
1253 4489 1601 4660 moy.
1750 4602 1766 4622 ,

676 4871 1117 5016 Cette
1172 4854 1669 5007 Lettre
1728 4889 2005 5054 que
2112 4846 2313 4993 les
2360 4834 3325 4999 connoifleurs

474 5059 979 5226 sussent
1042 5048 1559 5212 trouvé
1630 5050 1927 5199 fort
1958 5043 2423 5196 douce
2490 5089 2663 5187 ne
2718 5036 2855 5184 la
2918 5086 3363 5239 parue

480 5316 717 5470 pas
792 5310 1118 5465 trop
1196 5302 1273 5411 a
1340 5246 2069 5419 Candole,
2164 5281 2749 5394 comme
2788 5231 2885 5384 il
2920 5248 3329 5389 avoir

474 5477 1208 5660 beaucoup
1278 5449 1459 5606 de
1490 5449 2059 5623 vanité,
2170 5449 2271 5598 il
2310 5445 2699 5592 avoir
2742 5432 3339 5588 attendu-

480 5665 725 5818 des
796 5662 1477 5815 douceurs
1544 5653 2005 5804 moins
2080 5635 2945 5818 envelopees
2989 5693 3025 5810 ,
3076 5688 3341 5793 ce¬

482 5873 623 6026 la
690 5850 1531 6057 l’empefcha
1634 5854 1815 6003 de
1886 5890 2183 6000 tant
2270 5833 2779 6049 presser
2854 5840 3343 5991 Arde-

487 6064 737 6224 life
820 6055 1317 6275 qu’elle
1419 6045 1809 6225 l’euft
1923 6047 2273 6200 bien
2399 6033 2941 6207 déliré,
3039 6032 3345 6183 ilia

1745 6252 1899 6414 A
1990 6290 2099 6452 5,
2885 6224 3364 6397 faifoic-
