4267 7629
2350 476 2599 638 i8.

1263 654 1905 820 Candole
1979 659 2201 825 fut
2279 710 2609 826 tout
2651 716 2725 829 a
2791 674 3049 843 fait
3110 699 3604 874 rassure
3657 769 3908 928 par

1031 889 1429 1009 cette
1491 858 2004 1044 lettre,
2095 869 2210 1023 il
2283 873 3903 1080 fitenfuittedeSrefôlu-

1031 1055 1417 1207 tions
1483 1062 1657 1221 de
1719 1114 1893 1222 ne
1974 1075 2393 1277 point
2439 1077 3289 1256 condamner
3323 1100 3445 1263 fa
3503 1128 3904 1282 Mai-

1024 1245 1485 1415 fbeiTe
1544 1263 1765 1438 fqr
1831 1264 2089 1426 des
2155 1323 3009 1484 apparences
3078 1305 3414 1498 qu’il
3486 1320 3909 1528 jugea

1019 1497 1370 1647 peut
1432 1459 1782 1625 eftre
1844 1473 2828 1674 trompeuses,
2931 1494 3030 1650 il
3099 1500 3237 1650 fe
3311 1508 3645 1697 jetta
3719 1568 3897 1675 en

1008 1653 1522 1807 l’autre
1592 1683 2370 1829 extrémité
2432 1680 2610 1839 de
2684 1693 2822 1845 la
2880 1702 3692 1911 confiance,
3747 1729 3902 1887 &

1011 1853 1306 2055 prit
1380 1908 1558 2011 en
1628 1869 2110 2026 bonne
2179 1921 2498 2085 part
2584 1931 2922 2049 tout
2960 1946 3130 2057 ce
3167 1912 3698 2115 qu’elle
3740 1920 3902 2075 fit

1008 2051 1638 2251 pendant
1732 2059 1942 2231 fix
2044 2081 2422 2231 mois
2496 2097 2678 2240 de
2740 2115 3645 2311 coqueterie,
3740 2124 3899 2287 &

1009 2249 1851 2427 d’infidélité
1940 2327 1982 2431 :
2061 2327 2298 2433 car
2345 2284 2618 2447 elle
2656 2311 3330 2465 continua
3372 2310 3902 2474 devoir

1009 2449 1591 2661 Crifpin
1641 2569 1686 2630 »
1797 2484 1951 2639 &
2037 2477 2219 2632 de
2285 2477 2830 2655 donner
2904 2501 3154 2660 des
3208 2503 3758 2667 faveurs
3808 2522 3899 2671 à

1001 2657 1946 2851 Oroondate,
1981 2687 2136 2838 &
2168 2731 2571 2887 quoy
2636 2748 2915 2901 que
2953 2706 3263 2862 l’on
3293 2756 3458 2861 en
3497 2714 3906 2871 eferi-

986 2844 1265 3006 vift
1330 2855 1867 3069 déplus
1933 2875 2115 3030 de
2157 2931 2487 3045 cent
2517 2897 3159 3060 endroits
3193 2950 3267 3060 a
3313 2910 3890 3070 Cando¬

962 3040 1187 3229 le,
1262 3054 1369 3208 il
1438 3109 1768 3227 crut
1832 3125 2115 3283 que
2181 3091 3899 3319 celavenoitdefonpere

982 3253 1141 3412 &
1202 3253 1392 3412 de
1486 3258 1700 3426 fes
1822 3317 2228 3483 amys
2308 3298 2564 3500 qui
2613 3299 2755 3456 le
2825 3305 3579 3466 vouloient
3649 3311 3899 3470 dé¬

974 3500 1559 3632 tourner
1662 3470 1852 3643 de
1958 3483 2579 3661 l’amour
2633 3505 2980 3714 qu’il
3057 3513 3472 3672 avoit
3525 3561 3891 3718 pour

962 3670 1334 3875 elle,
1450 3729 2056 3884 croyans
2121 3746 2404 3904 que
2462 3712 3895 3922 cettepaffionl’em-

961 3868 1784 4078 pefclieroit
1886 3894 2064 4041 de
2138 3907 2656 4109 fonger
2726 3958 2900 4061 au
2970 3920 3596 4128 mariage
3658 3963 3704 4076 :
3782 3918 3897 4078 il

955 4073 1437 4226 revint
1511 4071 1897 4230 donc
1970 4084 2156 4243 de
2258 4105 2924 4261 l’Armée
2989 4117 3312 4308 plus
3378 4166 3879 4272 amou¬

959 4310 1313 4423 reux
1334 4276 1674 4477 qu’il
1711 4294 2253 4449 n'avoit
2294 4302 2792 4491 jamais
2830 4309 3163 4471 efté.
3234 4312 3888 4477 Ardefile

959 4472 1384 4657 auffi,
1503 4523 2005 4684 auprès
2079 4490 2253 4649 de
2290 4497 2538 4699 qui
2607 4553 2885 4657 une
2951 4558 3021 4659 a
3035 4508 3289 4665 fies
3343 4513 3877 4724 longue

959 4668 1557 4834 abfence
1615 4677 2105 4846 faifoit
2178 4687 2621 4897 passer
2723 4704 3401 4864 Candole
3486 4766 3869 4922 pour

948 4916 1141 5026 un
1212 4889 1634 5047 navel
1667 4930 2232 5081 amant,
2259 4896 2961 5070 redoubla
2999 4907 3205 5061 fes
3251 4913 3880 5122 empref-

960 5065 1513 5239 femens
1602 5139 1977 5314 pour
2032 5093 2286 5294 luy
2359 5151 2441 5260 a
2512 5106 2641 5260 la
2695 5106 3637 5271 veüemefme
3687 5120 3869 5275 de

952 5317 1374 5440 toute
1440 5294 1574 5448 la
1608 5341 2048 5485 cour,
2156 5345 2398 5460 cet
2424 5348 2902 5469 amant
2935 5326 3506 5520 prenoit
3544 5365 3869 5478 tou¬

944 5516 1166 5634 tes
1280 5491 1494 5647 les
1640 5498 2678 5708 Imprudences
2775 5513 3294 5725 qu’elle
3388 5518 3866 5679 faifoit

947 5729 1330 5886 pour
1388 5693 1534 5852 le
1592 5709 1922 5855 voir
1979 5752 2350 5910 pour
2396 5712 2658 5866 des
2744 5765 3390 5930 marques
3452 5720 3854 5880 d’une

952 5889 1494 6078 paillon
1556 5900 1922 6063 dont
1980 5906 2258 6069 elle
2340 5911 3406 6135 n’eftoitplusla
3456 5928 3845 6091 Maf-

953 6081 1517 6291 ftrefife,
1647 6150 2038 6316 quoy
2119 6157 2398 6329 que
2468 6165 2642 6283 ce
2724 6172 2898 6285 ne
2972 6118 3474 6294 fussent
3560 6169 3838 6328 que

3573 6342 3831 6484 des
