4267 7542
1818 517 1962 629 I.

465 691 893 1350 S
940 656 1353 824 Oubs
1416 662 1557 815 le
1624 700 2049 861 régné
2120 659 2305 812 de
2376 664 3125 820 Theodate
3188 670 3329 827 la

919 906 1412 1067 guerre
1479 860 1720 1067 qui
1819 861 2304 1020 duroit
2359 865 2852 1070 depuis
2919 869 3340 1075 vingt

934 1110 1166 1212 ans
1274 1057 2302 1264 n’empefchoit
2405 1070 2818 1270 point
2885 1082 3334 1277 qu’on

924 1310 1093 1420 ne
1232 1261 1453 1414 fift
1580 1261 2469 1468 quelquefois
2600 1270 3213 1421 l’amour
3284 1367 3349 1448 ,

467 1465 824 1612 mais
899 1506 1476 1612 comme
1543 1459 1672 1611 la
1763 1464 2159 1621 Cour
2235 1456 2651 1619 eftoit
2727 1466 3339 1674 remplie

461 1659 646 1812 de
701 1666 1130 1812 vieux
1169 1659 1954 1817 Cavalliers
1997 1659 2886 1840 infenfibles,
2925 1717 3118 1821 ou
3145 1666 3330 1819 de

464 1863 933 2051 jeunes
992 1904 1341 2056 gens
1420 1863 1665 2012 nés
1732 1860 2069 2013 dans
2140 1863 2273 2016 le
2340 1866 2725 2018 bruit
2784 1868 3025 2017 des
3088 1910 3336 2018 ar¬

463 2048 851 2200 mées
927 2062 1084 2212 &
1162 2104 1443 2261 que
1523 2107 1691 2208 ce
1759 2062 2311 2212 meftier
2403 2071 2787 2219 avoit
2883 2066 3327 2219 rendu

461 2251 1066 2400 brutaux
1129 2348 1178 2420 ,
1293 2254 1590 2406 cela
1657 2258 2046 2409 avoit
2081 2251 2342 2404 fait
2413 2261 2546 2410 la
2617 2263 2942 2463 plus
3013 2307 3338 2470 part

464 2451 705 2597 des
812 2450 1325 2599 Dames
1424 2495 1601 2599 un
1707 2500 1976 2649 peu
2072 2456 2540 2606 moins
2636 2460 3336 2618 modeftes

462 2648 1387 2848 qu’autrefois
1458 2770 1491 2826 ,
1558 2651 1707 2808 &
1762 2694 2295 2846 voyant
2346 2655 2939 2857 qu’elles
3030 2655 3339 2811 euf-

457 2847 762 2996 fent
825 2842 1302 3044 langui
1365 2842 1690 2996 dans
1781 2842 2502 3008 Foifiveté
2569 2950 2621 3026 ,
2753 2847 2862 3012 fi
2973 2858 3334 3015 elles

468 3030 1132 3194 n’eufiènt
1220 3041 1476 3194 fait
1560 3039 1800 3197 des
1904 3050 2708 3227 advances,
2828 3108 3028 3209 ou
3127 3058 3332 3211 du

462 3237 911 3392 moins
994 3235 1095 3392 fi
1134 3240 1467 3394 elles
1498 3244 2375 3408 avoientefté
2418 3255 3118 3442 cruelles,
3218 3259 3339 3412 il

460 3484 745 3632 yen
781 3447 1178 3595 avoit
1213 3440 1961 3654 beaucoup
2045 3450 2221 3604 de
2284 3456 3085 3657 pitoyables
3161 3470 3330 3627 &

451 3637 1364 3840 quelqu'un»
1499 3632 2455 3809 d’effrontées.

670 3834 1315 4003 Ardelife
1342 3842 1751 4000 eftoit
1782 3845 1959 4006 de
1994 3898 2227 4007 ces
2258 3848 2967 4005 dernieres
2994 3858 3335 4029 ,elle

457 4033 845 4188 avoit
877 4038 1009 4187 le
1041 4036 1969 4242 vifagerond,
2021 4050 2157 4191 le
2181 4048 2421 4193 nés
2452 4049 2777 4198 bien
2812 4057 3157 4226 fait,
3184 4054 3329 4207 la

467 4227 1024 4379 bouche
1079 4249 1524 4432 petite
1587 4335 1655 4404 >
1767 4240 1976 4385 les
2043 4283 2416 4427 yeux
2495 4246 3072 4406 brillans
3155 4262 3328 4419 8c

462 4427 818 4594 fins.
926 4434 1071 4579 &
1106 4436 1298 4573 les
1346 4431 1739 4576 traits
1770 4424 2430 4617 délicats,
2498 4442 2638 4595 le
2682 4451 3018 4633 rire,
3057 4455 3323 4654 qui

460 4614 1097 4769 embellit
1140 4664 1457 4777 tout
1488 4614 1625 4771 le
1668 4634 2293 4816 monde,
2332 4638 2797 4797 faifort
2832 4696 3009 4801 en
3040 4654 3317 4802 elle

463 4868 632 4968 un
671 4805 1088 4972 effeft
1135 4866 1452 4974 tout
1475 4830 2259 5016 contraire,
2343 4841 2616 5001 elle
2671 4857 3072 5001 avoir
3103 4850 3312 5003 les

454 5020 1094 5171 cheveux
1154 5020 1486 5173 d’un
1586 5028 2190 5187 chaftain
2289 5037 2746 5211 clair,
2841 5048 2978 5193 le
3033 5041 3330 5203 fein

456 5216 1229 5377 admirable
1292 5313 1341 5389 ,
1408 5222 1541 5375 la
1576 5267 2033 5434 gorge
2080 5331 2128 5403 ,
2196 5235 2401 5389 les
2472 5239 3032 5425 mains,
3144 5254 3309 5415 &

455 5411 655 5568 les
687 5417 999 5567 bras
1035 5415 1359 5574 bien
1395 5419 1727 5578 faits
1778 5489 1835 5625 ;
1911 5430 2187 5583 elle
2251 5442 2655 5591 avoit
2715 5435 2851 5596 la
2919 5446 3323 5598 taille

465 5613 1122 5812 groffiere
1201 5628 1350 5785 &
1421 5622 1714 5776 làns
1785 5621 2026 5785 fon
2097 5636 2570 5845 vifage
2633 5646 3318 5831 onneluy

464 5814 917 5962 auroic
980 5863 1213 6011 pas
1280 5819 1997 6022 pardonné
2076 5827 2325 5988 fon
2408 5889 2696 6015 air,
2764 5842 3073 5994 cela
3140 5842 3313 5995 fit

463 6012 755 6173 dire
814 6058 891 6170 a
954 6015 1147 6176 fes
1214 6029 1923 6206 flatteurs,
2034 6045 2491 6243 quand
2558 6043 2827 6199 elle
2906 6085 3323 6191 com-

1865 6237 2022 6396 A
2813 6289 3326 6455 mença
