4267 7656
2355 461 2527 638 4.
982 628 1290 790 fetis
1338 638 1491 799 &
1526 635 2326 792 d’honneur
2338 673 2778 836 ,quoy
2810 674 3078 835 que
3110 655 3846 813 naturelle¬

977 878 1381 990 ment
1421 839 1525 991 il
1557 832 1853 992 euft
1885 827 2517 990 averfion
2556 877 2921 1037 pour
2953 831 3089 992 la
3120 888 3721 1059 guerre.,

1188 1026 1680 1191 Eftant
1848 1029 2240 1183 donc
2416 1028 2976 1185 devenu
3088 1088 3856 1211 amoureux:

979 1220 1807 1391 d’Ardelife
1895 1225 1995 1385 il
2071 1232 2691 1387 chercha
2759 1226 2959 1379 les
3035 1287 3619 1437 moyens
3678 1255 3863 1411 de

965 1436 1226 1630 luy
1321 1430 2142 1593 descouvrir
2241 1427 2490 1584 fan
2577 1477 3158 1612 amour,
3245 1444 3862 1603 levoifi-

968 1677 1337 1834 nage
1460 1683 1537 1783 a
1664 1637 2065 1789 Paris
2168 1631 2421 1828 luy
2528 1681 2705 1785 en
2820 1626 3425 1793 donnait
3520 1638 3853 1808 allés

967 1819 1960 2002 d’occafîons,
2023 1835 2388 1980 mais
2447 1824 2592 1989 la
2651 1829 3284 2039 legereté
3335 1851 3864 2045 qu’elle

966 2029 1943 2236 tefmoignoit
1990 2078 2179 2183 en
2238 2075 2723 2189 toutes
2774 2038 3267 2193 choses
3314 2045 3559 2242 luy
3594 2046 3863 2203 fai-

961 2220 1246 2378 foit
1401 2233 2382 2436 appréhender
2545 2233 2730 2386 de
2905 2249 3862 2450 s'embarquer

960 2472 1321 2582 avec
1376 2431 1748 2604 elle,
1816 2434 2193 2587 enfin
2228 2483 2413 2587 un
2448 2440 2765 2628 jour
2808 2439 3373 2597 s’eftant
3436 2493 3864 2599 trou¬

959 2629 1144 2781 vé
1243 2623 1584 2780 telle
1651 2684 1736 2784 a
1791 2634 2211 2799 telle,
2263 2623 2372 2792 fi
2447 2648 2580 2828 je
2667 2686 2844 2790 ne
2915 2640 3860 2840 voulois.luy

958 2820 1394 3007 ditil.
1478 2828 2167 2991 Madame
2210 2887 2487 3043 que
2518 2885 2875 2994 vous
2926 2835 3283 2997 faire
3314 2841 3859 3002 fcavoir

953 3076 1233 3233 que
1309 3038 1445 3222 je
1505 3080 1869 3188 vous
1929 3042 2381 3216 aime.
2481 3088 2789 3194 mes
2897 3043 3273 3195 foins
3345 3049 3498 3210 &
3549 3095 3849 3200 mes

948 3230 1532 3434 regards
1660 3284 2024 3394 vous
2092 3287 2352 3399 ont
2432 3233 2776 3394 allés
2852 3238 3080 3399 dit
3156 3292 3328 3397 ce
3376 3293 3652 3442 que
3720 3255 3856 3439 je

947 3428 1255 3581 fens
1326 3483 1687 3639 pour
1739 3489 2203 3619 vous,
2279 3441 2635 3597 mais
2743 3492 3327 3599 comme
3403 3449 3504 3602 il
3551 3446 3863 3604 faut

946 3630 1634 3788 Madame
1693 3688 1974 3841 que
2006 3691 2366 3798 vous
2422 3643 3250 3846 refpondiés
3298 3697 3482 3802 un
3525 3654 3850 3846 jour

949 3872 1037 3981 a
1173 3877 1405 3987 ma
1524 3849 2121 4024 paillon,
2225 3843 2333 3996 il
2401 3840 2589 3993 eft
2661 3839 3409 4005 necessaire
3473 3847 3853 4048 aufly

947 4072 1224 4225 que
1335 4034 1468 4222 je
1540 4031 1680 4184 la
1756 4033 2612 4225 defcouvre,
2687 4053 2840 4210 &
2915 4096 3204 4259 que
3271 4057 3408 4245 je
3475 4098 3852 4210 vous

943 4217 1383 4377 assure
1423 4271 1595 4380 en
1631 4229 2167 4385 mefme
2199 4279 3011 4446 temps,que
3038 4260 3403 4404 và
3442 4255 3855 4403 m’ai-

949 4433 1318 4578 miés
1385 4471 1578 4580 ou
1653 4476 1926 4628 que
1953 4475 2318 4586 vous
2358 4476 2542 4581 ne
2586 4446 3286 4593 m'aimiés
3325 4497 3670 4645 pas,
3713 4451 3850 4643 je

940 4620 1229 4774 fuis
1340 4627 1809 4788 refolu
1896 4625 2081 4782 de
2144 4675 2517 4787 vous
2584 4629 3041 4787 aimer
3116 4680 3537 4798 toute
3608 4695 3853 4804 ma

943 4829 1236 4985 vie.

1162 5025 2011 5185 Oroondate
2114 5068 2531 5219 ayant
2622 5030 2991 5191 celle
3054 5031 3239 5192 de
3294 5046 3847 5249 parler.,

937 5224 1082 5416 je
1117 5273 1478 5382 vous
1517 5234 1974 5388 avoue
2017 5234 2317 5387 Mr.
2353 5225 3078 5437 refpondit
3121 5245 3841 5432 Ardelife,

940 5472 1229 5625 que
1300 5474 1469 5579 ce
1536 5433 1877 5585 n’eft
1940 5478 2185 5630 pas
2260 5435 3357 5637 d’aujourd’huy
3392 5493 3669 5654 que
3700 5459 3841 5643 je

943 5631 1544 5779 connois
1615 5677 1900 5840 que
1959 5682 2324 5790 vous
2403 5641 3139 5824 m’aimés,
3211 5656 3364 5809 &
3435 5691 3832 5858 quoy

934 5872 1231 6029 que
1330 5876 1695 5984 vous
1810 5881 1983 5986 ne
2074 5859 2447 5996 m'en
2514 5838 2847 6033 ayés
2906 5844 3326 6051 point
3430 5851 3823 6054 parlé

937 6025 1609 6225 pluftoft,
1685 6040 1821 6240 je
1889 6046 2205 6235 n'ay
2237 6088 2485 6248 pas
2521 6030 2906 6201 laissé
2957 6043 3133 6204 de
3181 6100 3541 6209 vous
3585 6090 3821 6199 te-

3603 6243 3834 6416 nir
