4267 7647
1580 507 1890 683 13.
1236 876 2468 1066 LETTRE.

381 1283 692 1972 J
689 1279 890 1459 'JE
945 1281 1514 1517 meftois
1549 1287 1838 1459 bien
1897 1329 2622 1514 apperceue
2661 1327 2922 1503 que
2961 1329 3286 1454 mis

778 1534 1147 1698 aviés
1230 1529 1403 1697 de
1478 1519 2019 1747 ÏEfpr'tt
2094 1573 2363 1750 par
2438 1528 2639 1696 les
2734 1573 3211 1691 conver
3210 1613 3287 1653 -

691 1758 1236 1971 fanons
1355 1816 1616 1989 que
1695 1751 2024 1998 j'ay
2147 1813 2388 1933 eue
2455 1815 2800 1936 avec
2879 1814 3208 1935 vous
3231 1877 3296 1969 ,

400 2003 760 2156 mais
816 2002 1157 2223 jene
1204 2001 1757 2229 fçavois
1812 2050 2081 2227 pas
2160 2052 2545 2169 encor
2628 2051 2885 2220 que
2968 2050 3297 2170 vous

393 2216 1137 2443 efcriviffiés
1181 2233 1334 2453 fi
1357 2240 1645 2408 bien
1725 2294 2025 2451 que'
2061 2285 2393 2410 vous
2445 2240 2953 2456 fautes
2993 2242 3030 2462 ,
3133 2241 3301 2462 je

402 2516 735 2691 nay
810 2478 1090 2642 rien
1166 2525 1418 2645 veu
1494 2480 1666 2644 de
1706 2463 1851 2691 fi
1898 2470 2234 2698 jolis
2266 2521 2522 2685 que
2562 2475 2986 2707 vofire
3018 2486 3306 2642 let¬

411 2744 623 2872 tre
699 2698 755 2907 ,
859 2698 1043 2878 &
1099 2717 1271 2942 je
1359 2708 1776 2935 feray
1859 2717 2243 2886 ravie
2319 2688 2643 2876 d'en
2715 2721 3299 2882 recevoir

392 2948 960 3176 fouvent
1084 2953 1252 3118 de
1308 2946 2124 3169 femblables
2168 3001 2204 3141 >
2280 2951 3072 3168 cepandant
3144 2953 3312 3170 je

396 3188 805 3423 feray
913 3198 1205 3366 bien
1313 3188 1597 3420 aife
1729 3191 1905 3359 de
1969 3246 2113 3354 m
2173 3232 2893 3361 entretenir
2969 3241 3317 3366 avec

422 3479 738 3608 vous
781 3422 950 3655 fie
1001 3425 1282 3654 foir
1354 3492 1454 3605 a
1501 3419 1738 3648 fix
1805 3434 2310 3603 heures.

1848 3701 3180 3898 ARDELISE.
656 4121 1233 4330 Crifpin
1300 4172 1477 4280 ne
1540 4161 2153 4323 manqua
2204 4156 2453 4317 pas
2528 4108 2713 4264 de
2748 4107 2885 4263 fe
2932 4150 3325 4265 trou¬

425 4375 678 4488 ver
749 4379 922 4479 au
1005 4320 1926 4494 rendéfvous,
2025 4321 2186 4474 &
2249 4333 2482 4513 s’y
2541 4352 3054 4471 trouva
3133 4357 3318 4466 en

434 4531 838 4692 habit
898 4564 1482 4680 cecent,
1518 4564 1602 4668 c
1630 4511 1870 4667 ’eft
1898 4554 1970 4662 a
2006 4517 2374 4689 dire,
2414 4556 2762 4671 avec
2798 4510 3050 4670 fbn
3094 4509 3326 4670 fac

439 4744 587 4896 &
663 4731 859 4883 lès
963 4721 1587 4934 quilles,
1675 4718 2383 4919 Quinette
2463 4720 2991 4912 l’ayant
3111 4722 3323 4866 in¬

428 4930 968 5088 troduit
1031 4925 1368 5078 dans
1443 4924 1584 5072 le
1623 4922 2204 5074 cabinet
2239 4921 2424 5077 de
2455 4920 2584 5072 là
2616 4910 3332 5071 maiftref-

428 5132 561 5292 fe
596 5139 801 5291 les
836 5117 1213 5290 laissa
1244 5125 1641 5281 seuls.
1680 5118 2181 5306 Voila,
2212 5125 2457 5317 luy
2488 5120 2713 5272 dit
2752 5119 2921 5291 il,
2972 5130 3333 5274 Ma¬

437 5336 946 5506 dame,
1005 5326 1254 5529 luy
1321 5319 2101 5484 monftrant
2173 5369 2345 5481 ce
2381 5319 2717 5529 qu’il
2765 5317 3329 5523 portoit

454 5591 626 5704 ce
682 5534 918 5739 qui
990 5585 1158 5690 ne
1226 5525 1358 5689 fe
1398 5574 1910 5688 trouve
1958 5574 2206 5734 pas
2270 5565 2598 5681 tous
2634 5523 2838 5676 les
2870 5526 3346 5719 jours»

447 5746 963 5904 voulés
1051 5784 1403 5898 vous
1510 5736 1647 5892 le
1703 5729 2447 5912 recevoir,
2550 5732 2691 5924 je
2742 5727 2887 5883 le
2987 5765 3339 5878 veus

455 5943 796 6108 bien
895 5938 1112 6098 dit
1191 5936 2040 6106 Ardelife&
2075 5933 2384 6094 cela
2419 5979 2776 6084 nous
2811 5925 3344 6091 amufe-

455 6155 657 6323 i.
752 6154 1245 6350 Ayant
1308 6144 1685 6317 donc
1756 6133 2209 6315 conté
2280 6133 2489 6305 les
2524 6136 2901 6296 deux
2936 6125 3349 6278 mille

2837 6322 3345 6547 piftol-
