4267 7469
1788 436 2044 600 2Y.

676 619 881 768 La
980 597 1641 811 primiere
1740 592 2156 744 lettre
2264 626 2532 783 que
2648 585 3301 741 Candole

481 807 849 972 avoit
949 798 1349 955 efcrit
1421 845 1501 949 a
1593 779 2225 941 Ardelife
2297 786 2513 938 fur
2565 777 2701 933 le
2737 777 2869 933 fu
2889 788 3081 977 jet
3121 784 3305 932 de

481 999 1374 1173 Caftillante,
1429 993 1666 1189 luy
1697 991 2074 1144 avoit
2113 986 2374 1139 fait
2425 1025 2714 1134 tant
2745 977 2922 1129 de
2969 1024 3314 1180 peur

474 1212 642 1360 de
702 1199 946 1352 fon
1022 1245 1502 1351 retour
1566 1188 2090 1397 qu’elle
2162 1172 3314 1386 l’apprehendoit

491 1446 1063 1556 comme
1151 1394 1287 1550 la
1355 1436 1815 1560 mort,
1915 1395 2063 1548 &
2131 1391 2255 1583 je
2307 1369 2723 1586 penfe
2787 1376 3319 1581 qu’elle

471 1594 1296 1756 fouhaittoit
1403 1593 1580 1737 de
1643 1636 1816 1736 ne
1935 1583 2068 1735 le
2171 1578 2632 1735 revoir
2735 1576 3324 1773 jamais,

480 1794 1256 1996 cepandant
1328 1785 1460 1937 le
1548 1784 1924 1937 bruit
2004 1776 3332 1931 de-l’extremitéou

480 1992 581 2148 il
653 1987 1057 2140 eiloit
1153 2110 1189 2162 ,
1292 1986 1429 2133 la
1501 1984 1761 2133 mit
1825 2027 1993 2128 au
2068 1966 2757 2174 defefpoir
2821 2065 2865 2141 ,
2968 1980 3117 2132 &
3192 1967 3329 2119 la

489 2182 1138 2340 nouvelle
1237 2182 1418 2330 de
1541 2173 1666 2325 fa
1781 2215 2165 2320 mort
2241 2218 2506 2367 que
2565 2173 2802 2357 luy
2877 2172 3342 2321 donna

502 2375 1058 2583 Fefique
1194 2366 1442 2522 fon
1554 2416 1954 2560 amye
2058 2366 2486 2519 faillit
2562 2409 2638 2510 a
2746 2369 2882 2509 la
2982 2364 3334 2516 faire

502 2587 1023 2728 mourir
1098 2570 1371 2718 elle
1462 2560 2043 2731 mefme,
2134 2562 2407 2715 elle
2462 2562 2687 2714 fut
2734 2560 3347 2764 quelque

495 2819 951 2967 temps
1055 2762 1339 2918 fans
1411 2751 2463 2934 connoiffance,
2575 2761 2723 2914 &
2799 2756 3075 2908 elle
3151 2803 3327 2904 ne

500 2975 952 3124 revint
1012 2990 1408 3171 qu’au
1472 3008 1800 3113 nom
1872 2956 2044 3108 de
2116 2950 2780 3117 Mirelle,
2888 2964 3316 3157 qu’on

496 3172 737 3356 luy
804 3163 1009 3319 dit
1080 3153 1417 3362 qu’il
1480 3165 1721 3357 luy
1788 3155 2345 3308 vouloit
2384 3149 2929 3354 parler,
3028 3155 3349 3308 Mi¬

505 3363 841 3516 relle
949 3358 1353 3514 eftoit
1425 3353 1569 3513 le
1645 3352 2333 3561 principal
2397 3349 3113 3502 confident
3169 3355 3345 3504 de

525 3558 1238 3726 Candole,
1294 3561 1530 3750 qui
1570 3551 2298 3757 apportoit
2342 3598 2418 3702 a
2465 3548 3118 3702 Ardelife
3157 3551 3342 3700 de

514 3756 647 3904 la
718 3795 1019 3959 part
1094 3754 1267 3906 de
1338 3709 1579 3902 îon
1674 3747 2251 3912 Maiftre
2290 3746 2419 3895 la
2498 3746 3351 3944 lettre,qu’il

527 3956 763 4144 luy
827 3950 1207 4102 avoit
1283 3941 1839 4101 efcritte
1915 3991 2083 4096 en
2155 3985 2875 4121 mourant,
2979 3956 3127 4100 &
3219 3943 3363 4092 la

535 4143 1088 4300 cassette
1147 4190 1336 4294 ou
1395 4145 1496 4289 il
1559 4140 2320 4291 enfermoit
2391 4134 2588 4290 les
2623 4137 3104 4285 lettres
3187 4147 3352 4304 &

540 4384 1000 4492 toutes
1104 4334 1300 4490 les
1384 4385 1820 4489 autres
1884 4336 2428 4484 faveurs
2528 4333 2900 4542 qu’il
2964 4343 3360 4488 avoir

545 4588 709 4684 eu
773 4526 1273 4690 d’elle,
1369 4577 1753 4733 apres
1817 4531 2209 4680 avoir
2289 4534 2613 4683 bien
2705 4533 2929 4685 leu
2985 4579 3373 4688 cette

549 4727 1150 4884 derniere
1249 4722 1662 4881 lettre
1726 4852 1758 4900 ,
1893 4727 2170 4880 elle
2245 4722 2382 4879 fe
2481 4729 2746 4878 mit
2809 4777 2886 4877 a
2957 4736 3366 4924 pleu¬

546 4975 750 5080 rer
814 4923 1126 5127 plus
1210 4918 1494 5077 fort
1558 4936 2682 5129 qu’auparavant,
2726 4929 2850 5073 la
2902 4936 3366 5081 Com¬

555 5111 867 5276 tesse
935 5122 1175 5315 qui
1259 5169 1423 5266 ne
1502 5129 1631 5277 la
1691 5131 2287 5324 quittoit
2363 5122 2767 5318 point
2810 5121 3139 5273 dans
3203 5175 3387 5276 un

579 5319 899 5476 eftat
967 5366 1075 5471 u
1131 5316 2048 5522 déplorable,
2095 5315 2336 5511 luy
2387 5316 3380 5521 propofapour

568 5507 1072 5664 amufer
1224 5518 1356 5666 fa
1508 5516 2092 5669 douleur
2228 5506 2848 5674 d’ouvrir
3008 5563 3396 5671 cette

572 5711 1169 5878 cafette,
1260 5762 1441 5865 ou
1500 5720 1837 5872 elles
1928 5759 2745 5869 trouvèrent
2800 5715 3381 5868 d’abord

573 5956 757 6060 un
917 5909 1649 6069 mouchoir
1785 5926 2365 6115 marqué
2493 5914 2677 6070 de
2777 5909 3106 6116 fang
3201 5963 3381 6067 en

1978 6119 2098 6268 B
2210 6167 2286 6315 3
3002 6119 3406 6316 quel-
