4267 7647
1610 448 1874 612 LZ.

359 666 695 796 vous
759 617 955 777 eft
991 651 1239 820 pas
1271 654 1711 767 encor
1767 633 2500 788 conneüe,
2595 646 2835 759 car
2867 601 2975 754 il
3007 653 3100 797 y
3155 652 3239 760 a

344 836 1165 1035 longtemps
1200 862 1477 1023 que
1524 821 1653 1017 je
1680 859 2036 973 vous
2068 814 2509 988 aime,
2588 811 2741 971 &
2792 806 2920 994 je
2956 801 3232 957 fuis

345 1026 706 1192 défia
765 1077 942 1186 en
977 1028 1154 1180 de
1197 1011 2518 1227 grandesadvances
2561 1011 2742 1164 de
2781 1002 3238 1192 foins,

346 1238 691 1396 mais
790 1276 1187 1437 apres
1270 1225 1803 1381 m'eftre
1858 1222 2791 1379 entièrement
2854 1205 3243 1366 don¬

347 1435 520 1592 né
567 1486 644 1591 a
675 1484 1048 1598 vous
1095 1435 1192 1584 il
1235 1423 1540 1591 faut
1599 1480 1860 1637 que
1927 1431 2060 1627 je
2127 1473 2492 1582 vous
2535 1412 3244 1576 demande

340 1644 477 1796 la
513 1637 1521 1795 confirmation
1568 1633 1745 1789 de
1777 1679 2113 1784 mon
2144 1625 2533 1804 bail,
2569 1620 3245 1817 o&royés

341 1844 486 2000 la
558 1889 910 2029 moy
985 1848 1118 2024 je
1194 1885 1558 1999 vous
1625 1830 2178 2040 fupplie
2245 1837 2394 1997 &
2442 1824 3250 2026 remarqués

343 2055 935 2244 qu’avec
1035 2036 1239 2191 les
1303 2037 1715 2191 mille
1791 2035 2263 2188 francs
2299 2077 2379 2185 a
2427 2074 2812 2232 quoy
2883 2060 3251 2178 vous

352 2241 900 2390 m’avéz
940 2235 1369 2415 taxé,
1488 2245 1620 2426 je
1684 2274 2048 2385 vous
2080 2274 2252 2374 en
2292 2225 2768 2385 donne
2804 2269 3244 2378 encor

353 2430 706 2592 neuf
761 2480 1134 2642 pour
1201 2430 1546 2587 eftre
1613 2428 1958 2584 bien
2033 2468 2534 2630 auprès
2581 2427 2758 2579 de
2793 2473 3254 2596 vous,

350 2683 583 2792 car
654 2682 827 2790 ce
886 2683 1163 2841 que
1214 2639 1347 2831 je
1410 2680 1767 2790 vous
1810 2679 1983 2827 ay
2022 2626 2239 2783 dit
2274 2625 2455 2781 de
2498 2671 2803 2783 mes
2842 2668 3251 2817 amys

351 2851 580 2995 n’a
679 2837 956 2994 efté
1027 2883 1308 3040 que
1395 2884 1768 3042 pour
1859 2875 2508 3037 tromper
2559 2874 2936 2980 ceux
3003 2824 3256 3029 qui

348 3039 941 3192 eftoient
1000 3036 1293 3231 icy.
1372 3054 1541 3230 Je
1572 3083 1937 3193 vous
1980 3082 2441 3195 avoue
2512 3021 3261 3189 Monfieur

358 3235 1078 3443 refpondit
1110 3243 1478 3422 elle,
1514 3288 1790 3445 que
1865 3247 2006 3431 je
2050 3286 2222 3394 ne
2262 3287 2618 3393 vous
2669 3230 2802 3387 ai
2837 3233 3266 3434 point

355 3491 607 3607 cru
691 3488 1471 3595 amoureux
1530 3440 2079 3636 jufques
2146 3450 2391 3621 icy
2451 3442 3275 3632 qu’aujour-

351 3639 880 3842 d’huy,
916 3688 1088 3797 ce
1124 3634 1476 3794 n’eft
1520 3680 1772 3841 pas
1804 3679 2084 3844 que
2143 3638 2280 3826 je
2336 3648 3280 3828 n'ayeremar¬

357 3850 629 4048 qué
701 3848 1397 4002 certaines
1481 3837 1937 3994 mines
2041 3882 2217 3991 en
2321 3879 2685 3993 vous
2757 3825 3005 4031 qui
3037 3872 3277 3977 me

354 4042 1007 4212 faifoient
1102 4043 2015 4242 foubçonner
2082 4032 2698 4242 quelque
2794 4024 3275 4204 chofe,

363 4246 716 4400 mais
787 4257 924 4450 je
983 4248 1252 4400 fuis
1315 4241 2072 4394 tellement
2107 4233 2768 4389 rebuttée
2803 4226 2988 4378 de
3031 4272 3276 4381 ces

360 4451 949 4655 façons,
1024 4452 1173 4604 8c
1212 4447 1425 4595 les
1500 4437 2045 4640 foupirs
2088 4441 2245 4598 &
2280 4433 2485 4585 les
2520 4428 3273 4635 langueurs

357 4655 678 4804 font
741 4697 810 4798 a
921 4691 1266 4793 mon
1365 4641 1626 4838 gré
1733 4687 2006 4788 une
2081 4626 2194 4786 fi
2265 4682 2798 4841 pauvre
2901 4680 3286 4789 mar¬

359 4841 1003 5008 chandée
1066 4847 1219 5008 &
1290 4825 2171 4995 defifoibles
2246 4884 2903 5044 marques
2986 4833 3291 4993 d’a¬

380 5098 792 5208 mour
856 5092 1132 5257 que
1211 5039 1312 5203 fi
1384 5088 1748 5198 vous
1824 5037 2488 5196 n’eufiiés
2568 5042 2868 5240 pris
2932 5081 3284 5197 avec

377 5298 726 5446 moy
793 5296 1069 5405 une
1149 5245 1889 5407 corduitte
1933 5246 2253 5447 plus
2300 5238 2877 5397 honefte
2909 5272 3285 5394 vous

378 5450 870 5611 euffiés
938 5447 1386 5657 perdu
1438 5496 1706 5614 vos
1774 5451 2266 5660 peines
2334 5487 2758 5601 toute
2814 5436 3290 5626 vpftre

379 5663 716 5838 vie,
827 5704 1184 5857 pour
1239 5706 1412 5814 ce
1519 5652 1760 5869 qui
1879 5654 2080 5815 eft
2171 5648 3043 5805 maintenant
3111 5640 3295 5793 de

388 5855 1521 6018 reconnoiflance
1600 5907 1965 6017 vous
2044 5854 2485 6014 devés
2512 5850 2985 6008 croire
3012 5892 3297 6057 que

389 6059 690 6223 l’on
749 6057 946 6225 eft
1037 6111 1286 6276 pas
1377 6065 1786 6280 loing
1901 6063 2498 6231 d’aimer
2561 6045 3034 6272 quand
3097 6096 3294 6197 on

3089 6245 3316 6406 eſt
