<?xml version="1.0" encoding="UTF-8" standalone="yes"?>
<PcGts xmlns="http://schema.primaresearch.org/PAGE/gts/pagecontent/2013-07-15" xmlns:xsi="http://www.w3.org/2001/XMLSchema-instance" xsi:schemaLocation="http://schema.primaresearch.org/PAGE/gts/pagecontent/2013-07-15 http://schema.primaresearch.org/PAGE/gts/pagecontent/2013-07-15/pagecontent.xsd">
    <Metadata>
        <Creator></Creator>
        <Created>2018-12-28T17:44:06.02+01:00</Created>
        <LastChange>2019-04-09T12:23:31.456+02:00</LastChange>
        <Comments>
                Measurement unit: pixel
                PrimaryLanguage: English
                Language: FrenchStandard
                Producer: ABBYY FineReader Engine 11</Comments>
        <TranskribusMetadata docId="146124" pageId="5420351" pageNr="34" tsid="9064920" status="DONE" userId="10612" imgUrl="https://files.transkribus.eu/Get?id=MLCUGRIANURYNNBMOZOUPCII&amp;fileType=view" xmlUrl="https://files.transkribus.eu/Get?id=AITMZSFDIFENFFTGCEUABBHV" imageId="2073229"/>
    </Metadata>
    <Page imageFilename="Bussy1665_Histoire_corrected_0034.png" imageWidth="4267" imageHeight="7612">
        <PrintSpace>
            <Coords points="32,368 4267,368 4275,6429 40,6429"/>
        </PrintSpace>
        <ReadingOrder>
            <OrderedGroup id="ro_1604217808013" caption="Regions reading order">
                <RegionRefIndexed index="0" regionRef="region_1554805379249_982"/>
                <RegionRefIndexed index="1" regionRef="r_1_1"/>
                <RegionRefIndexed index="2" regionRef="r_1_2"/>
                <RegionRefIndexed index="3" regionRef="r_1_3"/>
                <RegionRefIndexed index="7" regionRef="region_1546015656558_6812"/>
            </OrderedGroup>
        </ReadingOrder>
        <TextRegion id="region_1554805379249_982" custom="readingOrder {index:0;}">
            <Coords points="2304,445 2303,583 2577,583 2578,445"/>
            <TextLine id="line_1554805379423_985" custom="readingOrder {index:0;}">
                <Coords points="2306,445 2580,445 2577,583 2303,583"/>
                <Baseline points="2303,578 2577,578"/>
                <TextEquiv>
                    <Unicode>22.</Unicode>
                </TextEquiv>
            </TextLine>
            <TextEquiv>
                <Unicode>22.</Unicode>
            </TextEquiv>
        </TextRegion>
        <TextRegion type="paragraph" id="r_1_1" custom="readingOrder {index:1;}">
            <Coords points="1024,585 3885,585 3885,866 1024,866"/>
            <TextLine id="tl_1" primaryLanguage="English" custom="readingOrder {index:0;}">
                <Coords points="1025,586 3881,586 3881,865 1025,865"/>
                <Baseline points="1026,763 1456,757 1863,759 2004,757 2466,793 2644,760 3188,789 3290,818 3499,798 3870,792"/>
                <Word id="w_w2aab1b1b2b1b1ab1" language="English" custom="readingOrder {index:0;}">
                    <Coords points="1026,599 1456,599 1456,809 1026,809"/>
                    <TextEquiv>
                        <Unicode>efprit</Unicode>
                    </TextEquiv>
                    <TextStyle fontFamily="Times New Roman" fontSize="7.5"/>
                </Word>
                <Word id="w_w2aab1b1b2b1b1ac15" language="English" custom="readingOrder {index:1;}">
                    <Coords points="1530,646 1863,646 1863,763 1530,763"/>
                    <TextEquiv>
                        <Unicode>tour</Unicode>
                    </TextEquiv>
                    <TextStyle fontFamily="Times New Roman" fontSize="7.5"/>
                </Word>
                <Word id="w_w2aab1b1b2b1b1ac25" language="English" custom="readingOrder {index:2;}">
                    <Coords points="1918,648 2004,648 2004,757 1918,757"/>
                    <TextEquiv>
                        <Unicode>a</Unicode>
                    </TextEquiv>
                    <TextStyle fontFamily="Times New Roman" fontSize="7.5"/>
                </Word>
                <Word id="w_w2aab1b1b2b1b1ac29" language="English" custom="readingOrder {index:3;}">
                    <Coords points="2058,642 2466,642 2466,793 2058,793"/>
                    <TextEquiv>
                        <Unicode>tour,</Unicode>
                    </TextEquiv>
                    <TextStyle fontFamily="Times New Roman" fontSize="7.5"/>
                </Word>
                <Word id="w_w2aab1b1b2b1b1ac41" language="English" custom="readingOrder {index:4;}">
                    <Coords points="2506,610 2644,610 2644,760 2506,760"/>
                    <TextEquiv>
                        <Unicode>le</Unicode>
                    </TextEquiv>
                    <TextStyle fontFamily="Times New Roman" fontSize="7.5"/>
                </Word>
                <Word id="w_w2aab1b1b2b1b1ac47" language="English" custom="readingOrder {index:5;}">
                    <Coords points="2678,612 3188,612 3188,789 2678,789"/>
                    <TextEquiv>
                        <Unicode>billard</Unicode>
                    </TextEquiv>
                    <TextStyle fontFamily="Times New Roman" fontSize="7.5"/>
                </Word>
                <Word id="w_w2aab1b1b2b1b1ac63" language="English" custom="readingOrder {index:6;}">
                    <Coords points="3257,762 3290,762 3290,818 3257,818"/>
                    <TextEquiv>
                        <Unicode>,</Unicode>
                    </TextEquiv>
                    <TextStyle fontFamily="Times New Roman" fontSize="7.5"/>
                </Word>
                <Word id="w_w2aab1b1b2b1b1ac67" language="English" custom="readingOrder {index:7;}">
                    <Coords points="3365,640 3499,640 3499,798 3365,798"/>
                    <TextEquiv>
                        <Unicode>la</Unicode>
                    </TextEquiv>
                    <TextStyle fontFamily="Times New Roman" fontSize="7.5"/>
                </Word>
                <Word id="w_w2aab1b1b2b1b1ac73" language="English" custom="readingOrder {index:8;}">
                    <Coords points="3536,698 3870,698 3870,856 3536,856"/>
                    <TextEquiv>
                        <Unicode>pau-</Unicode>
                    </TextEquiv>
                    <TextStyle fontFamily="Times New Roman" fontSize="7.5"/>
                </Word>
                <TextEquiv>
                    <Unicode>eſprit tour a tour, le billard, la pau¬</Unicode>
                </TextEquiv>
                <TextStyle fontFamily="Times New Roman" fontSize="7.5"/>
            </TextLine>
            <TextEquiv>
                <Unicode>eſprit tour a tour, le billard, la pau¬</Unicode>
            </TextEquiv>
        </TextRegion>
        <TextRegion type="paragraph" id="r_1_2" custom="readingOrder {index:2;}">
            <Coords points="979,785 3909,786 3909,5668 979,5667"/>
            <TextLine id="tl_2" primaryLanguage="English" custom="readingOrder {index:0;}">
                <Coords points="1034,786 3865,786 3865,1020 1034,1020"/>
                <Baseline points="1034,956 1375,979 1592,955 2167,992 2352,967 3225,997 3864,1016"/>
                <Word id="w_w2aab1b1b2b3b1ab1" language="English" custom="readingOrder {index:0;}">
                    <Coords points="1034,850 1375,850 1375,979 1034,979"/>
                    <TextEquiv>
                        <Unicode>me,</Unicode>
                    </TextEquiv>
                    <TextStyle fontFamily="Times New Roman" fontSize="7.5"/>
                </Word>
                <Word id="w_w2aab1b1b2b3b1ab9" language="English" custom="readingOrder {index:1;}">
                    <Coords points="1455,805 1592,805 1592,955 1455,955"/>
                    <TextEquiv>
                        <Unicode>la</Unicode>
                    </TextEquiv>
                    <TextStyle fontFamily="Times New Roman" fontSize="7.5"/>
                </Word>
                <Word id="w_w2aab1b1b2b3b1ac15" language="English" custom="readingOrder {index:2;}">
                    <Coords points="1634,801 2167,801 2167,992 1634,992"/>
                    <TextEquiv>
                        <Unicode>chalTe,</Unicode>
                    </TextEquiv>
                    <TextStyle fontFamily="Times New Roman" fontSize="7.5"/>
                </Word>
                <Word id="w_w2aab1b1b2b3b1ac31" language="English" custom="readingOrder {index:3;}">
                    <Coords points="2219,813 2352,813 2352,967 2219,967"/>
                    <TextEquiv>
                        <Unicode>la</Unicode>
                    </TextEquiv>
                    <TextStyle fontFamily="Times New Roman" fontSize="7.5"/>
                </Word>
                <Word id="w_w2aab1b1b2b3b1ac37" language="English" custom="readingOrder {index:4;}">
                    <Coords points="2399,823 3225,823 3225,997 2399,997"/>
                    <TextEquiv>
                        <Unicode>comedie&amp;</Unicode>
                    </TextEquiv>
                    <TextStyle fontFamily="Times New Roman" fontSize="7.5"/>
                </Word>
                <Word id="w_w2aab1b1b2b3b1ac55" language="English" custom="readingOrder {index:5;}">
                    <Coords points="3270,838 3864,838 3864,1016 3270,1016"/>
                    <TextEquiv>
                        <Unicode>ladanee</Unicode>
                    </TextEquiv>
                    <TextStyle fontFamily="Times New Roman" fontSize="7.5"/>
                </Word>
                <TextEquiv>
                    <Unicode>me, la chaſſe, la comedie &amp; la dance</Unicode>
                </TextEquiv>
                <TextStyle fontFamily="Times New Roman" fontSize="7.5"/>
            </TextLine>
            <TextLine id="tl_3" primaryLanguage="English" custom="readingOrder {index:1;}">
                <Coords points="1018,990 3866,990 3866,1256 1018,1256"/>
                <Baseline points="1019,1159 1645,1160 2253,1162 2629,1164 3145,1184 3864,1232"/>
                <Word id="w_w2aab1b1b2b3b3ab1" language="English" custom="readingOrder {index:0;}">
                    <Coords points="1019,1047 1645,1047 1645,1196 1019,1196"/>
                    <TextEquiv>
                        <Unicode>avoyent</Unicode>
                    </TextEquiv>
                    <TextStyle fontFamily="Times New Roman" fontSize="7.5"/>
                </Word>
                <Word id="w_w2aab1b1b2b3b3ac17" language="English" custom="readingOrder {index:1;}">
                    <Coords points="1703,1002 2253,1002 2253,1164 1703,1164"/>
                    <TextEquiv>
                        <Unicode>chacun</Unicode>
                    </TextEquiv>
                    <TextStyle fontFamily="Times New Roman" fontSize="7.5"/>
                </Word>
                <Word id="w_w2aab1b1b2b3b3ac31" language="English" custom="readingOrder {index:2;}">
                    <Coords points="2319,1011 2629,1011 2629,1170 2319,1170"/>
                    <TextEquiv>
                        <Unicode>leur</Unicode>
                    </TextEquiv>
                    <TextStyle fontFamily="Times New Roman" fontSize="7.5"/>
                </Word>
                <Word id="w_w2aab1b1b2b3b3ac41" language="English" custom="readingOrder {index:3;}">
                    <Coords points="2691,1057 3145,1057 3145,1223 2691,1223"/>
                    <TextEquiv>
                        <Unicode>temps</Unicode>
                    </TextEquiv>
                    <TextStyle fontFamily="Times New Roman" fontSize="7.5"/>
                </Word>
                <Word id="w_w2aab1b1b2b3b3ac53" language="English" custom="readingOrder {index:4;}">
                    <Coords points="3171,1050 3864,1050 3864,1254 3171,1254"/>
                    <TextEquiv>
                        <Unicode>avecluy,</Unicode>
                    </TextEquiv>
                    <TextStyle fontFamily="Times New Roman" fontSize="7.5"/>
                </Word>
                <TextEquiv>
                    <Unicode>avoyent chacun leur temps avec luy,</Unicode>
                </TextEquiv>
                <TextStyle fontFamily="Times New Roman" fontSize="7.5"/>
            </TextLine>
            <TextLine id="tl_4" primaryLanguage="English" custom="readingOrder {index:2;}">
                <Coords points="1020,1186 3866,1186 3866,1412 1020,1412"/>
                <Baseline points="1020,1359 1578,1359 2034,1362 2286,1362 2902,1368 3281,1390 3418,1396 3865,1412"/>
                <Word id="w_w2aab1b1b2b3b5ab1" language="English" custom="readingOrder {index:0;}">
                    <Coords points="1020,1197 1578,1197 1578,1359 1020,1359"/>
                    <TextEquiv>
                        <Unicode>c’eftoit</Unicode>
                    </TextEquiv>
                    <TextStyle fontFamily="Times New Roman" fontSize="7.5"/>
                </Word>
                <Word id="w_w2aab1b1b2b3b5ac19" language="English" custom="readingOrder {index:1;}">
                    <Coords points="1660,1205 2034,1205 2034,1362 1660,1362"/>
                    <TextEquiv>
                        <Unicode>alors</Unicode>
                    </TextEquiv>
                    <TextStyle fontFamily="Times New Roman" fontSize="7.5"/>
                </Word>
                <Word id="w_w2aab1b1b2b3b5ac31" language="English" custom="readingOrder {index:2;}">
                    <Coords points="2080,1215 2286,1215 2286,1369 2080,1369"/>
                    <TextEquiv>
                        <Unicode>les</Unicode>
                    </TextEquiv>
                    <TextStyle fontFamily="Times New Roman" fontSize="7.5"/>
                </Word>
                <Word id="w_w2aab1b1b2b3b5ac39" language="English" custom="readingOrder {index:3;}">
                    <Coords points="2316,1213 2902,1213 2902,1371 2316,1371"/>
                    <TextEquiv>
                        <Unicode>loteries</Unicode>
                    </TextEquiv>
                    <TextStyle fontFamily="Times New Roman" fontSize="7.5"/>
                </Word>
                <Word id="w_w2aab1b1b2b3b5ac57" language="English" custom="readingOrder {index:4;}">
                    <Coords points="2936,1229 3281,1229 3281,1390 2936,1390"/>
                    <TextEquiv>
                        <Unicode>dont</Unicode>
                    </TextEquiv>
                    <TextStyle fontFamily="Times New Roman" fontSize="7.5"/>
                </Word>
                <Word id="w_w2aab1b1b2b3b5ac67" language="English" custom="readingOrder {index:5;}">
                    <Coords points="3320,1239 3418,1239 3418,1396 3320,1396"/>
                    <TextEquiv>
                        <Unicode>il</Unicode>
                    </TextEquiv>
                    <TextStyle fontFamily="Times New Roman" fontSize="7.5"/>
                </Word>
                <Word id="w_w2aab1b1b2b3b5ac73" language="English" custom="readingOrder {index:6;}">
                    <Coords points="3452,1250 3865,1250 3865,1412 3452,1412"/>
                    <TextEquiv>
                        <Unicode>eftoit</Unicode>
                    </TextEquiv>
                    <TextStyle fontFamily="Times New Roman" fontSize="7.5"/>
                </Word>
                <TextEquiv>
                    <Unicode>c’eſtoit alors les loteriés dont il eſtoit</Unicode>
                </TextEquiv>
                <TextStyle fontFamily="Times New Roman" fontSize="7.5"/>
            </TextLine>
            <TextLine id="tl_5" primaryLanguage="English" custom="readingOrder {index:3;}">
                <Coords points="1016,1386 3901,1390 3901,1665 1016,1661"/>
                <Baseline points="1016,1611 1753,1590 1971,1573 2402,1564 3106,1579 3863,1608"/>
                <Word id="w_w2aab1b1b2b3b7ab1" language="English" custom="readingOrder {index:0;}">
                    <Coords points="1016,1402 1753,1402 1753,1611 1016,1611"/>
                    <TextEquiv>
                        <Unicode>queftion,</Unicode>
                    </TextEquiv>
                    <TextStyle fontFamily="Times New Roman" fontSize="7.5"/>
                </Word>
                <Word id="w_w2aab1b1b2b3b7ac21" language="English" custom="readingOrder {index:1;}">
                    <Coords points="1821,1419 1971,1419 1971,1573 1821,1573"/>
                    <TextEquiv>
                        <Unicode>&amp;</Unicode>
                    </TextEquiv>
                    <TextStyle fontFamily="Times New Roman" fontSize="7.5"/>
                </Word>
                <Word id="w_w2aab1b1b2b3b7ac25" language="English" custom="readingOrder {index:2;}">
                    <Coords points="2049,1416 2402,1416 2402,1572 2049,1572"/>
                    <TextEquiv>
                        <Unicode>elles</Unicode>
                    </TextEquiv>
                    <TextStyle fontFamily="Times New Roman" fontSize="7.5"/>
                </Word>
                <Word id="w_w2aab1b1b2b3b7ac37" language="English" custom="readingOrder {index:3;}">
                    <Coords points="2473,1411 3106,1411 3106,1615 2473,1615"/>
                    <TextEquiv>
                        <Unicode>eftoyent</Unicode>
                    </TextEquiv>
                    <TextStyle fontFamily="Times New Roman" fontSize="7.5"/>
                </Word>
                <Word id="w_w2aab1b1b2b3b7ac55" language="English" custom="readingOrder {index:4;}">
                    <Coords points="3145,1442 3870,1442 3870,1629 3145,1629"/>
                    <TextEquiv>
                        <Unicode>tellement</Unicode>
                    </TextEquiv>
                    <TextStyle fontFamily="Times New Roman" fontSize="7.5"/>
                </Word>
                <TextEquiv>
                    <Unicode>queſtion, &amp; elles eſtoyent tellement</Unicode>
                </TextEquiv>
            </TextLine>
            <TextLine id="tl_6" primaryLanguage="English" custom="readingOrder {index:4;}">
                <Coords points="1017,1590 3876,1590 3876,1840 1017,1840"/>
                <Baseline points="1018,1755 1099,1755 1303,1750 1823,1755 2195,1765 2843,1767 3083,1779 3607,1792 3875,1804"/>
                <Word id="w_w2aab1b1b2b3b9ab1" language="English" custom="readingOrder {index:0;}">
                    <Coords points="1018,1646 1099,1646 1099,1755 1018,1755"/>
                    <TextEquiv>
                        <Unicode>a</Unicode>
                    </TextEquiv>
                    <TextStyle fontFamily="Times New Roman" fontSize="7.5"/>
                </Word>
                <Word id="w_w2aab1b1b2b3b9ab5" language="English" custom="readingOrder {index:1;}">
                    <Coords points="1162,1608 1303,1608 1303,1753 1162,1753"/>
                    <TextEquiv>
                        <Unicode>la</Unicode>
                    </TextEquiv>
                    <TextStyle fontFamily="Times New Roman" fontSize="7.5"/>
                </Word>
                <Word id="w_w2aab1b1b2b3b9ac11" language="English" custom="readingOrder {index:2;}">
                    <Coords points="1382,1604 1823,1604 1823,1755 1382,1755"/>
                    <TextEquiv>
                        <Unicode>mode</Unicode>
                    </TextEquiv>
                    <TextStyle fontFamily="Times New Roman" fontSize="7.5"/>
                </Word>
                <Word id="w_w2aab1b1b2b3b9ac21" language="English" custom="readingOrder {index:3;}">
                    <Coords points="1917,1660 2195,1660 2195,1810 1917,1810"/>
                    <TextEquiv>
                        <Unicode>que</Unicode>
                    </TextEquiv>
                    <TextStyle fontFamily="Times New Roman" fontSize="7.5"/>
                </Word>
                <Word id="w_w2aab1b1b2b3b9ac29" language="English" custom="readingOrder {index:4;}">
                    <Coords points="2290,1612 2843,1612 2843,1774 2290,1774"/>
                    <TextEquiv>
                        <Unicode>chacun</Unicode>
                    </TextEquiv>
                    <TextStyle fontFamily="Times New Roman" fontSize="7.5"/>
                </Word>
                <Word id="w_w2aab1b1b2b3b9ac43" language="English" custom="readingOrder {index:5;}">
                    <Coords points="2905,1676 3083,1676 3083,1779 2905,1779"/>
                    <TextEquiv>
                        <Unicode>en</Unicode>
                    </TextEquiv>
                    <TextStyle fontFamily="Times New Roman" fontSize="7.5"/>
                </Word>
                <Word id="w_w2aab1b1b2b3b9ac49" language="English" custom="readingOrder {index:6;}">
                    <Coords points="3149,1628 3607,1628 3607,1792 3149,1792"/>
                    <TextEquiv>
                        <Unicode>faifoit</Unicode>
                    </TextEquiv>
                    <TextStyle fontFamily="Times New Roman" fontSize="7.5"/>
                </Word>
                <Word id="w_w2aab1b1b2b3b9ac65" language="English" custom="readingOrder {index:7;}">
                    <Coords points="3661,1652 3875,1652 3875,1804 3661,1804"/>
                    <TextEquiv>
                        <Unicode>les</Unicode>
                    </TextEquiv>
                    <TextStyle fontFamily="Times New Roman" fontSize="7.5"/>
                </Word>
                <TextEquiv>
                    <Unicode>a la mode que chacun en faiſoit les</Unicode>
                </TextEquiv>
                <TextStyle fontFamily="Times New Roman" fontSize="7.5"/>
            </TextLine>
            <TextLine id="tl_7" primaryLanguage="English" custom="readingOrder {index:5;}">
                <Coords points="1018,1786 3877,1786 3877,2040 1018,2040"/>
                <Baseline points="1018,1951 1288,1942 2036,1962 2320,1963 2848,1975 3100,1979 3648,1992 3876,2012"/>
                <Word id="w_w2aab1b1b2b3c11ab1" language="English" custom="readingOrder {index:0;}">
                    <Coords points="1018,1838 1288,1838 1288,1951 1018,1951"/>
                    <TextEquiv>
                        <Unicode>uns</Unicode>
                    </TextEquiv>
                    <TextStyle fontFamily="Times New Roman" fontSize="7.5"/>
                </Word>
                <Word id="w_w2aab1b1b2b3c11ab9" language="English" custom="readingOrder {index:1;}">
                    <Coords points="1374,1791 2036,1791 2036,2006 1374,2006"/>
                    <TextEquiv>
                        <Unicode>d’argent</Unicode>
                    </TextEquiv>
                    <TextStyle fontFamily="Times New Roman" fontSize="7.5"/>
                </Word>
                <Word id="w_w2aab1b1b2b3c11ac27" language="English" custom="readingOrder {index:2;}">
                    <Coords points="2110,1807 2320,1807 2320,1963 2110,1963"/>
                    <TextEquiv>
                        <Unicode>les</Unicode>
                    </TextEquiv>
                    <TextStyle fontFamily="Times New Roman" fontSize="7.5"/>
                </Word>
                <Word id="w_w2aab1b1b2b3c11ac35" language="English" custom="readingOrder {index:3;}">
                    <Coords points="2390,1863 2848,1863 2848,1975 2390,1975"/>
                    <TextEquiv>
                        <Unicode>autres</Unicode>
                    </TextEquiv>
                    <TextStyle fontFamily="Times New Roman" fontSize="7.5"/>
                </Word>
                <Word id="w_w2aab1b1b2b3c11ac49" language="English" custom="readingOrder {index:4;}">
                    <Coords points="2922,1825 3100,1825 3100,1982 2922,1982"/>
                    <TextEquiv>
                        <Unicode>de</Unicode>
                    </TextEquiv>
                    <TextStyle fontFamily="Times New Roman" fontSize="7.5"/>
                </Word>
                <Word id="w_w2aab1b1b2b3c11ac55" language="English" custom="readingOrder {index:5;}">
                    <Coords points="3146,1832 3648,1832 3648,2015 3146,2015"/>
                    <TextEquiv>
                        <Unicode>bijoux</Unicode>
                    </TextEquiv>
                    <TextStyle fontFamily="Times New Roman" fontSize="7.5"/>
                </Word>
                <Word id="w_w2aab1b1b2b3c11ac69" language="English" custom="readingOrder {index:6;}">
                    <Coords points="3722,1853 3876,1853 3876,2012 3722,2012"/>
                    <TextEquiv>
                        <Unicode>&amp;</Unicode>
                    </TextEquiv>
                    <TextStyle fontFamily="Times New Roman" fontSize="7.5"/>
                </Word>
                <TextEquiv>
                    <Unicode>uns d’argent les autres de bijoux &amp;</Unicode>
                </TextEquiv>
                <TextStyle fontFamily="Times New Roman" fontSize="7.5"/>
            </TextLine>
            <TextLine id="tl_8" primaryLanguage="English" custom="readingOrder {index:6;}">
                <Coords points="1011,1986 3885,1986 3885,2204 1011,2204"/>
                <Baseline points="1011,2151 1201,2149 1968,2161 2582,2175 2737,2174 2969,2181 3501,2194 3884,2200"/>
                <Word id="w_w2aab1b1b2b3c13ab1" language="English" custom="readingOrder {index:0;}">
                    <Coords points="1011,1990 1201,1990 1201,2151 1011,2151"/>
                    <TextEquiv>
                        <Unicode>de</Unicode>
                    </TextEquiv>
                    <TextStyle fontFamily="Times New Roman" fontSize="7.5"/>
                </Word>
                <Word id="w_w2aab1b1b2b3c13ab7" language="English" custom="readingOrder {index:1;}">
                    <Coords points="1271,2007 1968,2007 1968,2162 1271,2162"/>
                    <TextEquiv>
                        <Unicode>meubles.</Unicode>
                    </TextEquiv>
                    <TextStyle fontFamily="Times New Roman" fontSize="7.5"/>
                </Word>
                <Word id="w_w2aab1b1b2b3c13ac25" language="English" custom="readingOrder {index:2;}">
                    <Coords points="2075,2010 2582,2010 2582,2175 2075,2175"/>
                    <TextEquiv>
                        <Unicode>Ardefi</Unicode>
                    </TextEquiv>
                    <TextStyle fontFamily="Times New Roman" fontSize="7.5"/>
                </Word>
                <Word id="w_w2aab1b1b2b3c13ac39" language="English" custom="readingOrder {index:3;}">
                    <Coords points="2603,2023 2737,2023 2737,2174 2603,2174"/>
                    <TextEquiv>
                        <Unicode>le</Unicode>
                    </TextEquiv>
                    <TextStyle fontFamily="Times New Roman" fontSize="7.5"/>
                </Word>
                <Word id="w_w2aab1b1b2b3c13ac45" language="English" custom="readingOrder {index:4;}">
                    <Coords points="2791,2074 2969,2074 2969,2181 2791,2181"/>
                    <TextEquiv>
                        <Unicode>en</Unicode>
                    </TextEquiv>
                    <TextStyle fontFamily="Times New Roman" fontSize="7.5"/>
                </Word>
                <Word id="w_w2aab1b1b2b3c13ac51" language="English" custom="readingOrder {index:5;}">
                    <Coords points="3003,2034 3501,2034 3501,2194 3003,2194"/>
                    <TextEquiv>
                        <Unicode>voulut</Unicode>
                    </TextEquiv>
                    <TextStyle fontFamily="Times New Roman" fontSize="7.5"/>
                </Word>
                <Word id="w_w2aab1b1b2b3c13ac65" language="English" custom="readingOrder {index:6;}">
                    <Coords points="3539,2035 3884,2035 3884,2200 3539,2200"/>
                    <TextEquiv>
                        <Unicode>faire</Unicode>
                    </TextEquiv>
                    <TextStyle fontFamily="Times New Roman" fontSize="7.5"/>
                </Word>
                <TextEquiv>
                    <Unicode>de meubles. Ardeſile en voulut faire</Unicode>
                </TextEquiv>
                <TextStyle fontFamily="Times New Roman" fontSize="7.5"/>
            </TextLine>
            <TextLine id="tl_9" primaryLanguage="English" custom="readingOrder {index:7;}">
                <Coords points="1015,2186 3890,2186 3890,2428 1015,2428"/>
                <Baseline points="1016,2355 1302,2346 1578,2347 2042,2362 2745,2378 3260,2418 3673,2389 3889,2400"/>
                <Word id="w_w2aab1b1b2b3c15ab1" language="English" custom="readingOrder {index:0;}">
                    <Coords points="1016,2245 1302,2245 1302,2355 1016,2355"/>
                    <TextEquiv>
                        <Unicode>une</Unicode>
                    </TextEquiv>
                    <TextStyle fontFamily="Times New Roman" fontSize="7.5"/>
                </Word>
                <Word id="w_w2aab1b1b2b3c15ab9" language="English" custom="readingOrder {index:1;}">
                    <Coords points="1392,2200 1578,2200 1578,2353 1392,2353"/>
                    <TextEquiv>
                        <Unicode>de</Unicode>
                    </TextEquiv>
                    <TextStyle fontFamily="Times New Roman" fontSize="7.5"/>
                </Word>
                <Word id="w_w2aab1b1b2b3c15ac15" language="English" custom="readingOrder {index:2;}">
                    <Coords points="1648,2251 2042,2251 2042,2362 1648,2362"/>
                    <TextEquiv>
                        <Unicode>cette</Unicode>
                    </TextEquiv>
                    <TextStyle fontFamily="Times New Roman" fontSize="7.5"/>
                </Word>
                <Word id="w_w2aab1b1b2b3c15ac27" language="English" custom="readingOrder {index:3;}">
                    <Coords points="2112,2203 2745,2203 2745,2378 2112,2378"/>
                    <TextEquiv>
                        <Unicode>derniere</Unicode>
                    </TextEquiv>
                    <TextStyle fontFamily="Times New Roman" fontSize="7.5"/>
                </Word>
                <Word id="w_w2aab1b1b2b3c15ac45" language="English" custom="readingOrder {index:4;}">
                    <Coords points="2808,2223 3260,2223 3260,2418 2808,2418"/>
                    <TextEquiv>
                        <Unicode>forte,</Unicode>
                    </TextEquiv>
                    <TextStyle fontFamily="Times New Roman" fontSize="7.5"/>
                </Word>
                <Word id="w_w2aab1b1b2b3c15ac59" language="English" custom="readingOrder {index:5;}">
                    <Coords points="3324,2247 3673,2247 3673,2395 3324,2395"/>
                    <TextEquiv>
                        <Unicode>mais</Unicode>
                    </TextEquiv>
                    <TextStyle fontFamily="Times New Roman" fontSize="7.5"/>
                </Word>
                <Word id="w_w2aab1b1b2b3c15ac69" language="English" custom="readingOrder {index:6;}">
                    <Coords points="3712,2293 3889,2293 3889,2400 3712,2400"/>
                    <TextEquiv>
                        <Unicode>au</Unicode>
                    </TextEquiv>
                    <TextStyle fontFamily="Times New Roman" fontSize="7.5"/>
                </Word>
                <TextEquiv>
                    <Unicode>une de cette derniere ſorte, mais au</Unicode>
                </TextEquiv>
                <TextStyle fontFamily="Times New Roman" fontSize="7.5"/>
            </TextLine>
            <TextLine id="tl_10" primaryLanguage="English" custom="readingOrder {index:8;}">
                <Coords points="1004,2390 3895,2390 3895,2648 1004,2648"/>
                <Baseline points="1005,2550 1302,2550 1694,2557 2102,2555 2302,2567 2710,2581 3098,2587 3358,2592 3518,2634 3893,2572"/>
                <Word id="w_w2aab1b1b2b3c17ab1" language="English" custom="readingOrder {index:0;}">
                    <Coords points="1005,2398 1302,2398 1302,2550 1005,2550"/>
                    <TextEquiv>
                        <Unicode>lieu</Unicode>
                    </TextEquiv>
                    <TextStyle fontFamily="Times New Roman" fontSize="7.5"/>
                </Word>
                <Word id="w_w2aab1b1b2b3c17ac11" language="English" custom="readingOrder {index:1;}">
                    <Coords points="1412,2448 1694,2448 1694,2606 1412,2606"/>
                    <TextEquiv>
                        <Unicode>que</Unicode>
                    </TextEquiv>
                    <TextStyle fontFamily="Times New Roman" fontSize="7.5"/>
                </Word>
                <Word id="w_w2aab1b1b2b3c17ac19" language="English" custom="readingOrder {index:2;}">
                    <Coords points="1761,2402 2102,2402 2102,2562 1761,2562"/>
                    <TextEquiv>
                        <Unicode>dans</Unicode>
                    </TextEquiv>
                    <TextStyle fontFamily="Times New Roman" fontSize="7.5"/>
                </Word>
                <Word id="w_w2aab1b1b2b3c17ac29" language="English" custom="readingOrder {index:3;}">
                    <Coords points="2169,2412 2302,2412 2302,2567 2169,2567"/>
                    <TextEquiv>
                        <Unicode>la</Unicode>
                    </TextEquiv>
                    <TextStyle fontFamily="Times New Roman" fontSize="7.5"/>
                </Word>
                <Word id="w_w2aab1b1b2b3c17ac35" language="English" custom="readingOrder {index:4;}">
                    <Coords points="2388,2422 2710,2422 2710,2621 2388,2621"/>
                    <TextEquiv>
                        <Unicode>plus</Unicode>
                    </TextEquiv>
                    <TextStyle fontFamily="Times New Roman" fontSize="7.5"/>
                </Word>
                <Word id="w_w2aab1b1b2b3c17ac45" language="English" custom="readingOrder {index:5;}">
                    <Coords points="2784,2476 3098,2476 3098,2632 2784,2632"/>
                    <TextEquiv>
                        <Unicode>part</Unicode>
                    </TextEquiv>
                    <TextStyle fontFamily="Times New Roman" fontSize="7.5"/>
                </Word>
                <Word id="w_w2aab1b1b2b3c17ac55" language="English" custom="readingOrder {index:6;}">
                    <Coords points="3160,2486 3358,2486 3358,2592 3160,2592"/>
                    <TextEquiv>
                        <Unicode>on</Unicode>
                    </TextEquiv>
                    <TextStyle fontFamily="Times New Roman" fontSize="7.5"/>
                </Word>
                <Word id="w_w2aab1b1b2b3c17ac61" language="English" custom="readingOrder {index:7;}">
                    <Coords points="3416,2481 3518,2481 3518,2634 3416,2634"/>
                    <TextEquiv>
                        <Unicode>y</Unicode>
                    </TextEquiv>
                    <TextStyle fontFamily="Times New Roman" fontSize="7.5"/>
                </Word>
                <Word id="w_w2aab1b1b2b3c17ac65" language="English" custom="readingOrder {index:8;}">
                    <Coords points="3584,2487 3893,2487 3893,2599 3584,2599"/>
                    <TextEquiv>
                        <Unicode>em-</Unicode>
                    </TextEquiv>
                    <TextStyle fontFamily="Times New Roman" fontSize="7.5"/>
                </Word>
                <TextEquiv>
                    <Unicode>lieu que dans la plus part on y em¬</Unicode>
                </TextEquiv>
                <TextStyle fontFamily="Times New Roman" fontSize="7.5"/>
            </TextLine>
            <TextLine id="tl_11" primaryLanguage="English" custom="readingOrder {index:9;}">
                <Coords points="1005,2594 3896,2594 3896,2848 1005,2848"/>
                <Baseline points="1005,2803 1595,2759 1991,2766 2675,2777 2991,2786 3339,2787 3463,2833 3895,2800"/>
                <Word id="w_w2aab1b1b2b3c19ab1" language="English" custom="readingOrder {index:0;}">
                    <Coords points="1005,2603 1595,2603 1595,2803 1005,2803"/>
                    <TextEquiv>
                        <Unicode>ployoit</Unicode>
                    </TextEquiv>
                    <TextStyle fontFamily="Times New Roman" fontSize="7.5"/>
                </Word>
                <Word id="w_w2aab1b1b2b3c19ac17" language="English" custom="readingOrder {index:1;}">
                    <Coords points="1657,2648 1991,2648 1991,2766 1657,2766"/>
                    <TextEquiv>
                        <Unicode>tout</Unicode>
                    </TextEquiv>
                    <TextStyle fontFamily="Times New Roman" fontSize="7.5"/>
                </Word>
                <Word id="w_w2aab1b1b2b3c19ac27" language="English" custom="readingOrder {index:2;}">
                    <Coords points="2049,2611 2675,2611 2675,2824 2049,2824"/>
                    <TextEquiv>
                        <Unicode>l’argent</Unicode>
                    </TextEquiv>
                    <TextStyle fontFamily="Times New Roman" fontSize="7.5"/>
                </Word>
                <Word id="w_w2aab1b1b2b3c19ac45" language="English" custom="readingOrder {index:3;}">
                    <Coords points="2708,2675 2991,2675 2991,2831 2708,2831"/>
                    <TextEquiv>
                        <Unicode>que</Unicode>
                    </TextEquiv>
                    <TextStyle fontFamily="Times New Roman" fontSize="7.5"/>
                </Word>
                <Word id="w_w2aab1b1b2b3c19ac53" language="English" custom="readingOrder {index:4;}">
                    <Coords points="3025,2634 3339,2634 3339,2787 3025,2787"/>
                    <TextEquiv>
                        <Unicode>l’on</Unicode>
                    </TextEquiv>
                    <TextStyle fontFamily="Times New Roman" fontSize="7.5"/>
                </Word>
                <Word id="w_w2aab1b1b2b3c19ac63" language="English" custom="readingOrder {index:5;}">
                    <Coords points="3364,2688 3463,2688 3463,2833 3364,2833"/>
                    <TextEquiv>
                        <Unicode>y</Unicode>
                    </TextEquiv>
                    <TextStyle fontFamily="Times New Roman" fontSize="7.5"/>
                </Word>
                <Word id="w_w2aab1b1b2b3c19ac67" language="English" custom="readingOrder {index:6;}">
                    <Coords points="3497,2646 3895,2646 3895,2804 3497,2804"/>
                    <TextEquiv>
                        <Unicode>avoit</Unicode>
                    </TextEquiv>
                    <TextStyle fontFamily="Times New Roman" fontSize="7.5"/>
                </Word>
                <TextEquiv>
                    <Unicode>ployoit tout l’argent que l’on y avoit</Unicode>
                </TextEquiv>
                <TextStyle fontFamily="Times New Roman" fontSize="7.5"/>
            </TextLine>
            <TextLine id="tl_12" primaryLanguage="English" custom="readingOrder {index:10;}">
                <Coords points="1001,2782 3885,2782 3885,3052 1001,3052"/>
                <Baseline points="1002,2955 1267,2974 1500,2966 1852,2963 2056,2963 2384,2972 2820,2983 3324,2987 3512,2986 3883,2976"/>
                <Word id="w_w2aab1b1b2b3c21ab1" language="English" custom="readingOrder {index:0;}">
                    <Coords points="1002,2846 1267,2846 1267,2974 1002,2974"/>
                    <TextEquiv>
                        <Unicode>eu,</Unicode>
                    </TextEquiv>
                    <TextStyle fontFamily="Times New Roman" fontSize="7.5"/>
                </Word>
                <Word id="w_w2aab1b1b2b3c21ab9" language="English" custom="readingOrder {index:1;}">
                    <Coords points="1338,2811 1500,2811 1500,2966 1338,2966"/>
                    <TextEquiv>
                        <Unicode>&amp;</Unicode>
                    </TextEquiv>
                    <TextStyle fontFamily="Times New Roman" fontSize="7.5"/>
                </Word>
                <Word id="w_w2aab1b1b2b3c21ac13" language="English" custom="readingOrder {index:2;}">
                    <Coords points="1565,2852 1852,2852 1852,3012 1565,3012"/>
                    <TextEquiv>
                        <Unicode>que</Unicode>
                    </TextEquiv>
                    <TextStyle fontFamily="Times New Roman" fontSize="7.5"/>
                </Word>
                <Word id="w_w2aab1b1b2b3c21ac21" language="English" custom="readingOrder {index:3;}">
                    <Coords points="1914,2808 2056,2808 2056,2963 1914,2963"/>
                    <TextEquiv>
                        <Unicode>le</Unicode>
                    </TextEquiv>
                    <TextStyle fontFamily="Times New Roman" fontSize="7.5"/>
                </Word>
                <Word id="w_w2aab1b1b2b3c21ac27" language="English" custom="readingOrder {index:4;}">
                    <Coords points="2090,2799 2384,2799 2384,2972 2090,2972"/>
                    <TextEquiv>
                        <Unicode>fort</Unicode>
                    </TextEquiv>
                    <TextStyle fontFamily="Times New Roman" fontSize="7.5"/>
                </Word>
                <Word id="w_w2aab1b1b2b3c21ac37" language="English" custom="readingOrder {index:5;}">
                    <Coords points="2414,2864 2820,2864 2820,3027 2414,3027"/>
                    <TextEquiv>
                        <Unicode>apres</Unicode>
                    </TextEquiv>
                    <TextStyle fontFamily="Times New Roman" fontSize="7.5"/>
                </Word>
                <Word id="w_w2aab1b1b2b3c21ac49" language="English" custom="readingOrder {index:6;}">
                    <Coords points="2858,2823 3324,2823 3324,2989 2858,2989"/>
                    <TextEquiv>
                        <Unicode>faifoit</Unicode>
                    </TextEquiv>
                    <TextStyle fontFamily="Times New Roman" fontSize="7.5"/>
                </Word>
                <Word id="w_w2aab1b1b2b3c21ac65" language="English" custom="readingOrder {index:7;}">
                    <Coords points="3374,2844 3512,2844 3512,2993 3374,2993"/>
                    <TextEquiv>
                        <Unicode>le</Unicode>
                    </TextEquiv>
                    <TextStyle fontFamily="Times New Roman" fontSize="7.5"/>
                </Word>
                <Word id="w_w2aab1b1b2b3c21ac71" language="English" custom="readingOrder {index:8;}">
                    <Coords points="3561,2889 3883,2889 3883,3048 3561,3048"/>
                    <TextEquiv>
                        <Unicode>par¬</Unicode>
                    </TextEquiv>
                    <TextStyle fontFamily="Times New Roman" fontSize="7.5"/>
                </Word>
                <TextEquiv>
                    <Unicode>eu, &amp; que le ſort apres faiſoit le par¬</Unicode>
                </TextEquiv>
                <TextStyle fontFamily="Times New Roman" fontSize="7.5"/>
            </TextLine>
            <TextLine id="tl_13" primaryLanguage="English" custom="readingOrder {index:11;}">
                <Coords points="1010,2998 3889,2998 3889,3252 1010,3252"/>
                <Baseline points="1011,3155 1431,3185 1852,3167 2292,3178 2541,3218 2877,3184 3380,3184 3600,3196 3888,3200"/>
                <Word id="w_w2aab1b1b2b3c23ab1" language="English" custom="readingOrder {index:0;}">
                    <Coords points="1011,3042 1431,3042 1431,3202 1011,3202"/>
                    <TextEquiv>
                        <Unicode>tage,</Unicode>
                    </TextEquiv>
                    <TextStyle fontFamily="Times New Roman" fontSize="7.5"/>
                </Word>
                <Word id="w_w2aab1b1b2b3c23ac13" language="English" custom="readingOrder {index:1;}">
                    <Coords points="1507,3006 1852,3006 1852,3167 1507,3167"/>
                    <TextEquiv>
                        <Unicode>dans</Unicode>
                    </TextEquiv>
                    <TextStyle fontFamily="Times New Roman" fontSize="7.5"/>
                </Word>
                <Word id="w_w2aab1b1b2b3c23ac23" language="English" custom="readingOrder {index:2;}">
                    <Coords points="1923,3015 2292,3015 2292,3178 1923,3178"/>
                    <TextEquiv>
                        <Unicode>celle</Unicode>
                    </TextEquiv>
                    <TextStyle fontFamily="Times New Roman" fontSize="7.5"/>
                </Word>
                <Word id="w_w2aab1b1b2b3c23ac35" language="English" custom="readingOrder {index:3;}">
                    <Coords points="2351,3065 2541,3065 2541,3218 2351,3218"/>
                    <TextEquiv>
                        <Unicode>cy</Unicode>
                    </TextEquiv>
                    <TextStyle fontFamily="Times New Roman" fontSize="7.5"/>
                </Word>
                <Word id="w_w2aab1b1b2b3c23ac41" language="English" custom="readingOrder {index:4;}">
                    <Coords points="2630,3031 2877,3031 2877,3234 2630,3234"/>
                    <TextEquiv>
                        <Unicode>qui</Unicode>
                    </TextEquiv>
                    <TextStyle fontFamily="Times New Roman" fontSize="7.5"/>
                </Word>
                <Word id="w_w2aab1b1b2b3c23ac49" language="English" custom="readingOrder {index:5;}">
                    <Coords points="2963,3034 3380,3034 3380,3192 2963,3192"/>
                    <TextEquiv>
                        <Unicode>eftoit</Unicode>
                    </TextEquiv>
                    <TextStyle fontFamily="Times New Roman" fontSize="7.5"/>
                </Word>
                <Word id="w_w2aab1b1b2b3c23ac63" language="English" custom="readingOrder {index:6;}">
                    <Coords points="3415,3041 3600,3041 3600,3196 3415,3196"/>
                    <TextEquiv>
                        <Unicode>de</Unicode>
                    </TextEquiv>
                    <TextStyle fontFamily="Times New Roman" fontSize="7.5"/>
                </Word>
                <Word id="w_w2aab1b1b2b3c23ac69" language="English" custom="readingOrder {index:7;}">
                    <Coords points="3631,3044 3888,3044 3888,3200 3631,3200"/>
                    <TextEquiv>
                        <Unicode>dix</Unicode>
                    </TextEquiv>
                    <TextStyle fontFamily="Times New Roman" fontSize="7.5"/>
                </Word>
                <TextEquiv>
                    <Unicode>tage, dans celle cy qui eſtoit de dix</Unicode>
                </TextEquiv>
                <TextStyle fontFamily="Times New Roman" fontSize="7.5"/>
            </TextLine>
            <TextLine id="tl_14" primaryLanguage="English" custom="readingOrder {index:12;}">
                <Coords points="1003,3190 3890,3190 3890,3452 1003,3452"/>
                <Baseline points="1004,3352 1421,3356 2016,3398 2222,3369 2557,3423 2793,3379 3158,3396 3465,3389 3889,3452"/>
                <Word id="w_w2aab1b1b2b3c25ab1" language="English" custom="readingOrder {index:0;}">
                    <Coords points="1004,3201 1421,3201 1421,3359 1004,3359"/>
                    <TextEquiv>
                        <Unicode>mille</Unicode>
                    </TextEquiv>
                    <TextStyle fontFamily="Times New Roman" fontSize="7.5"/>
                </Word>
                <Word id="w_w2aab1b1b2b3c25ac13" language="English" custom="readingOrder {index:1;}">
                    <Coords points="1532,3200 2016,3200 2016,3398 1532,3398"/>
                    <TextEquiv>
                        <Unicode>efcus,</Unicode>
                    </TextEquiv>
                    <TextStyle fontFamily="Times New Roman" fontSize="7.5"/>
                </Word>
                <Word id="w_w2aab1b1b2b3c25ac27" language="English" custom="readingOrder {index:2;}">
                    <Coords points="2112,3220 2222,3220 2222,3372 2112,3372"/>
                    <TextEquiv>
                        <Unicode>il</Unicode>
                    </TextEquiv>
                    <TextStyle fontFamily="Times New Roman" fontSize="7.5"/>
                </Word>
                <Word id="w_w2aab1b1b2b3c25ac33" language="English" custom="readingOrder {index:3;}">
                    <Coords points="2324,3241 2557,3241 2557,3423 2324,3423"/>
                    <TextEquiv>
                        <Unicode>n'y</Unicode>
                    </TextEquiv>
                    <TextStyle fontFamily="Times New Roman" fontSize="7.5"/>
                </Word>
                <Word id="w_w2aab1b1b2b3c25ac41" language="English" custom="readingOrder {index:4;}">
                    <Coords points="2619,3276 2793,3276 2793,3381 2619,3381"/>
                    <TextEquiv>
                        <Unicode>en</Unicode>
                    </TextEquiv>
                    <TextStyle fontFamily="Times New Roman" fontSize="7.5"/>
                </Word>
                <Word id="w_w2aab1b1b2b3c25ac47" language="English" custom="readingOrder {index:5;}">
                    <Coords points="2863,3235 3158,3235 3158,3396 2863,3396"/>
                    <TextEquiv>
                        <Unicode>euft</Unicode>
                    </TextEquiv>
                    <TextStyle fontFamily="Times New Roman" fontSize="7.5"/>
                </Word>
                <Word id="w_w2aab1b1b2b3c25ac57" language="English" custom="readingOrder {index:6;}">
                    <Coords points="3215,3279 3465,3279 3465,3443 3215,3443"/>
                    <TextEquiv>
                        <Unicode>pas</Unicode>
                    </TextEquiv>
                    <TextStyle fontFamily="Times New Roman" fontSize="7.5"/>
                </Word>
                <Word id="w_w2aab1b1b2b3c25ac65" language="English" custom="readingOrder {index:7;}">
                    <Coords points="3551,3252 3889,3252 3889,3452 3551,3452"/>
                    <TextEquiv>
                        <Unicode>cinq</Unicode>
                    </TextEquiv>
                    <TextStyle fontFamily="Times New Roman" fontSize="7.5"/>
                </Word>
                <TextEquiv>
                    <Unicode>mille eſcus, il n'y en euſt pas cinq</Unicode>
                </TextEquiv>
                <TextStyle fontFamily="Times New Roman" fontSize="7.5"/>
            </TextLine>
            <TextLine id="tl_15" primaryLanguage="English" custom="readingOrder {index:13;}">
                <Coords points="996,3394 3891,3394 3891,3648 996,3648"/>
                <Baseline points="996,3551 1922,3573 2155,3584 2482,3582 2858,3632 3026,3582 3526,3590 3889,3580"/>
                <Word id="w_w2aab1b1b2b3c27ab1" language="English" custom="readingOrder {index:0;}">
                    <Coords points="996,3394 1922,3394 1922,3606 996,3606"/>
                    <TextEquiv>
                        <Unicode>d’employés</Unicode>
                    </TextEquiv>
                    <TextStyle fontFamily="Times New Roman" fontSize="7.5"/>
                </Word>
                <Word id="w_w2aab1b1b2b3c27ac23" language="English" custom="readingOrder {index:1;}">
                    <Coords points="1996,3422 2155,3422 2155,3584 1996,3584"/>
                    <TextEquiv>
                        <Unicode>&amp;</Unicode>
                    </TextEquiv>
                    <TextStyle fontFamily="Times New Roman" fontSize="7.5"/>
                </Word>
                <Word id="w_w2aab1b1b2b3c27ac27" language="English" custom="readingOrder {index:2;}">
                    <Coords points="2240,3471 2482,3471 2482,3583 2240,3583"/>
                    <TextEquiv>
                        <Unicode>ces</Unicode>
                    </TextEquiv>
                    <TextStyle fontFamily="Times New Roman" fontSize="7.5"/>
                </Word>
                <Word id="w_w2aab1b1b2b3c27ac35" language="English" custom="readingOrder {index:3;}">
                    <Coords points="2528,3428 2858,3428 2858,3632 2528,3632"/>
                    <TextEquiv>
                        <Unicode>cinq</Unicode>
                    </TextEquiv>
                    <TextStyle fontFamily="Times New Roman" fontSize="7.5"/>
                </Word>
                <Word id="w_w2aab1b1b2b3c27ac45" language="English" custom="readingOrder {index:4;}">
                    <Coords points="2888,3440 3026,3440 3026,3582 2888,3582"/>
                    <TextEquiv>
                        <Unicode>la</Unicode>
                    </TextEquiv>
                    <TextStyle fontFamily="Times New Roman" fontSize="7.5"/>
                </Word>
                <Word id="w_w2aab1b1b2b3c27ac51" language="English" custom="readingOrder {index:5;}">
                    <Coords points="3068,3435 3526,3435 3526,3590 3068,3590"/>
                    <TextEquiv>
                        <Unicode>furent</Unicode>
                    </TextEquiv>
                    <TextStyle fontFamily="Times New Roman" fontSize="7.5"/>
                </Word>
                <Word id="w_w2aab1b1b2b3c27ac65" language="English" custom="readingOrder {index:6;}">
                    <Coords points="3551,3493 3889,3493 3889,3640 3551,3640"/>
                    <TextEquiv>
                        <Unicode>par¬</Unicode>
                    </TextEquiv>
                    <TextStyle fontFamily="Times New Roman" fontSize="7.5"/>
                </Word>
                <TextEquiv>
                    <Unicode>d’employés &amp; ces cinq la furent par¬</Unicode>
                </TextEquiv>
                <TextStyle fontFamily="Times New Roman" fontSize="7.5"/>
            </TextLine>
            <TextLine id="tl_16" primaryLanguage="English" custom="readingOrder {index:14;}">
                <Coords points="980,3589 3891,3589 3891,3848 980,3848"/>
                <Baseline points="981,3751 1483,3745 1791,3754 2387,3768 3358,3788 3891,3796"/>
                <Word id="w_w2aab1b1b2b3c29ab1" language="English" custom="readingOrder {index:0;}">
                    <Coords points="981,3602 1483,3602 1483,3805 981,3805"/>
                    <TextEquiv>
                        <Unicode>tagées</Unicode>
                    </TextEquiv>
                    <TextStyle fontFamily="Times New Roman" fontSize="7.5"/>
                </Word>
                <Word id="w_w2aab1b1b2b3c29ac15" language="English" custom="readingOrder {index:1;}">
                    <Coords points="1613,3648 1791,3648 1791,3754 1613,3754"/>
                    <TextEquiv>
                        <Unicode>au</Unicode>
                    </TextEquiv>
                    <TextStyle fontFamily="Times New Roman" fontSize="7.5"/>
                </Word>
                <Word id="w_w2aab1b1b2b3c29ac21" language="English" custom="readingOrder {index:2;}">
                    <Coords points="1941,3622 2387,3622 2387,3768 1941,3768"/>
                    <TextEquiv>
                        <Unicode>choix</Unicode>
                    </TextEquiv>
                    <TextStyle fontFamily="Times New Roman" fontSize="7.5"/>
                </Word>
                <Word id="w_w2aab1b1b2b3c29ac33" language="English" custom="readingOrder {index:3;}">
                    <Coords points="2513,3622 3358,3622 3358,3788 2513,3788"/>
                    <TextEquiv>
                        <Unicode>d'Ardefile.</Unicode>
                    </TextEquiv>
                    <TextStyle fontFamily="Times New Roman" fontSize="7.5"/>
                </Word>
                <Word id="w_w2aab1b1b2b3c29ac57" language="English" custom="readingOrder {index:4;}">
                    <Coords points="3505,3646 3891,3646 3891,3796 3505,3796"/>
                    <TextEquiv>
                        <Unicode>Lors</Unicode>
                    </TextEquiv>
                    <TextStyle fontFamily="Times New Roman" fontSize="7.5"/>
                </Word>
                <TextEquiv>
                    <Unicode>tagées au choix d'Ardeſile. Lors</Unicode>
                </TextEquiv>
                <TextStyle fontFamily="Times New Roman" fontSize="7.5"/>
            </TextLine>
            <TextLine id="tl_17" primaryLanguage="English" custom="readingOrder {index:15;}">
                <Coords points="993,3786 3896,3786 3896,4052 993,4052"/>
                <Baseline points="993,3987 1532,3950 1768,3954 2040,3958 2887,3984 3895,3996"/>
                <Word id="w_w2aab1b1b2b3c31ab1" language="English" custom="readingOrder {index:0;}">
                    <Coords points="993,3795 1532,3795 1532,3987 993,3987"/>
                    <TextEquiv>
                        <Unicode>qu’elle</Unicode>
                    </TextEquiv>
                    <TextStyle fontFamily="Times New Roman" fontSize="7.5"/>
                </Word>
                <Word id="w_w2aab1b1b2b3c31ac17" language="English" custom="readingOrder {index:1;}">
                    <Coords points="1594,3799 1768,3799 1768,3957 1594,3957"/>
                    <TextEquiv>
                        <Unicode>fit</Unicode>
                    </TextEquiv>
                    <TextStyle fontFamily="Times New Roman" fontSize="7.5"/>
                </Word>
                <Word id="w_w2aab1b1b2b3c31ac25" language="English" custom="readingOrder {index:2;}">
                    <Coords points="1826,3799 2040,3799 2040,3958 1826,3958"/>
                    <TextEquiv>
                        <Unicode>les</Unicode>
                    </TextEquiv>
                    <TextStyle fontFamily="Times New Roman" fontSize="7.5"/>
                </Word>
                <Word id="w_w2aab1b1b2b3c31ac33" language="English" custom="readingOrder {index:3;}">
                    <Coords points="2105,3822 2887,3822 2887,4013 2105,4013"/>
                    <TextEquiv>
                        <Unicode>premières</Unicode>
                    </TextEquiv>
                    <TextStyle fontFamily="Times New Roman" fontSize="7.5"/>
                </Word>
                <Word id="w_w2aab1b1b2b3c31ac53" language="English" custom="readingOrder {index:4;}">
                    <Coords points="2913,3824 3895,3824 3895,4043 2913,4043"/>
                    <TextEquiv>
                        <Unicode>propofitions</Unicode>
                    </TextEquiv>
                    <TextStyle fontFamily="Times New Roman" fontSize="7.5"/>
                </Word>
                <TextEquiv>
                    <Unicode>qu’elle fit les premieres propoſitions</Unicode>
                </TextEquiv>
                <TextStyle fontFamily="Times New Roman" fontSize="7.5"/>
            </TextLine>
            <TextLine id="tl_18" primaryLanguage="English" custom="readingOrder {index:16;}">
                <Coords points="990,3986 3881,3986 3881,4240 990,4240"/>
                <Baseline points="991,4151 1173,4148 1349,4147 1888,4156 2760,4178 3020,4226 3564,4195 3671,4225 3881,4212"/>
                <Word id="w_w2aab1b1b2b3c33ab1" language="English" custom="readingOrder {index:0;}">
                    <Coords points="991,3986 1173,3986 1173,4151 991,4151"/>
                    <TextEquiv>
                        <Unicode>de</Unicode>
                    </TextEquiv>
                    <TextStyle fontFamily="Times New Roman" fontSize="7.5"/>
                </Word>
                <Word id="w_w2aab1b1b2b3c33ab7" language="English" custom="readingOrder {index:1;}">
                    <Coords points="1211,3993 1349,3993 1349,4147 1211,4147"/>
                    <TextEquiv>
                        <Unicode>la</Unicode>
                    </TextEquiv>
                    <TextStyle fontFamily="Times New Roman" fontSize="7.5"/>
                </Word>
                <Word id="w_w2aab1b1b2b3c33ac13" language="English" custom="readingOrder {index:2;}">
                    <Coords points="1371,3996 1888,3996 1888,4156 1371,4156"/>
                    <TextEquiv>
                        <Unicode>loterie</Unicode>
                    </TextEquiv>
                    <TextStyle fontFamily="Times New Roman" fontSize="7.5"/>
                </Word>
                <Word id="w_w2aab1b1b2b3c33ac29" language="English" custom="readingOrder {index:3;}">
                    <Coords points="1927,4013 2760,4013 2760,4178 1927,4178"/>
                    <TextEquiv>
                        <Unicode>Caftillante</Unicode>
                    </TextEquiv>
                    <TextStyle fontFamily="Times New Roman" fontSize="7.5"/>
                </Word>
                <Word id="w_w2aab1b1b2b3c33ac53" language="English" custom="readingOrder {index:4;}">
                    <Coords points="2791,4044 3020,4044 3020,4226 2791,4226"/>
                    <TextEquiv>
                        <Unicode>s’y</Unicode>
                    </TextEquiv>
                    <TextStyle fontFamily="Times New Roman" fontSize="7.5"/>
                </Word>
                <Word id="w_w2aab1b1b2b3c33ac61" language="English" custom="readingOrder {index:5;}">
                    <Coords points="3059,4075 3564,4075 3564,4198 3059,4198"/>
                    <TextEquiv>
                        <Unicode>trouva</Unicode>
                    </TextEquiv>
                    <TextStyle fontFamily="Times New Roman" fontSize="7.5"/>
                </Word>
                <Word id="w_w2aab1b1b2b3c33ac75" language="English" custom="readingOrder {index:6;}">
                    <Coords points="3634,4168 3671,4168 3671,4225 3634,4225"/>
                    <TextEquiv>
                        <Unicode>,</Unicode>
                    </TextEquiv>
                    <TextStyle fontFamily="Times New Roman" fontSize="7.5"/>
                </Word>
                <Word id="w_w2aab1b1b2b3c33ac79" language="English" custom="readingOrder {index:7;}">
                    <Coords points="3710,4050 3881,4050 3881,4212 3710,4212"/>
                    <TextEquiv>
                        <Unicode>&amp;</Unicode>
                    </TextEquiv>
                    <TextStyle fontFamily="Times New Roman" fontSize="7.5"/>
                </Word>
                <TextEquiv>
                    <Unicode>de la loterie Caſtillante s’y trouva, &amp;</Unicode>
                </TextEquiv>
                <TextStyle fontFamily="Times New Roman" fontSize="7.5"/>
            </TextLine>
            <TextLine id="tl_19" primaryLanguage="English" custom="readingOrder {index:17;}">
                <Coords points="991,4186 3894,4186 3894,4401 991,4401"/>
                <Baseline points="992,4351 1585,4351 1973,4353 2769,4374 2905,4381 3525,4387 3893,4401"/>
                <Word id="w_w2aab1b1b2b3c35ab1" language="English" custom="readingOrder {index:0;}">
                    <Coords points="992,4241 1585,4241 1585,4351 992,4351"/>
                    <TextEquiv>
                        <Unicode>comme</Unicode>
                    </TextEquiv>
                    <TextStyle fontFamily="Times New Roman" fontSize="7.5"/>
                </Word>
                <Word id="w_w2aab1b1b2b3c35ac13" language="English" custom="readingOrder {index:1;}">
                    <Coords points="1696,4202 1973,4202 1973,4356 1696,4356"/>
                    <TextEquiv>
                        <Unicode>elle</Unicode>
                    </TextEquiv>
                    <TextStyle fontFamily="Times New Roman" fontSize="7.5"/>
                </Word>
                <Word id="w_w2aab1b1b2b3c35ac23" language="English" custom="readingOrder {index:2;}">
                    <Coords points="2068,4203 2769,4203 2769,4374 2068,4374"/>
                    <TextEquiv>
                        <Unicode>demanda</Unicode>
                    </TextEquiv>
                    <TextStyle fontFamily="Times New Roman" fontSize="7.5"/>
                </Word>
                <Word id="w_w2aab1b1b2b3c35ac39" language="English" custom="readingOrder {index:3;}">
                    <Coords points="2823,4275 2905,4275 2905,4381 2823,4381"/>
                    <TextEquiv>
                        <Unicode>a</Unicode>
                    </TextEquiv>
                    <TextStyle fontFamily="Times New Roman" fontSize="7.5"/>
                </Word>
                <Word id="w_w2aab1b1b2b3c35ac43" language="English" custom="readingOrder {index:4;}">
                    <Coords points="2967,4235 3525,4235 3525,4391 2967,4391"/>
                    <TextEquiv>
                        <Unicode>chacun</Unicode>
                    </TextEquiv>
                    <TextStyle fontFamily="Times New Roman" fontSize="7.5"/>
                </Word>
                <Word id="w_w2aab1b1b2b3c35ac57" language="English" custom="readingOrder {index:5;}">
                    <Coords points="3607,4290 3893,4290 3893,4401 3607,4401"/>
                    <TextEquiv>
                        <Unicode>une</Unicode>
                    </TextEquiv>
                    <TextStyle fontFamily="Times New Roman" fontSize="7.5"/>
                </Word>
                <TextEquiv>
                    <Unicode>comme elle demanda a chacun une</Unicode>
                </TextEquiv>
                <TextStyle fontFamily="Times New Roman" fontSize="7.5"/>
            </TextLine>
            <TextLine id="tl_20" primaryLanguage="English" custom="readingOrder {index:18;}">
                <Coords points="991,4386 3891,4386 3891,4648 991,4648"/>
                <Baseline points="992,4547 1566,4547 2026,4550 2246,4558 2809,4587 3054,4587 3890,4636"/>
                <Word id="w_w2aab1b1b2b3c37ab1" language="English" custom="readingOrder {index:0;}">
                    <Coords points="992,4390 1566,4390 1566,4549 992,4549"/>
                    <TextEquiv>
                        <Unicode>femme</Unicode>
                    </TextEquiv>
                    <TextStyle fontFamily="Times New Roman" fontSize="7.5"/>
                </Word>
                <Word id="w_w2aab1b1b2b3c37ac13" language="English" custom="readingOrder {index:1;}">
                    <Coords points="1632,4396 2026,4396 2026,4555 1632,4555"/>
                    <TextEquiv>
                        <Unicode>félon</Unicode>
                    </TextEquiv>
                    <TextStyle fontFamily="Times New Roman" fontSize="7.5"/>
                </Word>
                <Word id="w_w2aab1b1b2b3c37ac25" language="English" custom="readingOrder {index:2;}">
                    <Coords points="2104,4408 2246,4408 2246,4558 2104,4558"/>
                    <TextEquiv>
                        <Unicode>fa</Unicode>
                    </TextEquiv>
                    <TextStyle fontFamily="Times New Roman" fontSize="7.5"/>
                </Word>
                <Word id="w_w2aab1b1b2b3c37ac31" language="English" custom="readingOrder {index:3;}">
                    <Coords points="2308,4415 2809,4415 2809,4587 2308,4587"/>
                    <TextEquiv>
                        <Unicode>force,</Unicode>
                    </TextEquiv>
                    <TextStyle fontFamily="Times New Roman" fontSize="7.5"/>
                </Word>
                <Word id="w_w2aab1b1b2b3c37ac45" language="English" custom="readingOrder {index:4;}">
                    <Coords points="2892,4436 3054,4436 3054,4587 2892,4587"/>
                    <TextEquiv>
                        <Unicode>&amp;</Unicode>
                    </TextEquiv>
                    <TextStyle fontFamily="Times New Roman" fontSize="7.5"/>
                </Word>
                <Word id="w_w2aab1b1b2b3c37ac49" language="English" custom="readingOrder {index:5;}">
                    <Coords points="3099,4438 3890,4438 3890,4637 3099,4637"/>
                    <TextEquiv>
                        <Unicode>qu'elleluy</Unicode>
                    </TextEquiv>
                    <TextStyle fontFamily="Times New Roman" fontSize="7.5"/>
                </Word>
                <TextEquiv>
                    <Unicode>femme ſelon ſa force, &amp; qu'elle luy</Unicode>
                </TextEquiv>
                <TextStyle fontFamily="Times New Roman" fontSize="7.5"/>
            </TextLine>
            <TextLine id="tl_21" primaryLanguage="English" custom="readingOrder {index:19;}">
                <Coords points="1004,4582 3895,4582 3897,4821 1006,4821"/>
                <Baseline points="1005,4747 1304,4751 1591,4747 1992,4750 2531,4767 2919,4769 3543,4791 3894,4765"/>
                <Word id="w_w2aab1b1b2b3c39ab1" language="English" custom="readingOrder {index:0;}">
                    <Coords points="1005,4589 1304,4589 1304,4753 1005,4753"/>
                    <TextEquiv>
                        <Unicode>euft</Unicode>
                    </TextEquiv>
                    <TextStyle fontFamily="Times New Roman" fontSize="7.5"/>
                </Word>
                <Word id="w_w2aab1b1b2b3c39ac11" language="English" custom="readingOrder {index:1;}">
                    <Coords points="1369,4597 1591,4597 1591,4750 1369,4750"/>
                    <TextEquiv>
                        <Unicode>dit</Unicode>
                    </TextEquiv>
                    <TextStyle fontFamily="Times New Roman" fontSize="7.5"/>
                </Word>
                <Word id="w_w2aab1b1b2b3c39ac19" language="English" custom="readingOrder {index:2;}">
                    <Coords points="1648,4601 1992,4601 1992,4806 1648,4806"/>
                    <TextEquiv>
                        <Unicode>qu’il</Unicode>
                    </TextEquiv>
                    <TextStyle fontFamily="Times New Roman" fontSize="7.5"/>
                </Word>
                <Word id="w_w2aab1b1b2b3c39ac31" language="English" custom="readingOrder {index:3;}">
                    <Coords points="2045,4599 2531,4599 2531,4767 2045,4767"/>
                    <TextEquiv>
                        <Unicode>falloit</Unicode>
                    </TextEquiv>
                    <TextStyle fontFamily="Times New Roman" fontSize="7.5"/>
                </Word>
                <Word id="w_w2aab1b1b2b3c39ac47" language="English" custom="readingOrder {index:4;}">
                    <Coords points="2560,4615 2919,4615 2919,4817 2560,4817"/>
                    <TextEquiv>
                        <Unicode>qu’il</Unicode>
                    </TextEquiv>
                    <TextStyle fontFamily="Times New Roman" fontSize="7.5"/>
                </Word>
                <Word id="w_w2aab1b1b2b3c39ac59" language="English" custom="readingOrder {index:5;}">
                    <Coords points="2953,4621 3543,4621 3543,4791 2953,4791"/>
                    <TextEquiv>
                        <Unicode>donnait</Unicode>
                    </TextEquiv>
                    <TextStyle fontFamily="Times New Roman" fontSize="7.5"/>
                </Word>
                <Word id="w_w2aab1b1b2b3c39ac75" language="English" custom="readingOrder {index:6;}">
                    <Coords points="3577,4642 3894,4642 3894,4796 3577,4796"/>
                    <TextEquiv>
                        <Unicode>mil¬</Unicode>
                    </TextEquiv>
                    <TextStyle fontFamily="Times New Roman" fontSize="7.5"/>
                </Word>
                <TextEquiv>
                    <Unicode>euſt dit qu’il falloit qu’il donnaſt mil¬</Unicode>
                </TextEquiv>
                <TextStyle fontFamily="Times New Roman" fontSize="7.5"/>
            </TextLine>
            <TextLine id="tl_22" primaryLanguage="English" custom="readingOrder {index:20;}">
                <Coords points="997,4778 3896,4783 3890,5032 991,5027"/>
                <Baseline points="998,4951 1144,4944 1735,4974 1880,4948 2160,5005 2916,4973 3304,4975 3483,4986 3890,4969"/>
                <Word id="w_w2aab1b1b2b3c41ab1" language="English" custom="readingOrder {index:0;}">
                    <Coords points="998,4798 1144,4798 1144,4951 998,4951"/>
                    <TextEquiv>
                        <Unicode>le</Unicode>
                    </TextEquiv>
                    <TextStyle fontFamily="Times New Roman" fontSize="7.5"/>
                </Word>
                <Word id="w_w2aab1b1b2b3c41ab7" language="English" custom="readingOrder {index:1;}">
                    <Coords points="1178,4793 1735,4793 1735,4974 1178,4974"/>
                    <TextEquiv>
                        <Unicode>francs,</Unicode>
                    </TextEquiv>
                    <TextStyle fontFamily="Times New Roman" fontSize="7.5"/>
                </Word>
                <Word id="w_w2aab1b1b2b3c41ac23" language="English" custom="readingOrder {index:2;}">
                    <Coords points="1770,4795 1880,4795 1880,4955 1770,4955"/>
                    <TextEquiv>
                        <Unicode>il</Unicode>
                    </TextEquiv>
                    <TextStyle fontFamily="Times New Roman" fontSize="7.5"/>
                </Word>
                <Word id="w_w2aab1b1b2b3c41ac29" language="English" custom="readingOrder {index:3;}">
                    <Coords points="1910,4797 2160,4797 2160,5005 1910,5005"/>
                    <TextEquiv>
                        <Unicode>luy</Unicode>
                    </TextEquiv>
                    <TextStyle fontFamily="Times New Roman" fontSize="7.5"/>
                </Word>
                <Word id="w_w2aab1b1b2b3c41ac37" language="English" custom="readingOrder {index:4;}">
                    <Coords points="2178,4805 2916,4805 2916,5014 2178,5014"/>
                    <TextEquiv>
                        <Unicode>refpondit</Unicode>
                    </TextEquiv>
                    <TextStyle fontFamily="Times New Roman" fontSize="7.5"/>
                </Word>
                <Word id="w_w2aab1b1b2b3c41ac57" language="English" custom="readingOrder {index:5;}">
                    <Coords points="2949,4826 3304,4826 3304,5031 2949,5031"/>
                    <TextEquiv>
                        <Unicode>qu’il</Unicode>
                    </TextEquiv>
                    <TextStyle fontFamily="Times New Roman" fontSize="7.5"/>
                </Word>
                <Word id="w_w2aab1b1b2b3c41ac69" language="English" custom="readingOrder {index:6;}">
                    <Coords points="3346,4832 3483,4832 3483,4986 3346,4986"/>
                    <TextEquiv>
                        <Unicode>le</Unicode>
                    </TextEquiv>
                    <TextStyle fontFamily="Times New Roman" fontSize="7.5"/>
                </Word>
                <Word id="w_w2aab1b1b2b3c41ac75" language="English" custom="readingOrder {index:7;}">
                    <Coords points="3522,4887 3890,4887 3890,4995 3522,4995"/>
                    <TextEquiv>
                        <Unicode>vou-</Unicode>
                    </TextEquiv>
                    <TextStyle fontFamily="Times New Roman" fontSize="7.5"/>
                </Word>
                <TextEquiv>
                    <Unicode>le francs, il luy reſpondit qu’il le vou¬</Unicode>
                </TextEquiv>
                <TextStyle fontFamily="Times New Roman" fontSize="7.5"/>
            </TextLine>
            <TextLine id="tl_23" primaryLanguage="English" custom="readingOrder {index:21;}">
                <Coords points="994,4990 3893,4990 3894,5227 995,5227"/>
                <Baseline points="995,5147 1284,5146 1767,5182 1997,5170 2405,5165 2728,5214 3668,5193 3892,5193"/>
                <Word id="w_w2aab1b1b2b3c43ab1" language="English" custom="readingOrder {index:0;}">
                    <Coords points="995,4990 1284,4990 1284,5149 995,5149"/>
                    <TextEquiv>
                        <Unicode>loit</Unicode>
                    </TextEquiv>
                    <TextStyle fontFamily="Times New Roman" fontSize="7.5"/>
                </Word>
                <Word id="w_w2aab1b1b2b3c43ac11" language="English" custom="readingOrder {index:1;}">
                    <Coords points="1343,4999 1767,4999 1767,5182 1343,5182"/>
                    <TextEquiv>
                        <Unicode>bien,</Unicode>
                    </TextEquiv>
                    <TextStyle fontFamily="Times New Roman" fontSize="7.5"/>
                </Word>
                <Word id="w_w2aab1b1b2b3c43ac23" language="English" custom="readingOrder {index:2;}">
                    <Coords points="1838,5007 1997,5007 1997,5170 1838,5170"/>
                    <TextEquiv>
                        <Unicode>&amp;</Unicode>
                    </TextEquiv>
                    <TextStyle fontFamily="Times New Roman" fontSize="7.5"/>
                </Word>
                <Word id="w_w2aab1b1b2b3c43ac27" language="English" custom="readingOrder {index:3;}">
                    <Coords points="2058,5012 2405,5012 2405,5213 2058,5213"/>
                    <TextEquiv>
                        <Unicode>qu’il</Unicode>
                    </TextEquiv>
                    <TextStyle fontFamily="Times New Roman" fontSize="7.5"/>
                </Word>
                <Word id="w_w2aab1b1b2b3c43ac39" language="English" custom="readingOrder {index:4;}">
                    <Coords points="2475,5014 2728,5014 2728,5214 2475,5214"/>
                    <TextEquiv>
                        <Unicode>luy</Unicode>
                    </TextEquiv>
                    <TextStyle fontFamily="Times New Roman" fontSize="7.5"/>
                </Word>
                <Word id="w_w2aab1b1b2b3c43ac47" language="English" custom="readingOrder {index:5;}">
                    <Coords points="2798,5039 3668,5039 3668,5228 2798,5228"/>
                    <TextEquiv>
                        <Unicode>promettoit</Unicode>
                    </TextEquiv>
                    <TextStyle fontFamily="Times New Roman" fontSize="7.5"/>
                </Word>
                <Word id="w_w2aab1b1b2b3c43ac69" language="English" custom="readingOrder {index:6;}">
                    <Coords points="3706,5038 3892,5038 3892,5193 3706,5193"/>
                    <TextEquiv>
                        <Unicode>de</Unicode>
                    </TextEquiv>
                    <TextStyle fontFamily="Times New Roman" fontSize="7.5"/>
                </Word>
                <TextEquiv>
                    <Unicode>loit bien, &amp; qu’il luy promettoit de</Unicode>
                </TextEquiv>
                <TextStyle fontFamily="Times New Roman" fontSize="7.5"/>
            </TextLine>
            <TextLine id="tl_24" primaryLanguage="English" custom="readingOrder {index:22;}">
                <Coords points="998,5182 3888,5179 3885,5428 995,5431"/>
                <Baseline points="999,5403 1321,5343 1573,5351 1893,5400 2305,5363 3101,5380 3533,5391 3888,5377"/>
                <Word id="w_w2aab1b1b2b3c45ab1" language="English" custom="readingOrder {index:0;}">
                    <Coords points="999,5192 1321,5192 1321,5403 999,5403"/>
                    <TextEquiv>
                        <Unicode>plus</Unicode>
                    </TextEquiv>
                    <TextStyle fontFamily="Times New Roman" fontSize="7.5"/>
                </Word>
                <Word id="w_w2aab1b1b2b3c45ac11" language="English" custom="readingOrder {index:1;}">
                    <Coords points="1383,5196 1573,5196 1573,5354 1383,5354"/>
                    <TextEquiv>
                        <Unicode>de</Unicode>
                    </TextEquiv>
                    <TextStyle fontFamily="Times New Roman" fontSize="7.5"/>
                </Word>
                <Word id="w_w2aab1b1b2b3c45ac17" language="English" custom="readingOrder {index:2;}">
                    <Coords points="1640,5192 1893,5192 1893,5400 1640,5400"/>
                    <TextEquiv>
                        <Unicode>luy</Unicode>
                    </TextEquiv>
                    <TextStyle fontFamily="Times New Roman" fontSize="7.5"/>
                </Word>
                <Word id="w_w2aab1b1b2b3c45ac25" language="English" custom="readingOrder {index:3;}">
                    <Coords points="1947,5197 2305,5197 2305,5363 1947,5363"/>
                    <TextEquiv>
                        <Unicode>faire</Unicode>
                    </TextEquiv>
                    <TextStyle fontFamily="Times New Roman" fontSize="7.5"/>
                </Word>
                <Word id="w_w2aab1b1b2b3c45ac37" language="English" custom="readingOrder {index:4;}">
                    <Coords points="2370,5221 3101,5221 3101,5418 2370,5418"/>
                    <TextEquiv>
                        <Unicode>parmyfês</Unicode>
                    </TextEquiv>
                    <TextStyle fontFamily="Times New Roman" fontSize="7.5"/>
                </Word>
                <Word id="w_w2aab1b1b2b3c45ac55" language="English" custom="readingOrder {index:5;}">
                    <Coords points="3143,5277 3533,5277 3533,5434 3143,5434"/>
                    <TextEquiv>
                        <Unicode>atnys</Unicode>
                    </TextEquiv>
                    <TextStyle fontFamily="Times New Roman" fontSize="7.5"/>
                </Word>
                <Word id="w_w2aab1b1b2b3c45ac67" language="English" custom="readingOrder {index:6;}">
                    <Coords points="3590,5238 3888,5238 3888,5432 3590,5432"/>
                    <TextEquiv>
                        <Unicode>juf-</Unicode>
                    </TextEquiv>
                    <TextStyle fontFamily="Times New Roman" fontSize="7.5"/>
                </Word>
                <TextEquiv>
                    <Unicode>plus de luy faire parmy ſes amys juſ¬</Unicode>
                </TextEquiv>
                <TextStyle fontFamily="Times New Roman" fontSize="7.5"/>
            </TextLine>
            <TextLine id="tl_25" primaryLanguage="English" custom="readingOrder {index:23;}">
                <Coords points="999,5386 3874,5390 3870,5652 995,5648"/>
                <Baseline points="999,5600 1354,5548 1502,5554 1899,5560 2163,5561 2665,5569 3365,5587 3868,5597"/>
                <Word id="w_w2aab1b1b2b3c47ab1" language="English" custom="readingOrder {index:0;}">
                    <Coords points="999,5441 1354,5441 1354,5600 999,5600"/>
                    <TextEquiv>
                        <Unicode>ques</Unicode>
                    </TextEquiv>
                    <TextStyle fontFamily="Times New Roman" fontSize="7.5"/>
                </Word>
                <Word id="w_w2aab1b1b2b3c47ac11" language="English" custom="readingOrder {index:1;}">
                    <Coords points="1416,5445 1502,5445 1502,5554 1416,5554"/>
                    <TextEquiv>
                        <Unicode>a</Unicode>
                    </TextEquiv>
                    <TextStyle fontFamily="Times New Roman" fontSize="7.5"/>
                </Word>
                <Word id="w_w2aab1b1b2b3c47ac15" language="English" custom="readingOrder {index:2;}">
                    <Coords points="1528,5403 1899,5403 1899,5560 1528,5560"/>
                    <TextEquiv>
                        <Unicode>neuf</Unicode>
                    </TextEquiv>
                    <TextStyle fontFamily="Times New Roman" fontSize="7.5"/>
                </Word>
                <Word id="w_w2aab1b1b2b3c47ac25" language="English" custom="readingOrder {index:3;}">
                    <Coords points="1908,5407 2163,5407 2163,5564 1908,5564"/>
                    <TextEquiv>
                        <Unicode>mil</Unicode>
                    </TextEquiv>
                    <TextStyle fontFamily="Times New Roman" fontSize="7.5"/>
                </Word>
                <Word id="w_w2aab1b1b2b3c47ac33" language="English" custom="readingOrder {index:4;}">
                    <Coords points="2192,5405 2665,5405 2665,5571 2192,5571"/>
                    <TextEquiv>
                        <Unicode>livres.</Unicode>
                    </TextEquiv>
                    <TextStyle fontFamily="Times New Roman" fontSize="7.5"/>
                </Word>
                <Word id="w_w2aab1b1b2b3c47ac49" language="English" custom="readingOrder {index:5;}">
                    <Coords points="2715,5430 3366,5430 3366,5637 2715,5637"/>
                    <TextEquiv>
                        <Unicode>Quelque</Unicode>
                    </TextEquiv>
                    <TextStyle fontFamily="Times New Roman" fontSize="7.5"/>
                </Word>
                <Word id="w_w2aab1b1b2b3c47ac65" language="English" custom="readingOrder {index:6;}">
                    <Coords points="3400,5456 3873,5456 3873,5666 3400,5666"/>
                    <TextEquiv>
                        <Unicode>temps</Unicode>
                    </TextEquiv>
                    <TextStyle fontFamily="Times New Roman" fontSize="7.5"/>
                </Word>
                <TextEquiv>
                    <Unicode>ques a neuf mil livres. Quelque temps</Unicode>
                </TextEquiv>
            </TextLine>
            <TextEquiv>
                <Unicode>me, la chaſſe, la comedie &amp; la dance
avoyent chacun leur temps avec luy,
c’eſtoit alors les loteriés dont il eſtoit
queſtion, &amp; elles eſtoyent tellement
a la mode que chacun en faiſoit les
uns d’argent les autres de bijoux &amp;
de meubles. Ardeſile en voulut faire
une de cette derniere ſorte, mais au
lieu que dans la plus part on y em¬
ployoit tout l’argent que l’on y avoit
eu, &amp; que le ſort apres faiſoit le par¬
tage, dans celle cy qui eſtoit de dix
mille eſcus, il n'y en euſt pas cinq
d’employés &amp; ces cinq la furent par¬
tagées au choix d'Ardeſile. Lors
qu’elle fit les premieres propoſitions
de la loterie Caſtillante s’y trouva, &amp;
comme elle demanda a chacun une
femme ſelon ſa force, &amp; qu'elle luy
euſt dit qu’il falloit qu’il donnaſt mil¬
le francs, il luy reſpondit qu’il le vou¬
loit bien, &amp; qu’il luy promettoit de
plus de luy faire parmy ſes amys juſ¬
ques a neuf mil livres. Quelque temps</Unicode>
            </TextEquiv>
        </TextRegion>
        <TextRegion type="paragraph" id="r_1_3" custom="readingOrder {index:3;}">
            <Coords points="1003,5589 3888,5591 3888,6271 1003,6269"/>
            <TextLine id="tl_26" primaryLanguage="English" custom="readingOrder {index:0;}">
                <Coords points="1004,5590 3879,5590 3879,5839 1004,5839"/>
                <Baseline points="1005,5743 1419,5745 1835,5763 2047,5763 3110,5788 3585,5828 3706,5794 3878,5796"/>
                <Word id="w_w2aab1b1b2b5b1ab1" language="English" custom="readingOrder {index:0;}">
                    <Coords points="1005,5638 1419,5638 1419,5801 1005,5801"/>
                    <TextEquiv>
                        <Unicode>apres</Unicode>
                    </TextEquiv>
                    <TextStyle fontFamily="Times New Roman" fontSize="7.5"/>
                </Word>
                <Word id="w_w2aab1b1b2b5b1ac13" language="English" custom="readingOrder {index:1;}">
                    <Coords points="1501,5650 1835,5650 1835,5763 1501,5763"/>
                    <TextEquiv>
                        <Unicode>tout</Unicode>
                    </TextEquiv>
                    <TextStyle fontFamily="Times New Roman" fontSize="7.5"/>
                </Word>
                <Word id="w_w2aab1b1b2b5b1ac23" language="English" custom="readingOrder {index:2;}">
                    <Coords points="1909,5605 2047,5605 2047,5763 1909,5763"/>
                    <TextEquiv>
                        <Unicode>le</Unicode>
                    </TextEquiv>
                    <TextStyle fontFamily="Times New Roman" fontSize="7.5"/>
                </Word>
                <Word id="w_w2aab1b1b2b5b1ac29" language="English" custom="readingOrder {index:3;}">
                    <Coords points="2109,5618 3110,5618 3110,5788 2109,5788"/>
                    <TextEquiv>
                        <Unicode>mondeeftant</Unicode>
                    </TextEquiv>
                    <TextStyle fontFamily="Times New Roman" fontSize="7.5"/>
                </Word>
                <Word id="w_w2aab1b1b2b5b1ac53" language="English" custom="readingOrder {index:4;}">
                    <Coords points="3157,5633 3585,5633 3585,5828 3157,5828"/>
                    <TextEquiv>
                        <Unicode>forti,</Unicode>
                    </TextEquiv>
                    <TextStyle fontFamily="Times New Roman" fontSize="7.5"/>
                </Word>
                <Word id="w_w2aab1b1b2b5b1ac67" language="English" custom="readingOrder {index:5;}">
                    <Coords points="3633,5689 3706,5689 3706,5794 3633,5794"/>
                    <TextEquiv>
                        <Unicode>a</Unicode>
                    </TextEquiv>
                    <TextStyle fontFamily="Times New Roman" fontSize="7.5"/>
                </Word>
                <Word id="w_w2aab1b1b2b5b1ac71" language="English" custom="readingOrder {index:6;}">
                    <Coords points="3745,5642 3878,5642 3878,5796 3745,5796"/>
                    <TextEquiv>
                        <Unicode>la</Unicode>
                    </TextEquiv>
                    <TextStyle fontFamily="Times New Roman" fontSize="7.5"/>
                </Word>
                <TextEquiv>
                    <Unicode>apres tout le monde eſtant ſorti, a la</Unicode>
                </TextEquiv>
                <TextStyle fontFamily="Times New Roman" fontSize="7.5"/>
            </TextLine>
            <TextLine id="tl_27" primaryLanguage="English" custom="readingOrder {index:1;}">
                <Coords points="1009,5794 3882,5793 3882,6045 1009,6046"/>
                <Baseline points="1010,5947 1555,5959 1787,5959 2778,6015 2979,5986 3215,5994 3875,5997"/>
                <Word id="w_w2aab1b1b2b5b3ab1" language="English" custom="readingOrder {index:0;}">
                    <Coords points="1010,5797 1555,5797 1555,5959 1010,5959"/>
                    <TextEquiv>
                        <Unicode>referve</Unicode>
                    </TextEquiv>
                    <TextStyle fontFamily="Times New Roman" fontSize="7.5"/>
                </Word>
                <Word id="w_w2aab1b1b2b5b3ac17" language="English" custom="readingOrder {index:1;}">
                    <Coords points="1606,5804 1787,5804 1787,5965 1606,5965"/>
                    <TextEquiv>
                        <Unicode>de</Unicode>
                    </TextEquiv>
                    <TextStyle fontFamily="Times New Roman" fontSize="7.5"/>
                </Word>
                <Word id="w_w2aab1b1b2b5b3ac23" language="English" custom="readingOrder {index:2;}">
                    <Coords points="1869,5812 2778,5812 2778,6015 1869,6015"/>
                    <TextEquiv>
                        <Unicode>Caftillante,</Unicode>
                    </TextEquiv>
                    <TextStyle fontFamily="Times New Roman" fontSize="7.5"/>
                </Word>
                <Word id="w_w2aab1b1b2b5b3ac49" language="English" custom="readingOrder {index:3;}">
                    <Coords points="2841,5840 2979,5840 2979,6024 2841,6024"/>
                    <TextEquiv>
                        <Unicode>je</Unicode>
                    </TextEquiv>
                    <TextStyle fontFamily="Times New Roman" fontSize="7.5"/>
                </Word>
                <Word id="w_w2aab1b1b2b5b3ac55" language="English" custom="readingOrder {index:4;}">
                    <Coords points="3041,5883 3215,5883 3215,5994 3041,5994"/>
                    <TextEquiv>
                        <Unicode>ne</Unicode>
                    </TextEquiv>
                    <TextStyle fontFamily="Times New Roman" fontSize="7.5"/>
                </Word>
                <Word id="w_w2aab1b1b2b5b3ac61" language="English" custom="readingOrder {index:5;}">
                    <Coords points="3285,5843 3879,5843 3879,6046 3285,6046"/>
                    <TextEquiv>
                        <Unicode>fcaypas</Unicode>
                    </TextEquiv>
                    <TextStyle fontFamily="Times New Roman" fontSize="7.5"/>
                </Word>
                <TextEquiv>
                    <Unicode>reſerve de Caſtillante, je ne ſcay pas</Unicode>
                </TextEquiv>
            </TextLine>
            <TextLine id="tl_28" primaryLanguage="English" custom="readingOrder {index:2;}">
                <Coords points="1021,5994 3877,5994 3877,6268 1021,6268"/>
                <Baseline points="1022,6161 1213,6161 2100,6220 2384,6188 2627,6224 2825,6199 3116,6204 3876,6188"/>
                <Word id="w_w2aab1b1b2b5b5ab1" language="English" custom="readingOrder {index:0;}">
                    <Coords points="1022,5994 1779,5994 1779,6192 1022,6192"/>
                    <TextEquiv>
                        <Unicode>Madame»</Unicode>
                    </TextEquiv>
                    <TextStyle fontFamily="Times New Roman" fontSize="9.5" bold="true"/>
                </Word>
                <Word id="w_w2aab1b1b2b5b5b1b1" language="English" custom="readingOrder {index:1;}">
                    <Coords points="1846,6016 2100,6016 2100,6220 1846,6220"/>
                    <TextEquiv>
                        <Unicode>luy</Unicode>
                    </TextEquiv>
                    <TextStyle fontFamily="Times New Roman" fontSize="7.5"/>
                </Word>
                <Word id="w_w2aab1b1b2b5b5b1b9" language="English" custom="readingOrder {index:2;}">
                    <Coords points="2162,6017 2384,6017 2384,6188 2162,6188"/>
                    <TextEquiv>
                        <Unicode>die</Unicode>
                    </TextEquiv>
                    <TextStyle fontFamily="Times New Roman" fontSize="7.5"/>
                </Word>
                <Word id="w_w2aab1b1b2b5b5b1c17" language="English" custom="readingOrder {index:3;}">
                    <Coords points="2434,6026 2627,6026 2627,6224 2434,6224"/>
                    <TextEquiv>
                        <Unicode>il,</Unicode>
                    </TextEquiv>
                    <TextStyle fontFamily="Times New Roman" fontSize="7.5"/>
                </Word>
                <Word id="w_w2aab1b1b2b5b5b1c25" language="English" custom="readingOrder {index:4;}">
                    <Coords points="2718,6026 2825,6026 2825,6199 2718,6199"/>
                    <TextEquiv>
                        <Unicode>fi</Unicode>
                    </TextEquiv>
                    <TextStyle fontFamily="Times New Roman" fontSize="7.5"/>
                </Word>
                <Word id="w_w2aab1b1b2b5b5b1c31" language="English" custom="readingOrder {index:5;}">
                    <Coords points="2886,6083 3116,6083 3116,6204 2886,6204"/>
                    <TextEquiv>
                        <Unicode>ma</Unicode>
                    </TextEquiv>
                    <TextStyle fontFamily="Times New Roman" fontSize="7.5"/>
                </Word>
                <Word id="w_w2aab1b1b2b5b5b1c37" language="English" custom="readingOrder {index:6;}">
                    <Coords points="3161,6049 3876,6049 3876,6258 3161,6258"/>
                    <TextEquiv>
                        <Unicode>paflîonne</Unicode>
                    </TextEquiv>
                    <TextStyle fontFamily="Times New Roman" fontSize="7.5"/>
                </Word>
                <TextEquiv>
                    <Unicode>Madame, luy dit il, ſi ma paſſion ne</Unicode>
                </TextEquiv>
            </TextLine>
            <TextEquiv>
                <Unicode>apres tout le monde eſtant ſorti, a la
reſerve de Caſtillante, je ne ſcay pas
Madame, luy dit il, ſi ma paſſion ne</Unicode>
            </TextEquiv>
        </TextRegion>
        <SeparatorRegion id="r_2" custom="readingOrder {index:4;}">
            <Coords points="32,4220 71,4220 71,5349 32,5349"/>
        </SeparatorRegion>
        <SeparatorRegion id="r_3" custom="readingOrder {index:5;}">
            <Coords points="4178,576 4227,576 4238,3768 4189,3768"/>
        </SeparatorRegion>
        <SeparatorRegion id="r_4" custom="readingOrder {index:6;}">
            <Coords points="4197,3768 4238,3768 4238,5160 4197,5160"/>
        </SeparatorRegion>
        <TextRegion id="region_1546015656558_6812" custom="readingOrder {index:7;}">
            <Coords points="3505,6283 3506,6402 3883,6402 3882,6283"/>
            <TextLine id="line_1546015656707_6815" custom="readingOrder {index:0;}">
                <Coords points="3505,6282 3882,6282 3883,6402 3506,6402"/>
                <Baseline points="3506,6397 3883,6397"/>
                <Word id="word_1546015681230_6823" custom="readingOrder {index:0;}">
                    <Coords points="3505,6285 3878,6285 3878,6394 3505,6394"/>
                    <TextEquiv>
                        <Unicode></Unicode>
                    </TextEquiv>
                </Word>
                <TextEquiv>
                    <Unicode>vous</Unicode>
                </TextEquiv>
            </TextLine>
            <TextEquiv>
                <Unicode>vous</Unicode>
            </TextEquiv>
        </TextRegion>
    </Page>
</PcGts>
