4267 7692
1651 571 1868 740 25
1883 643 1916 684 -

376 789 944 959 manqua
992 785 1320 950 pas,
1408 731 1788 933 auffy
1819 740 2436 944 l’argent
2504 782 2676 899 ne
2715 730 2944 899 fut
3016 794 3268 950 pas

360 953 937 1175 pluftoft
995 945 1493 1110 Conté
1564 935 2100 1156 qu’elle
2139 947 2384 1144 luy
2436 942 2716 1103 tint
2768 945 3272 1154 parole

356 1213 689 1327 avec
736 1197 1061 1314 tout
1131 1153 1861 1309 l’honneur
1928 1155 2377 1352 qu’on
2448 1194 2797 1355 peut
2872 1153 3285 1310 avoir

357 1418 513 1527 en
553 1417 733 1523 un
773 1361 973 1522 tel
1041 1356 1581 1514 traitté.
1684 1364 2125 1561 Quoy
2193 1402 2469 1559 que
2540 1354 3289 1515 Caftillan-

357 1614 505 1727 te
592 1566 866 1727 fuft
933 1572 1342 1721 entré
1413 1564 1822 1773 parla
1901 1551 2430 1709 mefme
2497 1610 2926 1767 porte
3001 1613 3290 1770 que

365 1769 946 1982 Crifpin
1014 1873 1062 1934 ,
1134 1768 1414 1921 elle
1494 1812 1666 1921 en
1742 1755 1966 1920 ufa
2038 1759 2534 1916 mieux
2566 1814 2910 1927 avec
2949 1766 3282 1966 luy,

349 1968 1826 2183 foitqu’elleefperaft
1866 2011 2038 2116 en
2086 1967 2434 2116 tirer
2505 1962 2682 2123 de
2770 1969 3290 2178 grands

354 2217 1107 2378 avantages
1206 2269 1254 2333 ,
1401 2172 1671 2325 foit
1782 2164 2131 2368 qu’il
2254 2163 2547 2323 eufi:
2662 2170 3291 2379 quelque

366 2377 807 2583 grand
887 2377 1395 2525 mérité
1471 2368 1923 2529 caché
2007 2363 2263 2568 qui
2350 2367 2595 2563 luy
2659 2382 2943 2530 tint
2994 2378 3295 2534 lieu

366 2582 539 2735 de
586 2573 1407 2757 libéralité,
1443 2576 1723 2729 elle
1767 2615 1947 2716 ne
1982 2563 2227 2763 luy
2278 2574 2987 2734 demanda
3035 2629 3295 2786 pas

362 2790 544 2943 de
607 2781 1352 2937 nouvelles
1447 2819 2044 2985 preuves
2178 2763 2848 2927 d’amour
2915 2830 3296 2987 pour

355 2986 608 3178 luy
671 2985 1212 3139 donner
1283 2976 1460 3134 de
1524 2972 2276 3132 nouvelles
2347 2975 3004 3171 faveurs,
3075 2981 3292 3138 fes

359 3190 612 3347 dix
679 3181 1084 3338 mille
1151 3181 1580 3337 livres
1647 3184 1788 3341 le
1863 3187 2284 3336 firent
2368 3187 2820 3339 aimer
2924 3193 3284 3350 trois

360 3441 769 3590 moys
811 3381 1365 3569 durant,
1408 3383 1757 3545 c’eft
1796 3436 1873 3544 a
1923 3379 2233 3545 dire
2275 3391 2833 3539 traitter
2868 3442 3293 3550 com¬

361 3646 589 3751 me
633 3594 865 3750 s’il
904 3585 1197 3746 euft
1232 3592 1517 3749 efté
1552 3592 2029 3764 aimé,
2076 3590 2873 3792 cepandant
2908 3597 3289 3759 Can-

364 3802 701 3959 dole
776 3841 1198 3994 ayant
1256 3844 1677 3953 receu
1792 3796 2005 3948 les
2124 3795 2629 3951 lettres
2697 3846 2949 3999 par
3016 3789 3293 3954 les¬

360 3997 902 4215 quelles
973 4053 1174 4154 on
1241 4005 1494 4201 luy
1565 3999 2226 4153 mandert
2269 3995 2474 4148 les
2549 4006 3298 4162 nouvelles

361 4202 914 4371 affaires
977 4209 1158 4366 de
1265 4200 1410 4361 fa
1501 4191 2278 4361 Maiftreffe
2369 4203 2622 4395 luy
2713 4198 3318 4370 efcrivié

365 4414 751 4575 celle
813 4457 1046 4605 cy.

1211 4813 2461 4995 lettre

374 5202 690 5629 Q
759 5190 1201 5367 uand
1315 5242 1637 5368 vous
1719 5174 2309 5411 fournis
2423 5234 2757 5350 vous
2863 5182 3289 5410 jufli-

719 5427 977 5655 fier
1047 5498 1141 5608 a
1183 5490 1493 5663 moy
1531 5426 1705 5599 de
1739 5474 2181 5599 toutes
2227 5434 2425 5594 les
2463 5413 2917 5643 chofes
2955 5433 3297 5602 dont

376 5719 545 5828 on
584 5715 897 5839 vous
968 5670 1449 5900 accufe
1536 5671 1585 5895 ,
1639 5670 1817 5895 je
1892 5730 2109 5839 no
2087 5658 2321 5891 fer
2328 5670 2513 5827 ois
2576 5678 2885 5882 plus
2964 5721 3297 5839 vous

376 5903 813 6072 aimer
892 5963 941 6128 ,
1060 5918 1529 6128 quand
1684 5962 2017 6083 vous
2115 5890 2537 6135 fériés
2656 5913 3225 6082 malbeu
3236 6014 3297 6046 -

376 6134 745 6364 reufe
780 6195 838 6355 ,
920 6195 1241 6324 vous
1276 6214 1366 6383 y
1448 6142 1790 6331 avés
1868 6203 2170 6383 trop
2212 6130 2909 6322 contribué
2960 6193 3294 6379 pour

1872 6403 2014 6563 B
3124 6449 3302 6566 ne
