4267 7612
1762 566 1870 722 5
1870 634 1910 674 -

446 734 658 890 nir
734 730 1282 886 Comté
1358 726 1538 882 de
1606 758 1926 870 tout
1998 758 2166 870 ce
2226 758 2502 926 que
2546 762 2902 874 vous
2950 726 3302 874 avéz

438 934 686 1094 fait
758 978 1118 1130 pour
1150 970 1494 1118 moy
1542 922 1778 1078 des
1818 926 1954 1122 le
2006 922 2626 1122 premier
2666 926 2982 1114 jour
3030 970 3310 1122 que

438 1178 786 1286 vous
830 1146 1370 1282 m’avez
1406 1130 1982 1298 veüe,&
2026 1114 2334 1274 cela
2370 1170 2602 1278 me
2646 1126 2970 1274 doit
3018 1122 3302 1274 ser¬

426 1334 642 1490 vir
750 1322 1414 1486 d’excuse
1478 1322 1930 1534 quand
1994 1330 2118 1514 je
2182 1374 2542 1474 vous
2602 1370 3302 1514 avoueray

426 1578 702 1738 que
742 1530 874 1722 je
918 1582 1278 1686 vous
1310 1530 1722 1682 aime,
1758 1546 1994 1690 Ne
2034 1530 2394 1674 m'en
2434 1518 2990 1678 eftimés
3054 1570 3310 1722 pas

430 1734 914 1882 moins
958 1826 1002 1902 j
1074 1730 1390 1930 puis
1466 1726 1802 1930 qu’il
1858 1770 1930 1870 a
1966 1730 2814 1926 longtemps
2850 1770 3134 1922 que
3178 1730 3314 1918 je

438 1974 790 2086 vous
834 1966 1322 2078 entens
1358 1930 2030 2126 soupirer,
2066 1934 2214 2086 L
2270 1918 2730 2118 quand
2778 1918 3310 2070 mesure

426 2174 618 2278 on
674 2130 1338 2322 pourroit
1418 2170 1986 2274 trouver
2058 2122 2666 2318 quelque
2734 2118 3150 2274 chofe
3226 2166 3310 2270 a

430 2330 874 2482 redire
914 2370 978 2470 a
1026 2374 1366 2470 mon
1402 2366 1674 2522 peu
1714 2310 1890 2462 de
1938 2310 2714 2466 reiiftance.
2846 2326 3074 2470 Ce
3114 2310 3322 2466 fe-

430 2534 718 2678 roit
774 2574 1038 2678 une
1122 2566 1694 2714 marque
1786 2518 1954 2666 de
1994 2506 2118 2666 la
2174 2518 2582 2662 force
2626 2514 2802 2658 de
2850 2518 3318 2670 voftre

438 2722 1842 2922 meritepluftcftque
1890 2710 2066 2862 de
2110 2762 2342 2862 ma
2386 2710 2978 2862 facilité.

646 2930 1110 3110 Apres
1150 2918 1446 3070 cela
1482 2918 1766 3062 l'on
1814 2958 2158 3110 peut
2214 2918 2542 3062 bien
2586 2926 2990 3114 juger
3030 2958 3314 3114 que

438 3122 574 3274 la
706 3126 1194 3270 Dame
1270 3166 1442 3270 ne
1502 3114 1722 3270 fut
1790 3162 2030 3314 pas
2110 3114 2938 3318 longtemps
3002 3114 3302 3258 fans

442 3314 974 3466 donner
1106 3326 1306 3474 les
1374 3310 2074 3466 dernieres
2150 3310 2698 3462 faveurs
2766 3362 2938 3466 au
3010 3322 3322 3466 Ca-

430 3514 998 3690 vailler,
1130 3522 1282 3674 &
1350 3522 1654 3670 cela
1714 3510 2062 3666 dura
2142 3558 2630 3710 quatre
2710 3562 2902 3666 ou
2970 3518 3310 3714 cinq

430 3718 806 3862 mois
894 3718 1070 3870 de
1142 3722 1454 3918 part
1518 3722 1670 3874 Sc
1726 3722 2338 3870 d’autres
2418 3714 2718 3870 fans
2774 3714 3142 3918 qu’il
3210 3762 3314 3902 y

426 3906 738 4062 euft.
878 3958 1330 4122 aupun
1454 3958 1906 4066 tracas
1986 4034 2026 4090 ,
2182 3922 2542 4058 mais
2682 3914 3062 4058 enfin
3182 3910 3322 4058 la

442 4114 954 4266 beauté
1090 4102 1918 4266 d’ArdeliCe
2050 4094 2526 4254 laifoit
2662 4150 2990 4306 trop
3126 4102 3314 4254 de

438 4310 938 4478 bruit,
1034 4322 1186 4470 &
1226 4358 1618 4458 cette
1654 4298 2398 4502 conquefte
2434 4346 2842 4502 prom
2870 4306 3314 4458 ettoit

430 4550 770 4686 trop
866 4506 1046 4650 de
1134 4506 1594 4706 gloire
1690 4546 1766 4642 a
1862 4502 2106 4702 qui
2214 4502 2346 4646 la
2434 4506 2874 4658 feroit
2954 4554 3322 4690 pour

430 4698 870 4854 Iailler
962 4698 1798 4850 Oroondate
1862 4746 2030 4850 en
2106 4742 2614 4906 repos,
2678 4714 2834 4866 &
2930 4714 3318 4862 Can-

438 4902 758 5054 dole
838 4902 1078 5102 qui
1166 4890 1574 5054 eftoit
1650 4898 2374 5050 l’homme
2402 4902 2586 5058 de
2614 4906 2742 5058 la
2782 4954 3146 5062 cour
3178 4906 3318 5058 le

442 5106 922 5250 mieux
1030 5098 1386 5278 fait,
1490 5146 1806 5250 crut
1882 5098 2242 5302 qu’il
2330 5150 2502 5250 ne
2562 5110 3318 5310 manquoic

442 5298 726 5450 rien
838 5346 914 5454 a
1018 5298 1150 5450 fa
1246 5298 2054 5506 réputation
2122 5346 2398 5502 que
2462 5302 2774 5454 cela
2858 5398 2906 5478 ,
3010 5302 3114 5454 il
3182 5298 3318 5454 fe

450 5498 958 5646 résolut
1030 5502 1406 5658 donc
1474 5506 1834 5654 trois
1890 5502 2258 5654 mois
2298 5546 2694 5706 apres
2742 5502 2874 5654 la
2914 5550 3314 5654 cam¬

446 5738 910 5898 pagne
1010 5698 1346 5854 finie
1438 5694 1938 5854 d’eftre
2042 5750 2822 5854 amoureux
2898 5698 3318 5850 d’elle

458 5886 838 6054 fitoft
902 5902 1234 6098 qu’il
1314 5906 1450 6054 la
1510 5902 2170 6074 verroit,
2270 5902 2378 6054 il
2446 5906 2610 6058 fit
2682 5902 3022 6058 voir
3066 5946 3318 6098 par

466 6142 730 6254 une
814 6094 1330 6302 grande
1426 6102 1962 6310 pafiîon
2058 6102 2418 6306 qu’il
2482 6150 2726 6262 eut
2790 6094 3318 6254 ensuite

1850 6310 1994 6450 A
2110 6354 2190 6510 3
2958 6350 3330 6510 pour
