4267 7647
1678 447 1952 586 21.
418 669 790 799 ment
858 671 1046 780 un
1105 613 1630 778 deflein
1694 613 2050 771 mais
2121 651 2566 768 encor
2629 647 2822 756 un
2897 605 3270 762 heu¬

407 881 744 995 reux
771 829 1252 985 luccés
1287 917 1336 1005 ,
1411 831 1564 988 &
1595 812 2228 1035 qu’enfin
2255 807 2728 1019 quand
2763 802 3040 959 elle
3095 856 3276 957 ne

388 1035 805 1195 servit
872 1075 1113 1240 pas
1180 1026 1965 1232 coupable,
2036 1005 3285 1170 ildeuroitn’eftre

393 1279 645 1444 ias
706 1275 1314 1389 content
1373 1224 1810 1389 d’elle
1837 1225 2014 1382 de
2042 1222 2455 1394 voir,
2490 1206 3010 1417 qu’elle
3041 1209 3274 1365 fut

389 1438 1296 1649 oupçonnée
1407 1432 1592 1589 de
1667 1473 1984 1591 tout
2055 1428 2196 1576 le
2231 1408 2848 1595 monde,
2911 1416 3272 1565 mais

377 1645 1013 1848 pendant
1089 1685 1369 1847 que
1433 1683 1673 1792 ces
1745 1622 2461 1786 nouvelles
2541 1621 3281 1814 vontpdr-

390 1887 615 1991 ter
682 1849 815 1994 la
890 1886 1231 2043 rage
1290 1833 1631 1989 dans
1686 1834 2119 1987 l’arne
2158 1823 2335 1979 de
2386 1815 3131 1989 Candole,
3170 1812 3279 1972 il

387 2042 584 2195 eft
647 2085 724 2194 a
803 2085 1344 2241 propos
1407 2040 1592 2197 de
1623 2037 2084 2239 parler
2111 2027 2288 2176 de
2335 2006 3288 2192 lanaiflànee,

388 2235 577 2392 du
653 2246 1350 2442 progrès,
1420 2243 1574 2392 &
1648 2229 2021 2379 delà
2104 2219 2301 2368 fin
2336 2213 2517 2370 de
2552 2220 2685 2372 la
2733 2221 3273 2423 palîion

390 2435 571 2591 de
678 2435 1543 2598 Caftillanté.
1698 2416 2519 2583 Caftillante
2618 2426 3023 2574 avoit
3126 2420 3271 2572 la

388 2634 796 2793 taille
871 2635 1356 2817 belle,
1427 2628 1576 2788 le
1652 2625 2124 2833 vifàge
2159 2615 3276 2827 agréable,bien

389 2835 574 2992 de
673 2837 806 2990 la
917 2843 1678 3044 propreté,
1797 2833 2106 2982 fort
2165 2867 2446 3027 peu
2525 2814 3270 3022 d’Efprit,

386 3037 923 3196 mefme
994 3037 1675 3195 naiflance
1718 3037 1871 3194 &
1926 3014 3275 3229 mefmeprofellïon

384 3286 660 3444 que
767 3243 1332 3443 Crifpin
1416 3336 1469 3412 ,
1595 3242 1753 3399 &
1843 3237 2609 3433 beaucoup
2675 3219 2856 3379 de
2939 3221 3272 3378 bien

389 3484 966 3594 comme
1105 3446 1438 3638 luy,
1533 3431 1642 3587 il
1693 3433 2122 3592 eftoit
2197 3478 2278 3587 a
2289 3422 2546 3586 (Tés
2601 3431 2946 3583 bien
3013 3424 3282 3577 fait

383 3687 755 3840 pour
842 3640 1203 3799 faire
1283 3639 1751 3793 croire
1823 3676 2103 3834 que
2174 3634 2419 3774 s'il
2498 3615 2787 3773 euft
2846 3632 3279 3823 porté

376 3834 969 4046 l’efpée,
1048 3842 1153 3991 il
1220 3836 1513 3994 euft
1564 3882 1745 3987 eu
1808 3837 1993 3986 de
2052 3835 2601 3980 bonnes
2635 3815 3281 3978 fortunes

389 4090 750 4248 pour
825 4020 1078 4196 son
1153 4044 1678 4198 mérité
1749 4030 2654 4192 feulement,
2753 4021 3110 4170 mais
3141 4020 3278 4172 fa

383 4233 1159 4444 profession
1270 4248 1452 4402 &
1566 4227 1775 4383 ses
1887 4214 2539 4381 richefles
2618 4211 3279 4371 faifoient

392 4435 1297 4645 foubçonner
1392 4475 1673 4641 que
1764 4467 2241 4577 toutes
2344 4418 2553 4574 les
2656 4415 3281 4577 femmes

386 4637 726 4840 qu'il
801 4635 1198 4789 avoit
1229 4627 1754 4782 aimées
1793 4620 2394 4782 eftoient
2429 4614 3286 4808 intereflees,

391 4839 500 5012 fi
567 4841 896 4994 bien
963 4886 1240 5040 que
1299 4826 1780 5041 quand
1847 4880 2036 4982 on
2070 4824 2212 4980 le
2239 4826 2464 4983 vit
2491 4872 3292 4980 amoureux

396 5034 1221 5204 d’Ardelife
1257 5157 1297 5218 »
1336 5084 1525 5188 on
1564 5078 1741 5187 ne
1768 5029 2209 5186 douta
2244 5029 2673 5231 point
2708 5029 3069 5236 qu’il
3108 5071 3289 5180 ne

401 5247 622 5408 fut
674 5241 1034 5397 aimé
1082 5288 1446 5451 pour
1477 5228 1726 5392 fon
1766 5271 2314 5441 argent.

611 5445 820 5598 Le
891 5447 1240 5638 Roy
1303 5484 1708 5645 apres
1787 5436 2192 5593 avoir
2255 5420 2632 5659 passé
2671 5428 2876 5584 les
2931 5425 3284 5582 eftés

404 5635 853 5800 furies
892 5641 1697 5823 frontières,
1748 5630 2409 5798 revenoit
2440 5627 3289 5785 d’ordinaire

414 5847 503 5991 à
578 5844 975 5998 Paris
1038 5847 1243 5999 les
1302 5849 1823 6045 hyvers
1898 5896 2095 5997 ou
2170 5885 2499 5999 tous
2533 5832 2743 5989 les
2794 5834 3294 5987 diver-

419 6034 1120 6212 tUTemens
1223 6045 1408 6206 du
1503 6045 2048 6214 monde
2107 6043 2984 6253 occupoient
3047 6025 3296 6177 fon

2877 6225 3321 6445 esprit
