4267 7701
2394 543 2495 687 6
2514 631 2546 676 .

1028 771 1401 931 pour
1461 714 1833 899 elle,
1896 718 2481 932 qu'elles
2557 760 2729 872 ne
2805 717 3117 891 font
3208 784 3453 940 pas
3525 756 3909 909 tous-

1015 946 1408 1126 jours
1496 925 1744 1078 des
1811 971 2264 1133 coups
2335 918 2532 1087 du
2595 917 2944 1086 Ciel
3003 978 3192 1091 ou
3219 940 3392 1096 de
3431 937 3564 1098 la
3611 938 3908 1107 for-

1026 1172 1427 1283 tune.

1237 1326 1910 1488 Candole
2017 1330 2422 1489 avait
2521 1323 2730 1476 les
2833 1373 3210 1522 yeux
3269 1344 3686 1501 bleus
3757 1355 3914 1512 &

1024 1534 1364 1684 bien
1396 1529 1784 1719 faits,
1824 1531 2028 1688 les
2072 1534 2329 1690 trai
2352 1574 2480 1683 ts
2524 1527 3376 1730 irréguliers,
3400 1545 3540 1698 la
3564 1550 3932 1704 bou-

1023 1735 1299 1880 che
1362 1735 1915 1933 grande
1979 1740 2135 1889 &
2207 1715 3111 1928 delâgreable
3162 1819 3219 1908 »
3311 1746 3663 1894 mais
3754 1751 3927 1904 de

1017 1926 1330 2087 fort
1433 1926 1810 2086 belle
1905 1928 2250 2085 dens
2345 2042 2386 2111 ,
2525 1935 2730 2084 les
2845 1934 3486 2101 cheveux
3589 1946 3934 2103 d’un

1028 2124 1493 2287 blond
1564 2126 1921 2287 doré
1996 2180 2169 2281 en
2200 2131 2697 2331 laplus
2736 2135 3265 2333 grande
3300 2151 3937 2349 quantité

1035 2326 1235 2487 du
1303 2330 1915 2512 monde,
1979 2328 2119 2489 fa
2183 2331 3935 2536 tailleeftoitadmirable,

1026 2527 1139 2691 il
1210 2531 2018 2694 s’habilloit
2090 2545 2426 2690 bien
2498 2543 2651 2700 &
2718 2541 3278 2747 lesplus
3341 2601 3934 2757 propres

1024 2727 1873 2938 tafchoyent
1980 2736 2165 2893 de
2220 2742 2921 2918 l’imiter,
2988 2743 3093 2903 il
3168 2753 3569 2901 avoit
3628 2751 3945 2908 l’air

1027 2938 1384 3091 d’un
1419 2937 2024 3093 homme
2055 2945 2240 3097 de
2271 2944 2816 3150 qualité
2879 3070 2911 3122 ,
2959 2954 3112 3107 &
3155 2953 3616 3106 tenoit
3651 2950 3944 3108 l’un

1026 3142 1283 3295 des
1354 3151 2127 3345 premières
2166 3193 2587 3343 rangs
2622 3148 2803 3297 de
2842 3153 3466 3329 France,
3506 3203 3934 3306 com¬

1029 3387 1269 3495 me
1305 3388 1493 3497 on
1533 3343 1989 3504 diroit
2033 3392 2105 3501 a
2148 3355 2705 3554 prelent
2737 3349 2917 3505 de
2957 3358 3317 3511 Duc
3365 3365 3517 3517 &
3569 3355 3945 3540 Pair,

1023 3539 1140 3695 il
1207 3540 1632 3701 eftoit
1715 3550 2668 3709 Gouverneur
2727 3549 2976 3710 des
3019 3558 3952 3765 Gergoniens

1026 3786 1207 3895 en
1298 3745 1762 3915 Chef,
1826 3755 1979 3920 &
2046 3744 2299 3910 des
2370 3762 3511 3970 Bourguignons
3594 3806 3950 3916 con-

1017 3946 1894 4138 jointement
2033 4000 2382 4111 avec
2517 3955 2762 4112 fon
2861 4010 3206 4166 pere
3325 3960 3962 4121 Bernard

1028 4134 2164 4345 d’Angleterre,
2232 4162 2377 4314 &
2436 4155 3077 4320 General
3124 4159 3308 4316 de
3344 4162 3956 4397 l’Infan-

1027 4348 1403 4495 terie
1482 4344 2203 4550 gauloife,
2311 4354 2911 4556 legenie
2954 4406 3131 4511 en
3162 4356 3583 4517 eftoit
3650 4410 3955 4520 me-

1033 4534 1638 4726 diocre,
1729 4548 2090 4700 mais
2225 4542 2578 4703 dans
2657 4556 2866 4705 les
2941 4569 3726 4763 premières
3805 4615 3950 4724 a-

1036 4786 1541 4899 mours
1620 4746 1729 4902 il
1760 4747 2181 4908 eftoit
2220 4752 2745 4909 tombé
2792 4802 3193 4912 entre
3244 4768 3453 4916 les
3496 4775 3949 4923 mains

1027 4942 1459 5101 d’une
1563 4954 2051 5109 Dame
2102 4958 2356 5157 qui
2411 4956 2811 5113 avoit
2883 4958 3707 5123 infiniment
3771 4971 3951 5128 de

1030 5146 1750 5353 l’Efprit-,
1785 5163 1938 5320 L
1986 5204 2318 5310 corn
2338 5207 2566 5312 me
2590 5160 2762 5317 ils
2798 5158 3582 5384 s’eftoyent
3613 5214 3954 5332 tous

1036 5346 1421 5513 deux
1484 5349 1789 5515 fort
1856 5356 2385 5515 aimées
2444 5363 2729 5521 elle
2780 5371 3189 5526 avoit
3260 5377 3553 5577 pris
3644 5418 3949 5532 tant

1039 5550 1224 5703 de
1283 5552 1588 5709 foin
1651 5606 1724 5714 a
1807 5559 1944 5716 le
2027 5554 2631 5740 dresser,
2675 5576 2832 5729 &
2871 5566 3124 5771 luy
3163 5567 3344 5728 de
3375 5577 3824 5781 plaire
3867 5612 3944 5737 a

1034 5795 1439 5911 cette
1498 5762 1882 5919 belle
1922 5860 1974 5940 »
2022 5812 2306 5969 que
2374 5766 2798 5928 l’Art
2854 5775 3254 5935 avoit
3341 5778 3715 5981 passé
3802 5779 3938 5936 la

1037 5999 1609 6142 nature,
1685 5970 1845 6131 &
1920 5974 2285 6180 qu’il
2357 5967 2781 6133 eftoit
2817 5973 3573 6190 beaucoup
3608 5983 3933 6191 plus

1039 6158 1628 6329 honefte
1715 6170 2316 6338 homme
2427 6227 2712 6391 que
2783 6182 3192 6350 mille
3279 6232 3620 6397 gens
3683 6188 3936 6387 qui

3358 6382 3935 6548 avoient
