4267 7683
2319 480 2421 633 8
2435 597 2476 634 .

936 678 1530 871 d'aimer
1604 692 1653 902 ,
1776 694 1950 880 &
2052 709 2230 934 je
2336 768 2510 878 ne
2592 703 3205 941 fçaurois
3316 795 3629 919 vous
3700 759 3833 925 le

922 936 1219 1104 dire
1321 1005 1587 1166 que
1686 997 2219 1118 comme
2326 995 2627 1126 tout
2754 961 2887 1118 le
2946 987 3431 1144 monde
3509 1041 3834 1161 vous

931 1176 1072 1342 le
1179 1179 1384 1353 dit
1427 1242 1480 1392 ,
1599 1241 1768 1357 ne
1866 1195 2356 1412 prenés
2475 1194 2816 1359 donc
2914 1217 3284 1416 point
3390 1231 3836 1445 garde

924 1472 1237 1585 aux.
1284 1432 1821 1645 paroles
1908 1437 2142 1648 qui
2212 1419 2538 1660 font
2572 1425 3002 1652 foible
3008 1496 3069 1600 s
3144 1446 3189 1635 ,
3300 1447 3478 1617 &
3607 1469 3842 1675 qui

901 1696 1503 1869 peuvent
1562 1656 1895 1881 ejlre
1974 1651 2807 1889 trompeufes
2881 1731 2926 1872 ,
3006 1686 3351 1850 mais
3393 1696 3851 1913 faites

907 1885 1556 2111 réflexion
1614 1892 1864 2109 fur
1935 1912 2084 2069 la
2187 1905 2812 2076 conduite
2926 1967 3188 2132 que
3230 1922 3400 2147 je
3491 1981 3844 2101 veux

912 2143 1310 2301 avoir
1376 2191 1726 2310 avec
1804 2190 2134 2311 vous
2212 2171 2249 2340 ,
2340 2172 2530 2314 &
2572 2136 2722 2364 fi
2792 2162 3053 2320 elle
3132 2213 3449 2337 vous
3532 2155 3841 2385 tef-

910 2375 1451 2600 moigne
1561 2435 1827 2597 que
1925 2428 2267 2601 pour
2382 2401 2531 2558 la
2662 2407 3351 2567 continuer
3461 2454 3763 2574 tous
3778 2512 3850 2545 -

894 2604 1296 2829 jours
1403 2622 1576 2783 de
1695 2611 2208 2841 mefme
2290 2632 2688 2857 force
2795 2646 2905 2799 il
3022 2640 3384 2873 faut
3511 2647 3848 2875 ejlre

900 2853 1594 3024 vivement
1676 2846 2198 3027 touché
2280 2920 2341 3069 ,
2428 2864 2909 3036 rendes
2984 2928 3313 3050 vous
3436 2941 3537 3050 a
3624 2939 3849 3051 ces

890 3073 1911 3327 tefmoignages
1949 3084 1990 3289 ,
2069 3085 2252 3271 &
2337 3092 2787 3336 crojés
2873 3159 3131 3323 que
3201 3128 3511 3335 puis
3585 3171 3843 3339 que

878 3316 1048 3537 je
1131 3375 1456 3502 vous
1535 3344 1904 3504 aime
1962 3333 2113 3557 fi
2146 3350 2472 3576 fort
2570 3403 2619 3545 ,
2747 3347 3348 3576 neflant
3458 3400 3840 3574 point

896 3555 1278 3731 aimé
1396 3574 1569 3739 de
1684 3625 2005 3746 vous
2092 3586 2136 3808 ,
2307 3588 2481 3809 je
2600 3643 2925 3758 vous
3072 3602 3741 3816 adoreray
3784 3713 3837 3793 ,

889 3804 1383 4021 quand
1489 3863 1811 3982 vous
1969 3809 2587 4001 marnés
2705 3812 3159 4060 obligé
3297 3835 3835 4007 d’avoir

883 4036 1060 4202 de
1135 4051 1292 4209 la
1415 4045 2519 4258 reconnoiffance.

1117 4259 1782 4422 Ardeiife
1840 4317 2266 4465 ayant
2316 4330 2745 4445 receu
2812 4336 3205 4452 cette
3240 4299 3669 4452 lettre
3736 4348 3833 4493 y

886 4453 1112 4615 fift
1150 4457 1531 4663 aufly
1566 4458 1852 4626 toft
1882 4469 2619 4683 refponce.

1693 4926 2973 5113 LETTRE.

1121 5299 1358 5490 $?'ll
1428 5378 1498 5531 y
1580 5380 1686 5493 a
1760 5337 2338 5546 quelque
2372 5327 2766 5553 chofe
2808 5390 3074 5555 que
3156 5388 3482 5515 votts
3512 5394 3825 5512 em-

1141 5541 1627 5772 pefche
1670 5550 2155 5797 d’efire
2190 5620 2431 5741 cm
2465 5630 2518 5791 ,
2569 5575 3060 5792 quand
3093 5636 3427 5758 vous
3453 5621 3814 5802 par¬

879 5780 1088 5942 lés
1163 5791 1332 5952 de
1411 5846 1644 5963 vos
1687 5861 2248 5978 amours
2287 5861 2344 6005 ,
2427 5861 2580 5983 ce
2651 5810 2997 6048 nef
3050 5872 3308 6050 pas
3406 5831 3808 6046 qu’ils

881 6034 1982 6257 m’importunent
2104 6166 2157 6254 3
2308 6032 2630 6288 défi
2752 6117 3017 6286 que
3140 6113 3478 6247 vous
3632 6115 3805 6233 en

3528 6340 3798 6522 par
