4267 7447
1741 641 1945 793 27
1953 713 1993 749 -

480 807 1124 979 combat,
1200 804 1345 960 &
1392 800 1684 949 cela
1740 802 2268 950 n’avoit
2312 838 2552 998 pas
2608 838 2868 991 peu
2916 835 3280 944 con¬

476 998 928 1154 tribue
1000 1047 1076 1151 a
1144 999 1792 1196 l’aigreur
1868 993 2040 1145 de
2116 997 2244 1142 fa
2348 994 2836 1163 lettre,
2932 991 3040 1139 il
3112 1044 3300 1148 ne

463 1203 1068 1398 pouvoir
1223 1188 1688 1356 fuffrir
1847 1193 2340 1345 d’eftre
2515 1198 2912 1342 battu
3043 1236 3296 1392 par¬

463 1439 775 1547 tout
815 1483 863 1563 »
927 1403 1079 1559 &
1131 1443 1303 1548 ce
1367 1408 1603 1588 luy
1647 1393 1927 1549 euft
2003 1389 2271 1546 efté
2303 1390 2907 1595 quelque
2943 1435 3299 1536 con-

455 1586 1047 1743 folation
1119 1591 1459 1744 dans
1515 1596 1651 1748 le
1707 1589 2323 1742 malheur
2359 1590 2703 1738 delà
2751 1635 3287 1791 guerr®,

446 1790 691 1938 s’il
722 1791 1007 1939 euft
1042 1795 1322 1944 efté
1358 1796 1670 1992 plus
1714 1793 2326 1941 heureux
2370 1838 2534 1942 en
2582 1784 3287 1943 amour.il

450 2026 1290 2188 commença
1350 1992 1594 2148 fon
1662 2033 2198 2185 voyage
2258 2034 2602 2138 avec
2686 2031 2866 2135 un
2950 1983 3290 2132 cha¬

453 2182 754 2378 grin
797 2179 1917 2375 efpouvantable,
1953 2229 2122 2321 en
2165 2182 3286 2380 d’autres-temps

453 2382 545 2526 il
629 2370 1045 2523 feroit
1105 2424 1461 2536 venu
1533 2373 2205 2573 enpofte,
2305 2382 2645 2522 mais
2701 2423 3285 2528 comme

441 2570 673 2718 s’il
737 2571 1017 2723 euft
1093 2623 1265 2724 eu
1324 2580 1913 2781 quelque
1964 2566 3021 2797 pressentiment
3093 2575 3281 2724 de

436 2762 572 2918 fa
656 2768 1324 2923 mauvaise
1372 2784 1964 2932 fortune,
2000 2769 2100 2917 il
2136 2770 2620 2922 venoit
2656 2767 2952 2923 fort
2976 2771 3288 2920 len¬

440 3006 968 3115 tement
1000 3059 1044 3135 ,
1136 2967 1236 3116 il
1276 3013 2096 3124 commença
2160 2962 2492 3118 dans
2536 2966 2672 3118 le
2704 2971 3280 3120 chemin

443 3158 612 3306 de
711 3159 1124 3315 fentir
1227 3172 1788 3372 quelqu’
1895 3163 3027 3319 incommodité,
3191 3216 3272 3320 a

447 3358 991 3511 Vienne
1071 3359 1167 3507 il
1243 3372 1375 3520 fe
1503 3412 2003 3517 trouva
2067 3361 2363 3518 fort
2435 3367 2803 3543 mal,
2915 3364 3271 3515 mais

435 3598 991 3707 comme
1055 3563 1151 3707 il
1231 3564 1787 3717 n’eftoit
1834 3565 2151 3765 plus
2194 3574 2519 3766 qu’a
2567 3610 2827 3711 une
2874 3567 3267 3755 jour¬

438 3754 686 3902 née
786 3759 958 3907 de
1054 3763 1474 3960 Lyon
1582 3764 1686 3912 il
1806 3805 1898 3949 y
1966 3770 2458 3917 voulut
2546 3763 2882 3911 aller
2986 3767 3278 3912 fca-

434 3954 850 4107 chant
918 3955 1238 4112 bien
1314 3960 1794 4164 qu’ily
1830 3953 2242 4106 feroit
2338 3958 2806 4107 mieux
2870 3959 3274 4112 trait-

433 4146 649 4322 té,
749 4164 1505 4339 cépandant
1573 4160 1778 4304 les
1841 4149 2434 4350 fatigues
2501 4146 2678 4299 de
2721 4151 2842 4303 la
2885 4199 3273 4303 cam¬

433 4382 885 4543 pagne
917 4351 1437 4540 l’ayant
1481 4348 1773 4500 fort
1813 4345 2373 4526 abbatu,
2425 4346 2621 4499 les
2669 4343 3261 4555 defplai-

432 4534 673 4690 firs
740 4543 1757 4717 l’acheverent,
1832 4549 1977 4701 &
2064 4537 2197 4690 fa
2252 4539 2841 4730 jeunesse
2904 4595 3253 4700 avec

420 4738 620 4886 les
692 4731 1420 4896 afliftences
1532 4736 1768 4888 des
1864 4737 2572 4890 médecins
2640 4795 2804 4895 ne
2904 4795 3256 4943 péri¬

428 4978 720 5083 rent
756 4931 996 5127 luy
1028 4935 1496 5100 sauver
1528 4940 1656 5085 la
1684 4937 1988 5093 vie,
2056 4946 2400 5090 mais
2440 4990 3008 5091 comme
3040 4947 3248 5100 les

423 5130 723 5330 plus
799 5139 1295 5331 grands
1355 5177 1771 5288 maux
1847 5177 2011 5285 ne
2079 5133 2327 5322 luy
2367 5182 2939 5338 puerent
2979 5135 3247 5292 fai¬

423 5378 571 5474 re
647 5327 1115 5523 perder
1207 5340 1335 5484 le
1455 5333 2087 5489 souvenir
2203 5330 2375 5482 de
2443 5338 3247 5492 l’infidelité

422 5518 1275 5712 d’Ardelife,
1314 5532 1411 5684 il
1450 5532 1691 5725 luy
1734 5529 2307 5690 efcrivit
2338 5582 2723 5691 cette
2758 5543 3243 5692 Lettre

422 5718 546 5870 la
586 5723 1002 5879 veille
1038 5731 1210 5880 de
1238 5736 1366 5880 fa
1410 5773 1834 5885 mort.

1499 6309 3248 6495 B 2 LET¬
