4267 7638
2332 502 2574 697 14.
1002 695 1652 910 piftolles
1687 696 2048 852 dont
2103 692 2284 852 ils
2347 698 2988 889 eftoyent
3047 746 3871 917 convenus,

997 904 1518 1058 elleles
1565 896 2198 1053 enferma
2233 900 2582 1058 dans
2621 906 3490 1083 uneCafette
3560 1060 3597 1116 ,
3705 949 3862 1106 &

995 1106 1128 1263 fe
1203 1144 1828 1258 mettant
1887 1089 2112 1251 fur
2183 1152 2368 1257 un
2443 1100 2820 1307 petit
2883 1106 3128 1268 lift
3215 1121 3392 1282 de
3447 1183 3864 1341 repos

989 1347 1490 1500 auprès
1537 1300 2078 1498 deluy,
2173 1306 2958 1513 personne,
3025 1315 3262 1509 luy
3333 1322 3542 1480 dit
3581 1337 3862 1490 elle

996 1510 1197 1659 M
1208 1543 1265 1624 r
1268 1592 1296 1624 -
1392 1501 1953 1656 n’efcrit
1984 1554 2153 1655 en
2195 1506 2621 1705 gaule
2656 1551 3225 1661 comme
3256 1565 3664 1705 vous,
3695 1585 3868 1690 ce

986 1716 1267 1902 que
1318 1716 1463 1897 je
1530 1708 1823 1851 vais
1906 1705 2215 1850 dire
2258 1702 2579 1859 n’eft
2614 1744 2859 1904 pas
2918 1750 3275 1907 pour
3314 1718 3663 1890 faire
3730 1737 3867 1886 le

972 1901 1225 2058 bel
1304 1897 1809 2122 esprit,
1932 1900 2293 2053 mais
2360 1905 2474 2058 il
2560 1900 2758 2057 eft
2808 1921 3337 2069 certain
3396 1968 3669 2131 que
3732 1933 3869 2122 je

974 2098 1575 2258 connois
1654 2144 1931 2304 peu
2007 2094 2187 2256 de
2254 2148 2595 2325 gens
2630 2110 2888 2317 qui
2962 2159 3663 2318 enayent:
3730 2133 3871 2286 la

968 2302 1286 2506 plus
1336 2343 1654 2501 part
1701 2352 1874 2452 ne
1917 2350 2282 2457 vous
2329 2310 2786 2465 disent
2820 2357 3098 2522 que
3157 2320 3406 2474 des
3473 2319 3873 2481 sotti¬

963 2501 1172 2655 ses
1263 2508 1420 2665 &
1491 2497 1964 2707 quand
2035 2503 2212 2656 ils
2331 2512 2912 2666 veulent
3007 2516 3508 2679 efcrire
3615 2536 3864 2685 des

957 2701 1458 2859 lettres
1541 2700 2106 2859 tendres
2169 2700 2346 2857 ils
2421 2708 3014 2919 pensent
3053 2722 3450 2879 avoir
3537 2724 3862 2882 bien

952 2915 1725 3059 rencontré
1840 2905 2016 3058 de
2104 2959 2476 3066 vous
2555 2915 2868 3078 dire
2963 2921 3384 3127 qu’ils
3507 2976 3860 3082 vous

950 3106 1642 3279 adorent,
1746 3108 1895 3269 &
1937 3108 2371 3311 qu’ils
2406 3160 2775 3271 vont
2854 3121 3411 3278 mourir
3485 3175 3863 3332 pour

944 3352 1309 3460 vous
1352 3305 1453 3462 6
1496 3356 1853 3460 vous
1896 3357 2069 3459 ne
2092 3307 2297 3468 les
2332 3318 2789 3472 aimés
2868 3442 2912 3506 ,
3007 3367 3289 3536 que
3356 3318 3453 3479 fi
3496 3379 3857 3490 vous

942 3505 1247 3662 leur
1278 3500 1775 3664 faittes
1814 3551 2207 3668 cette
2238 3560 2663 3721 grâce
2730 3517 2911 3670 ils
2990 3575 3359 3685 vous
3430 3527 3863 3693 servi-

941 3753 1274 3864 ront
1305 3748 1713 3868 toute
1757 3716 2065 3863 leur
2105 3720 2409 3902 vie,
2457 3768 3041 3875 comme
3077 3720 3178 3881 fi
3229 3773 3417 3882 on
3453 3741 3849 3890 avoit

939 3909 1276 4062 bien
1343 3898 1832 4059 affaire
1883 3909 2064 4062 de
2127 3915 2500 4071 leurs
2563 3923 3227 4083 services.
3343 3942 3516 4115 Je
3575 3932 3844 4086 luis

933 4103 1285 4280 ravi,
1317 4108 1542 4257 dit
1585 4101 2254 4306 Crifpin,
2285 4161 2570 4318 que
2605 4168 2910 4278 mes
2945 4123 3438 4282 lettres
3469 4183 3838 4292 vous

935 4300 1608 4510 plailent,
1699 4304 2484 4495 Madame,
2567 4331 2744 4504 Je
2775 4342 3076 4479 n’en
3143 4324 3536 4524 feray
3595 4380 3844 4533 pas

930 4501 1115 4662 de
1158 4499 1670 4713 façon,
1734 4548 2039 4658 mes
2114 4507 2619 4665 lettres
2682 4565 2855 4670 ne
2902 4570 3139 4676 me
3198 4531 3842 4694 confient

924 4710 1320 4881 rien,
1364 4707 1753 4862 voila
1784 4705 2709 4915 interrompit
2744 4718 3108 4896 elle,
3148 4772 3321 4882 ce
3347 4736 3593 4939 qui
3632 4741 3833 4898 eft

926 4909 1511 5066 difficile
1542 4954 1619 5055 a
1658 4910 2219 5108 croire,
2266 4913 2372 5066 il
2410 4910 2715 5077 faut
2746 4913 3131 5080 donc
3154 4976 3435 5137 que
3462 4983 3827 5096 vous

920 5107 1261 5311 ayés
1304 5157 1485 5265 un
1529 5106 1829 5260 fort
1864 5112 2310 5314 grand
2344 5117 2753 5280 fond.
2884 5130 3361 5336 Apres
3412 5137 3825 5343 quel¬

918 5360 1288 5522 ques
1327 5354 1788 5469 autres
1827 5310 2539 5487 difcours,
2622 5372 2904 5533 que
2935 5330 3551 5499 Pamour
3595 5340 3823 5502 in¬

917 5515 1698 5719 terrompit
1737 5508 2118 5671 deux
2145 5568 2342 5677 ou
2369 5532 2726 5685 trois
2769 5525 3137 5712 fois,
3241 5545 3817 5705 iîscon-

903 5726 1472 5874 vinrent
1511 5722 3288 5928 d’unautreentreveiie,&
3327 5750 3412 5903 à
3447 5753 3816 5910 celle

906 5917 1122 6091 la,
1190 5967 1626 6074 encor
1666 5912 1986 6074 d'un
2013 5971 2478 6103 autre,
2517 5935 2694 6092 de
2725 5929 3090 6100 forte
3121 5996 3394 6161 que
3437 5959 3802 6114 deux

908 6122 1321 6291 mille
1424 6119 2085 6294 Piftolles
2196 6130 2933 6311 valeurent
3023 6195 3113 6316 a
3224 6151 3788 6361 Crifpin

3422 6357 3783 6521 trois
