4267 7647
1656 535 1878 689 17
1861 591 1902 632 -

359 756 677 970 plu?
707 723 1349 960 regarder
1439 771 1701 937 que
1771 762 2297 885 comme
2331 764 2597 886 une
2663 711 3245 940 infâme.

571 1054 1496 1225 Ardelifefut
1567 1050 1860 1207 fort
1947 1040 2545 1260 furprife
2603 1042 2788 1199 de
2851 1080 3260 1196 rece¬

362 1283 675 1450 voir
706 1318 975 1429 une
1005 1269 1439 1425 lettre
1469 1255 1571 1416 fi
1602 1256 2051 1434 rude,
2130 1253 2487 1414 mais
2518 1278 3103 1408 comme
3133 1235 3271 1392 là

368 1480 1210 1650 conscience
1304 1470 1554 1664 luy
1652 1457 2125 1626 failoit
2212 1507 2657 1617 encor
2715 1444 2969 1607 des
3036 1484 3273 1601 re¬

367 1688 984 1902 proches
1059 1671 1384 1881 plus
1463 1667 1912 1883 aigres
1971 1715 2252 1882 que
2346 1665 2604 1822 fon
2714 1684 3276 1809 amant»

373 1891 654 2044 elle
725 1939 894 2040 ne
929 1872 1550 2036 chercha
1589 1876 2002 2079 point
2025 1876 2278 2030 des
2309 1863 2838 2021 raifons
2901 1887 3270 2059 pour

375 2076 1373 2262 fedeffendre,
1419 2082 1753 2238 &fe
1776 2116 2457 2241 contenta
2495 2059 3288 2267 derefpon-

381 2288 631 2453 dre
666 2340 843 2446 en
873 2278 1095 2444 fes
1126 2324 1727 2439 termes»

1183 2722 2413 2912 LETTRE.

397 3205 747 3529 Vi
812 3207 938 3352 A
1049 3177 1738 3352 condmtte
1837 3151 2314 3392 pajfiée
2441 3150 2635 3392 efi
2716 3140 2867 3377 fi
2969 3140 3309 3318 ridi-

782 3407 1089 3585 ^^cule
1128 3475 1185 3613 i
1276 3473 1601 3591 mon
1628 3416 1949 3586 cher
1980 3461 2021 3626 ,
2108 3455 2373 3625 que
2443 3404 2621 3629 je
2703 3374 3328 3654 defefpe-

395 3665 780 3827 rerois
866 3658 1044 3824 de
1142 3655 1692 3876 pouvoir
1794 3647 2344 3877 jamais
2419 3631 2752 3869 ejîre
2878 3615 3324 3800 aimée

393 3900 555 4061 de
641 3947 963 4070 vous
1002 3893 1055 4117 ,
1093 3891 1247 4117 fi
1277 3898 1451 4119 je
1525 3947 1699 4064 ne
1765 3895 2323 4109 pouvoir
2425 3904 2946 4081 Jauver
3057 3868 3330 4036 la-

400 4191 766 4309 venir
840 4183 1102 4348 par
1184 4139 1378 4298 les
1464 4122 2261 4336 afiurances
2380 4152 2645 4322 que
2695 4097 2873 4322 je
2992 4145 3325 4267 vous

399 4388 840 4553 donne
878 4370 984 4532 d
990 4346 1031 4410 1
1035 4413 1228 4533 un
1287 4340 1880 4583 procédé
1875 4358 2188 4568 plus
2270 4329 2808 4567 honefte
2844 4391 2897 4536 ,
2967 4343 3336 4509 mais

382 4637 551 4862 je
626 4660 939 4783 vous
1017 4601 1351 4822 jure
1398 4636 1679 4813 par
1758 4636 2083 4759 vous
2162 4560 2747 4802 mefmes
2834 4581 3071 4792 qui
3138 4558 3332 4796 efi

417 4920 558 5037 ce
625 4897 890 5071 que
948 4825 1275 5067 j’ay
1348 4829 1522 4998 de
1573 4833 1894 5047 plus
2005 4824 2318 4994 cher
2429 4875 2626 4993 au
2753 4808 3246 4983 monde
3285 4926 3338 5011 ,

416 5146 665 5325 que
819 5068 1341 5297 Crifpin
1488 5059 2177 5240 réentrera
2355 5057 2897 5282 jamais
3027 5039 3345 5222 chés

423 5386 721 5551 moy
759 5336 796 5513 >
886 5333 1068 5484 &
1110 5303 2136 5533 quOroondate
2202 5350 2464 5520 que
2534 5342 2856 5461 mon
2934 5331 3340 5515 mary

430 5630 659 5749 me
693 5561 1071 5790 force
1145 5555 1315 5721 de
1389 5551 1675 5722 voir
1762 5599 1807 5749 ,
1921 5597 2147 5707 me
2257 5584 2663 5707 verra
2705 5524 2855 5754 fi
2917 5575 3322 5702 rare¬

432 5844 822 5981 ment
861 5855 902 6019 >
976 5841 1230 6019 que
1308 5839 1633 5967 vous
1683 5772 2262 6006 fcaurés
2323 5773 2622 5953 bien
2692 5825 2954 5998 que
3028 5806 3361 5946 vous

423 6040 737 6273 feul
759 6090 989 6213 me
1015 6026 1377 6208 tenés
1403 6033 1665 6207 lieu
1702 6025 1873 6201 de
1907 6064 2256 6199 tout.

2958 6273 3363 6435 Lan-
