4267 7765
2379 478 2648 640 24.
1040 632 1614 805 eftbien
1664 631 2194 800 allurée
2264 648 2770 808 d’eftre
2836 651 3294 829 aimée
3352 774 3397 839 »
3484 677 3587 837 il
3660 697 3978 849 n’en

1037 839 1411 1006 falut
1556 890 1815 1057 pas
1941 838 2807 1064 d’avantage
2929 903 3003 1020 a
3161 879 3990 1052 Caftillante

1032 1095 1411 1260 pour
1485 1047 1743 1255 luy
1825 1044 2183 1208 faire
2265 1061 2743 1217 croire
2817 1189 2854 1246 .
2956 1077 3292 1277 qu’il
3385 1085 3803 1254 eftoit
3897 1140 3979 1249 a

1038 1257 1596 1416 l’heure
1638 1249 1832 1411 du
1866 1257 2467 1471 berger,
2542 1265 2656 1415 il
2694 1263 2832 1421 fe
2865 1274 3220 1471 jetta
3250 1329 3523 1445 aux
3557 1298 3971 1504 pieds

1034 1455 1872 1617 d’Ardelife
1938 1558 1991 1639 ,
2086 1477 2249 1632 &
2306 1516 2904 1631 comme
2966 1480 3077 1637 il
3166 1487 3300 1641 fe
3390 1500 3968 1661 vouloir

1015 1659 1461 1820 servir
1523 1659 1709 1814 de
1763 1706 2169 1820 cette
2227 1673 2709 1832 aâion
2751 1676 3569 1850 d’humilité
3610 1751 3984 1905 pour

1031 1911 1237 2021 un
1302 1883 1977 2073 prétexte
2023 1912 2097 2021 a
2127 1870 2313 2025 de
2350 1879 2685 2083 plus
2731 1884 3221 2047 hautes
3287 1911 3972 2114 entrepri¬

1032 2067 1345 2248 ses,
1416 2111 1710 2225 non
1744 2121 2042 2225 non
2068 2069 2318 2277 luy
2372 2078 2594 2242 dit
2620 2088 2910 2255 elle
2948 2099 3257 2256 cela
3288 2146 3461 2261 ne
3527 2155 3705 2263 va
3731 2155 3977 2315 pas

1036 2315 1642 2428 comme
1708 2323 2078 2436 vous
2139 2291 2654 2492 penfés
2740 2396 2797 2477 ,
2928 2351 3106 2461 en
3207 2305 3539 2514 quel
3623 2359 3986 2521 pays

1025 2486 1395 2638 âvéz
1481 2522 1843 2640 vous
1901 2532 2207 2683 ouy
2269 2480 2582 2653 dire
2676 2547 2962 2709 que
3037 2505 3250 2666 lés
3349 2507 3978 2681 femmes

1021 2670 1535 2841 falTent
1565 2680 1779 2839 les
1805 2686 2515 2854 advances
2552 2704 3032 2907 quand
3097 2758 3463 2872 vous
3529 2745 3982 2879 m’au-

1022 2896 1256 3044 rés
1282 2887 1780 3048 donné
1810 2892 1992 3050 de
2014 2904 2807 3064 véritables
2874 2959 3535 3130 marques
3569 2919 3983 3094 d’une

1013 3093 1564 3301 grande
1621 3096 2180 3303 paffion
2254 3113 2299 3314 ,
2401 3115 2544 3315 je
2578 3127 2908 3275 n’en
2974 3112 3360 3327 feray
3441 3178 3684 3330 pas
3758 3138 3975 3284 in¬

1014 3342 1483 3497 grate.
1595 3301 2452 3471 Caftillante
2550 3331 2776 3487 vit
2870 3325 3212 3487 bien
3278 3377 3568 3539 que
3622 3337 3972 3497 chés

1011 3493 1309 3652 elle
1367 3505 1973 3731 l’argent
2047 3513 2193 3666 fe
2263 3520 2773 3680 livroit
2887 3575 3313 3690 avant
3383 3535 3521 3690 la
3599 3586 3984 3696 mar-

1012 3694 1789 3876 chandife,
1856 3709 2006 3868 &
2064 3713 2326 3913 luy
2400 3719 2634 3876 dit
2691 3725 3054 3925 qu’il
3119 3736 3521 3894 avoit
3587 3743 3977 3902 deux

1004 3896 2121 4103 centpiftolles,
2228 3928 2391 4090 &
2431 3932 2807 4141 qu’il
2836 3934 3046 4090 les
3088 3934 3354 4139 luy
3380 3935 3961 4104 donne-

1021 4110 1315 4263 roit
1349 4161 1467 4267 u
1497 4105 1783 4262 elle
1817 4114 2458 4292 vouloit,
2548 4141 2695 4300 &
2741 4140 2962 4292 les
2992 4189 3422 4344 ayant
3449 4161 3974 4307 recéus

1017 4295 1132 4465 fi
1161 4357 1527 4470 vous
1561 4314 2234 4504 vouliés,
2261 4328 2523 4537 luy
2557 4335 2779 4493 dit
2813 4338 3025 4549 il,
3073 4353 3967 4510 m’accorder

1013 4516 1708 4726 quelques
1786 4508 2368 4686 faveurs
2434 4535 2659 4687 fur
2689 4548 2852 4706 &
2898 4591 3215 4705 tant
3250 4554 3719 4712 moins
3786 4554 3967 4712 de

1006 4720 2420 4923 cesdeniersjevous
2486 4728 2932 4894 ferois
2998 4745 3308 4908 fort
3370 4761 3971 4967 obligé,

1011 4973 1213 5082 ou
1255 4919 1362 5085 fi
1391 4977 1761 5087 vous
1799 4934 2317 5093 voulés
2363 4986 2784 5101 toute
2819 4950 2957 5104 la
3011 4949 3572 5119 fomme
3614 4964 3972 5124 fait-

1011 5171 1161 5284 te
1195 5175 1557 5332 moy
1611 5133 2085 5299 voftre
2135 5142 2569 5304 billet
2603 5142 2789 5308 de
2827 5202 3005 5313 ce
3038 5210 3321 5379 que
3374 5176 3513 5368 je
3551 5168 3961 5326 viens

1016 5331 1206 5490 de
1280 5383 1654 5494 vous
1744 5332 2297 5505 donner
2376 5402 2969 5521 comme
3031 5417 3401 5575 pour
3467 5368 3965 5531 valeur

1008 5573 1617 5721 receüe,
1688 5544 1978 5708 elle
2000 5557 2370 5709 aima
2436 5558 2930 5718 mieux
2992 5573 3618 5734 lebail'er
3683 5624 3962 5786 que

1017 5739 1707 5903 d’efcrire
1737 5851 1782 5920 »
1852 5761 2015 5924 &
2057 5809 2242 5914 un
2285 5809 2954 5929 moment
2989 5825 3398 5980 apres
3448 5781 3954 5939 Caftil¬

1017 5951 1419 6106 lante
1477 5931 1907 6117 fortit
1961 6015 2139 6125 en
2209 5957 2811 6134 assurant
2892 5985 3252 6189 qu’il
3369 5996 3619 6188 luy
3689 6034 3946 6188 ap-

1013 6153 2451 6365 porteroitlereftele
2505 6177 3430 6381 lendemain,
3541 6192 3644 6347 il
3690 6203 3936 6381 n’y

3546 6413 3947 6553 mân-
