4267 7647
1751 502 2008 671 15

424 678 761 844 trois
792 658 1725 852 rendéfvous,
1796 662 2149 826 mais
2216 658 2877 825 Ardefîle
2932 700 3313 825 vou¬

413 895 706 1044 lant
793 881 926 1033 fe
998 876 1710 1084 prévaloir
1801 871 1986 1031 de
2085 869 2718 1029 l’amour
2817 861 3006 1021 de
3134 915 3326 1027 ce

415 1087 1304 1289 Bourgeois,
1363 1085 1516 1246 &
1563 1080 1731 1237 de
1767 1075 2016 1235 son
2047 1077 2476 1248 bien,
2527 1075 2667 1227 le
2699 1077 3007 1278 pria
3039 1116 3119 1228 a
3167 1071 3312 1235 la

412 1280 1265 1496 quatriefme
1336 1277 1741 1442 vifite
1808 1279 1989 1439 de
2068 1319 3161 1438 recommancer
3220 1318 3309 1431 a

409 1500 654 1691 luy
705 1488 1210 1646 eferire
1245 1482 1430 1643 de
1457 1529 1702 1638 ces
1733 1482 2218 1643 billets
2289 1475 2846 1689 galants
2889 1519 3314 1628 com¬

419 1742 655 1852 me
727 1689 1147 1888 celuy
1219 1685 1751 1903 qu’elle
1811 1685 2215 1851 avoir
2282 1677 2927 1836 receude
2998 1672 3303 1871 luy.

635 1892 1220 2096 Crifpin
1284 1931 1824 2089 voyant
1856 1934 2128 2095 que
2168 1884 2476 2041 cela
2511 1881 2924 2031 droit
2956 1923 3320 2031 con-

409 2091 1582 2299 fequenceluyfit
1665 2092 1910 2240 des
1941 2079 2713 2290 reproches
2793 2076 3049 2290 qui
3129 2126 3313 2228 ne

406 2291 655 2487 luy
686 2290 1371 2449 servirent
1410 2289 1591 2438 de
1622 2292 1915 2437 rien
1986 2382 2031 2442 »
2170 2288 2323 2441 &
2366 2324 2691 2430 tout
2742 2329 2915 2430 ce
2942 2274 3315 2485 qu’il

411 2543 584 2648 en
623 2533 956 2699 peut
991 2489 1568 2644 obtenir
1623 2480 1848 2637 fut
1883 2477 2240 2691 qu’il
2279 2528 2452 2632 ne
2515 2475 2952 2630 feroit
3043 2523 3296 2680 pas

417 2690 873 2850 chafle
916 2688 1089 2841 de
1129 2694 1481 2844 chez
1532 2684 1857 2840 elle.
1972 2694 2173 2838 Et
2204 2683 2573 2885 qu’il
2648 2679 3313 2878 pourroit

422 2898 818 3052 venir
877 2897 1294 3085 jouer
1357 2894 1650 3042 lors
1722 2881 2266 3096 qu’elle
2333 2884 2474 3036 le
2529 2875 3310 3031 demande-

415 3099 735 3251 roit.
831 3082 1492 3253 Ardefîle
1523 3094 2111 3280 croyoit
2143 3104 2559 3293 qu’en
2595 3078 2723 3231 fe
2759 3072 3311 3235 laissant

412 3294 733 3456 voir
772 3291 1289 3506 qu’elle
1324 3284 2413 3447 entretiendroit
2488 3287 2693 3439 fes
2768 3276 3289 3451 defîrs,

421 3511 570 3664 &
665 3542 942 3702 que
1049 3534 1398 3704 peut
1469 3496 1822 3649 eftre
1913 3486 2346 3643 feroit
2433 3487 2546 3644 il
2633 3473 2970 3639 allés
3081 3478 3310 3639 fol

419 3747 783 3908 pour
850 3705 1055 3853 les
1123 3693 1707 3856 vouloir
1762 3689 2447 3848 satisfaire
2498 3691 2591 3843 à
2670 3684 3311 3892 quelque

420 3902 744 4108 prix
840 3948 1124 4105 que
1156 3946 1332 4055 ce
1403 3893 1680 4057 fuft
1752 3991 1801 4076 ,
1864 3892 2664 4094 cepandant
2715 3889 2824 4042 il
2888 3883 3304 4037 eftoit

413 4099 750 4259 ailes
857 4146 1650 4258 amoureux
1737 4142 2109 4304 pour
2193 4132 2373 4241 ne
2449 4083 2585 4239 fe
2685 4083 3309 4290 pouvoir

418 4304 1243 4506 empefeher
1318 4302 1671 4454 delà
1738 4294 2143 4458 voir,
2206 4287 2563 4437 mais
2598 4282 2707 4442 il
2778 4325 2951 4434 ne
3002 4284 3311 4436 l’e-

415 4503 752 4660 ftoit
827 4549 1072 4697 pas
1131 4494 1476 4651 allés
1539 4485 2620 4697 pourachepter
2679 4530 3016 4642 tous
3087 4483 3304 4644 les

404 4712 789 4908 jours
836 4697 933 4857 fi
981 4699 1825 4856 chèrement
1856 4687 2065 4843 fes
2100 4685 2721 4849 faveurs.

621 4910 898 5063 Les
938 4898 1434 5061 choses
1510 4896 1942 5061 eftant
1978 4938 2150 5050 en
2182 4940 2430 5045 ces
2466 4939 2990 5048 termes
3033 4884 3310 5043 foie

423 5099 1368 5320 queledefpit
1423 5096 2012 5257 euftfait
2091 5092 2555 5294 parles
2631 5092 3300 5293 Crifpin,

424 5319 685 5471 soit
748 5356 1021 5514 que
1080 5307 1277 5460 fes
1340 5301 1821 5462 vifites
1872 5299 2689 5494 frequentes
2728 5341 2921 5446 ou
2988 5288 3308 5440 l’ar¬

425 5558 766 5744 gent
817 5560 1086 5713 que
1129 5505 1602 5704 joiioit
1677 5494 2350 5658 Ardefîle
2429 5482 2954 5659 eussent
3021 5535 3306 5688 peu

426 5715 775 5880 faire
842 5716 1179 5869 faire
1234 5714 1491 5870 des
1571 5706 2327 5861 reflexions
2411 5747 2487 5860 a
2578 5692 3315 5863 Candole,

432 5915 536 6072 il
608 5917 908 6127 pria
971 5912 1104 6068 fa
1172 5899 1985 6091 maiftrelTe,
2059 5910 2352 6062 lors
2412 5906 2784 6112 qu’il
2852 5891 3308 6101 partit

433 6167 798 6336 pour
841 6121 1046 6285 les
1117 6112 1662 6293 confins
1733 6105 2806 6325 del’Efpagne,
2877 6088 3061 6245 de
3129 6135 3305 6235 ne

2982 6292 3315 6500 plus
