3796 5868
3013 198 205 163 25

955 113 1350 164 TRAGEDIE.

1313 371 662 152 DINA.

150 652 2676 229 Madame, le Palais eſt tout plein d'eſpions

151 836 2678 219 Qui veillent iour & nuit deſſus vos actions;

148 1016 2820 230 Depuis vn certain temps Salome tient à gages

131 1188 2709 229 Pour cét office ſeul, des filles & des Pages,

140 1374 2627 220 Sans ceſſe à cette porte ils viennent eſcouter

137 1552 3049 233 Quels ſont tous vos propos, qu'ils luy vont rapporter

1024 1808 1200 160 MARIANE.

122 2096 2655 227 N'importe, laiſſons les eſcouter à leur aiſe,

121 2272 2997 234 Ils n'auront pas le bien d’ouïr rien qu'il luy plaiſt.

1130 2532 962 144 DINA

121 2818 2748 226 Le Roy vous a-t'il fait quelque nouuel ennuy

108 2998 3020 226 Pour cauſer ces deſdains que vous auez pour luy?

980 3412 1170 157 MARIANE.

106 3738 2674 225 Quoy? t'imagines-tu que la tragique hiſtoire

105 3920 2982 234 De mes plus chers parents ſorte de ma memoire?

104 4094 2973 226 Touſiours les vieux Hircane & mon fiere meurtris

95 4274 2397 216 Me viennent affliger de pitoyables cris;

94 4448 2875 226 Soit lors que ie repoſe, ou ſoit lors que ie veille,

93 4626 2983 228 Leur plainte à tous moments viẽt frapper mon oreille;

95 4800 2766 230 Ils s'offrent à toute heure à mes yeux eſplorez,

92 4976 2585 231 Ie les voy tous ſanglans & tous défigureZ

2569 5215 114 111 D
