3796 5876
602 293 98 152 6

1200 230 1714 176 LA MARIANE,

604 433 2958 218 Le ſang qui tient de l'air, & reſpond au Printemps,

590 616 2864 207 Rend les moins fortuneZ en leurs ſonges contens:

588 798 2528 209 Sa douce exhalaiſon ne forme que des roſes,

592 976 2530 209 Des obiects eſgayeZ & d'agreables choſes:

592 1162 2245 203 Et la melancholie à la noire vapeur,

588 1336 2679 209 Ou ſe logent touſiours la triſteſſe & la peur,

575 1512 2698 213 Ne pouuant figurer que des images ſombres,

575 1685 2994 214 Nous fait voir des tombeaux, des ſpectres & des

879 1896 451 133 ombres.

581 2055 2631 208 C'eſt ainſi que chacun apperçoit en dormant

579 2239 2363 204 Les indices ſecrets de ſon temperament.

1658 2588 1025 144 HERODE.

582 2937 2851 218 Ainſi l'on ſongeroit touſiours les meſmes choſes?

1501 3303 1132 145 PHEROPE.

583 3647 2976 222 Les ſonges quelquefois viennent par d'autres cau¬

854 3863 258 175 ſes;

585 4010 2879 215 De meſme que les vns expriment nos humeurs,

574 4193 2854 206 Les autres bien ſouuent repreſentent nos mœurs.

588 4368 2726 211 L'ame d'vn homme noble, encore qu'il repoſe,

578 4545 2832 210 Meſpriſe la Fortune, & l'Honneur ſe propoſe:

590 4732 2486 207 Et celle du volleur, preuenant ſon deſtin,

584 4906 2707 211 Rencontre des Preuoſts, ou fait quelque butin.

587 5089 2608 208 De meſme l'vſurier en ſommeillant repaſſe,

595 5247 2954 230 Et les yeux & les mains ſur l'argent qu'il amaſſe:
