3796 5814
1013 116 1309 237 TRAGEDIE.

3005 242 88 203 9

146 374 2475 216 Apres mille embaras d'eſpeces incertaines,

149 558 2763 192 De rencontre ſans ſuite, & de chimeres vaines,

142 734 2501 200 Ie me ſuis trouué ſeul dans vn bois eſcarté

147 912 2173 192 Ou l'horreur habitoit auec l'obſcurité,

142 1096 2821 196 Lors qu'vne voix plaintiue a percé les tenebres,

135 1252 2957 229 Appelant MARIANE auec des tons funebres,

314 1453 2661 199 Iay couru vers le lieu d'où le bruit s'eſpandoit,

129 1632 2963 201 Suiuant dans ce tranſport l'Amour qui me gui¬

426 1816 293 143 doit,

125 1986 2734 195 Et qui ſembloit encor m'auoir preſté ſes aiſles,

110 2168 2691 193 Pour atteindre pluſtoſt ce miracle des Belles:

277 2345 2805 210 Mes pas mont amené ſur le bord d'vn eſtang,

118 2524 2785 206 Dont i'ay trouué les eaux toutes rouges de ſang;

111 2698 2435 200 Il eſt tombé deſſus vn eſclat de tonnerre;

112 2878 2965 205 l'ay ſenty ſous mes pieds vn tremblement de terre,

119 3058 2335 197 Et deſſus ce riuage, enuironné d'effroy,

114 3232 2389 203 Le ieune Ariſtobule a paru deuant moy.

1056 3587 965 142 SALOME.

110 3938 2762 202 O Cieux! ie ſerois morte eſtant en voſtre place;

96 4116 2563 200 Le ſang à ce recit dans mes veines ſe glace.

955 4475 1174 146 PHERORE.

96 4824 2801 214 Ie ſens la meſme horreur dans mes os ſe couler:

2538 5404 82 110 B
