3796 5822
975 189 1272 242 TRAGEDIE.

2931 291 117 184 5

1105 552 1010 146 HERODE.

100 800 2732 215 Quand tu nous fus rauy par vn deſtin contraire,

71 975 2589 215 Mon genereux aiſné, braue & fidelle frere,

70 1157 2624 217 I'appris ton accident par vn meſme rapport:

67 1333 2613 214 Ie fus par meſme voye aduerty de ta mort:

63 1506 2820 219 I’eus aux bords du Iourdain des viſions cruelles

63 1691 2682 212 Qui preuinrent le bruit de ces triſtes nouuelles.

950 2054 1164 150 PHERORE.

46 2409 2526 223 Pour moy i'ay mille fois des ſonges obſerué,

49 2590 2584 210 Sans que de leur preſage il ſoit rien arriué;

60 2766 2794 218 Et ſelon qu'vn Rabin me fit vn iour entendre;

56 2943 2944 221 C'eſt les prendre fort bien, que de n'en rien attendre.

947 3309 1029 143 HERODE.

49 3652 2556 227 Quelles fortes raiſons apportoit ce Docteur,

39 3826 2956 238 Qui ſouſtient que le ſonge eſt touſiours vn menteur?

928 4129 1136 150 PHERORE.

35 4366 2855 235 Il diſoit que l’humeur qui dans nos corps domine,

36 4551 2813 183 A voir certains obiects, en dormant nous encline:

34 4716 2830 230 Le flegme humide & froid, s'eſleuant au cerueau,

37 4894 2727 223 Y vient repreſenter des broüillars & de l'eau:

34 5064 2746 237 La bile ardente & jaune, aux qualitez ſubtiles,

46 5241 2928 240 N'y dépeint que combats, qu'embrazmens de villes:

2223 5479 297 142 A iij
