3796 5918
546 1175 2948 375 ARGVMENT

1823 1668 458 141 DV

859 1971 2282 216 PREMIER ACTE.

517 2446 2997 182 1. Herode s’eſueille en ſurſaut, troublé d’vne viſion eſ¬

663 2608 2849 204 pouuantable. 2. Son frere & ſa ſœur eſſayent de re¬

658 2774 2856 196 mettre ſon eſprit de ceſte frayeur, luy repreſentant

658 2936 2856 198 la vanité des ſonges. 3. Herode ſe recueille en ſoy-

658 3096 2851 188 meſme, s'aſſeure ſur l’amitié des Romains, & ſur ſa

653 3258 2850 200 valeur. 4. Puis ceſte crainte eſtant dſſipée, il ſe plaint

665 3418 2828 200 de l’amour qu’il a pour Mariane, dont il ſouhaiteroit

665 3582 2837 196 d’eſtre plus aimé. 5. Pherore & Salome s’efforcent

675 3746 2825 152 en vain de rendre de mauuais offices à cette Princeſ¬

674 3910 2826 196 ſe. 6. Herode l’enuoye querir par Soeſme, auec deſ¬

676 4066 2812 198 ſein de l'obliger à prendre plus d'affection pour luy.

3262 5365 185 120 LA
