3796 5856
918 395 1275 24 TRAGEDIE.

2892 273 171 239 13

77 461 2646 184 Et i'ay tant de faueur aupres de ſon Genie,

79 641 2302 182 Que i'y ſuis aſſeuré contre la calomnie:

65 823 2856 182 Ceux qu'il aime le mieux d'entre ſes Courtiſans

77 1005 2710 174 Font cas de ma vertu, comme de mes preſens;

75 1183 2610 180 Et i'ay mille ſecrets par où le Iourdain libre

59 1359 2448 180 N'a point à redouter la colere du Tybre.

253 1539 2674 180 De tout autre coſté, pour brauer le mal-heur

59 1721 2490 184 Ie ſuis aſſeZ muny de force & de valeur:

67 1899 2868 164 Que l'Arabe, le Parthe, & l'Armenie entiere,

69 2081 2414 180 De trente légions menaſſent la frontiere,

65 2263 2456 174 Auec vn camp volant i'iray les afronter,

73 2437 2602 180 Et feray leurs deſſeins à leur honte auorter.

69 2615 2780 180 I'iray les repouſſer au fond de leurs Prouinces,

77 2795 2834 178 Et par tant de progreZ humilier leurs Princes,

69 2967 2718 186 Qu'ils viendront confeſſer en receuant ma loy,

59 3143 2524 190 Qu'on ne profite guere à s'attaquer à moy.

1041 3499 982 126 SALOME.

67 3855 2832 178 Les Princes vos voiſins ſçauent voſtre courage;

69 4033 2730 182 Ils en ont fait l’eſſay dés voſtre plus bas aage:

69 4207 2644 178 Ils preſteront l'oreille à des conſeils meilleurs,

77 4387 2560 182 Et leur ambition prendra ſon cours ailleurs.

1107 4741 992 132 HERODE.

73 5069 2956 200 Ie n'auois pas quinZe ans lors que ie pris les armes,

79 5251 2860 188 Lors que i'allay chercher la mort dans les alarmes,

2289 5451 286 134 B iij
