3796 5868
944 161 1271 186 TRAGEDIE.

3003 185 171 201 27

175 351 2754 207 Que dans la Paleſtine on eſleuoit vn homme

182 529 2980 220 Qui valoit bien les Dieux qu'on adoroit à Rome.

186 713 2622 222 Le peuple que ſa veuë au Temple rauiſſoit,

186 889 2466 218 Admirant ſes apas tout haut le beniſſoit;

190 1073 2504 215 Et ce Tyran cruel en conceut tant d'enuie

182 1249 2770 222 Qu'il fit ſoudain trancher le beau fil de ſa vie;

192 1429 2292 164 Ce clair Soleil leuant adoré de la Cour

183 1609 2988 216 Se plongea dans les eaux comme l'Aſtre du iour,

193 1789 2582 214 Et n'en reſſortit pas en ſa beauté premiere,

191 1953 2670 245 Car il en fut tiré ſans force & ſans lumiere.

353 2153 2426 208 Et puis qu'apres cela ie flatte l’inhumain

181 2327 2882 219 Qui ne vient que d'oſter la vie à mon germain?

174 2503 2888 215 Pluſtoſt le feu me bruſle, ou l'onde ſon contraire

188 2683 2584 220 Rende mon ſort pareil à celuy de mon frere.

1272 2944 843 141 DINA.

194 3225 3000 223 Tous ces traits de mal-heur depuis longtemps paſſeZ

189 3407 2432 212 De voſtre ſouuenir doiuent eſtre effaceZ:

189 3585 2574 218 Faut-il qu'à tous propos cette triſte peinture

181 3763 2670 213 Renouuelle vos pleurs ſur vne vieille iniure?

183 3941 2990 219 Que touſiours voſtre eſprit en vos ans les plus beaux

185 4117 2592 208 Erre ſi triſtement à l'entour des tombeaux?

184 4299 2697 219 Madame, faites tréfue auecque ſes pensées,

186 4473 2258 216 Vos celeſtes beautés y ſont intereßées,

186 4655 2664 215 Voſtre teint composé des plus aimables fleurs,

180 4835 2958 220 Sert trop long-temps de lit à des ruiſſeaux de pleurs.

186 5011 2828 215 Le temps & la raiſon ſans doute vous inuitent

180 5187 2738 226 A bannir ces ennuis qui vos iours precipitent:

2530 5408 249 141 D ij
