3796 5856
957 190 1388 185 TRAGEDIE.

2970 244 151 185 17

180 388 2958 226 De moy tous mes deſſeins ſont ſans honte & ſans

343 591 385 119 crime:

172 750 2625 205 Le feu qui me conſume, eſt vn feu legitime;

172 934 2661 201 Ie n'ay pas des deſirs que l'on puiſſe blaſmer:

177 1112 2507 202 Car i'aime ſeulement ce que ie dois aimer.

1030 1467 1197 146 PHERORE.

161 1824 2551 201 Si dans la paßion d'vne amour coniugale,

163 2004 2854 203 De la Reine & de vous, l'ardeur eſtoit eſgale:

160 2184 2685 204 Qui pourroit condamner voſtre reſſentiment?

169 2362 2563 201 Ou voudroit s'oppoſer à cét embraZement?

161 2540 2949 204 Mais quoy? voſtre raiſon eſt vrayment endormie;

166 2720 2485 190 Vous faites vanité d’aimer vne ennemie,

168 2894 2686 206 Qui pour recompenſer vn traitement ſi doux

173 3078 2527 200 N'aplique ſon eſcrit qu’a meſdire de vous.

1160 3438 1009 148 SALOME.

167 3792 2737 204 Sans mentir cette erreur eſt digne de reproche;

168 3970 2661 200 Quel plaiſir preneZ vous de cherir vne roche,

170 4148 2884 205 Dont les ſources de pleurs coulent inceſſamment,

173 4330 2975 204 Et qui pour voſtre amour n'a point de ſentiment?

1122 4684 1049 140 HERODE.

175 5036 2219 200 Si le diuin objet dont ie ſuis idolatre,

212 5213 2775 208 Paſſe pour vn rocher, c'eſt vn rocher d'albaſtre,

2621 5424 98 103 C
