3796 5906
450 218 131 83 20

1189 137 1659 188 LA MARIANE,

1434 481 985 148 SALOME.

478 865 2325 206 Elle parle de vous auec vne inſolence,

471 1040 2919 213 Que ſans beaucoup d'horreur on ne peut reueler,

484 1224 2760 205 Et que ſans crime außi l'on ne ſçauroit celer.

484 1400 2987 211 Vous nomme à tous propos l'autheur de ſes miſeres,

489 1586 2722 209 Le tyran de l'Eſtat, le meurtrier de ſes peres.

503 1768 2429 203 Et de mille raiſons anime ſon courroux,

492 1950 2684 207 Pour faire ſouſleuer les peuples contre vous,

1525 2311 1039 145 HERODE.

506 2657 2832 204 La Iudée auiourd'huy ſoûmiſe à ma puiſſance,

514 2834 2729 209 Ne trouue ſon bon-heur qu'on ſon obeïſſance.

529 3016 2424 204 On ne peut l'eſmouuoir ainſi facilement,

533 3204 2383 198 Et ie ne croy pas tout außi legerement.

536 3369 2992 211 Ie connoy Mariane, & ſçay qu'elle eſt trop ſage

532 3552 2661 200 Pour s'eſtre abandonnée à tenir ce langage.

553 3719 2986 215 Si les Grands s'arreſtoient à tout ce qu'on leur dit,

561 3909 2803 209 L'impoſture auprés d'eux auroit trop de credit;

570 4087 2776 205 On verroit dans les Cours vne guerre eternelle,

568 4265 2737 211 Il faudroit chaque iour faire maiſon nouuelle.

1550 4612 1156 144 PHERORE.

600 4976 2633 220 En cas de ces auis, pour ſe gouuerner bien,

593 5163 2694 207 Il ne faut pas tout croire, & ne negliger rien.
