3796 5856
444 258 215 166 24

1094 175 1622 215 LA MARIANE,

451 402 2505 207 Lors que l'on eſt reduit à ceſte extremité,

464 589 2144 202 De ne pouuoir agir auecque liberté.

1372 943 1175 143 MARIANE.

479 1303 2990 212 Moy? que ie me contraigne? eſtant d'vne naiſſance,

479 1488 2645 207 Qui peut impunément prendre toute licence,

486 1668 2244 205 Et qui ſans abuſer de ceſte authorité,

486 1847 2524 210 Ne reigle mes deſirs que par l'honneſteté?

496 2024 2887 204 Que mon cœur ſe deſmente, & trouue du merite

489 2197 2968 210 A plaire au ſentiment, d'vn Barbare, d'vn Scythe.

495 2395 1628 198 Meurtrier de mes parens?

1660 2750 656 138 DINA.

2188 3101 1279 196 Madame parleZ bas.

1425 3473 1173 149 MARIANE.

511 3843 2755 209 Si mon corps eſt captif, mon ame ne l'eſt pas.

508 4024 2680 210 Ie laiſſe la contrainte aux ſeruiles perſonnes,

506 4205 2990 220 Ie ſors de trop d'ayeuls qui portoient des Couronnes,

500 4390 2631 205 Pour auoir la penſée, & le front differans,

523 4569 2554 201 Et deuenir Eſclaue en faueur des Tyrans.

521 4727 2996 225 Qu'Herode m'importune, ou d'amour, ou de haine,

533 4915 2989 213 On me verra touſiours viure & mourir en Reine.

3121 5403 393 133 DINA.
