3796 5876
568 292 121 266 4

1185 246 1696 187 LA MARIANE,

1653 606 1025 155 HERODE.

576 966 2981 212 Tu m'as bien entendu quand i'ay parlé tout haut;

577 1149 2574 205 Ie me ſuis éueillé tout à l'heure en ſurſaut,

577 1336 2236 200 Apres la viſion la plus melancolique

583 1516 2527 202 Qui puiſſe deuancer vn accident tragique.

1561 1795 1161 142 PHERORE.

605 2045 2828 205 Les ſonges les plus noirs que l'on puiſſe inuenter,

609 2226 2521 204 Seroient-ils ſuffiſans de vous eſpouuenter:

622 2387 2848 225 Vous qui ſçaueZ brauer les forces indomptables,

628 2584 2638 208 Et qui craigneZ ſi peu les perils veritables?

638 2763 2569 205 Ce ſont des viſions qui n'ont iamais d’effet.

1647 3144 1025 137 HERODE.

650 3486 2628 213 Mon eſprit eſt troublé du ſonge que i'ay fait,

666 3672 2711 207 Il m'en reuient ſans ceſſe vne idée importune,

657 3848 2860 207 Qui ne doit m'auertir que de quelque infortune:

661 4028 2639 207 C’eſt vn auant-coureur de quelque aduerſité.

1529 4319 1195 139 PHERORE.

666 4576 2253 203 On ne doit pas en faire vne neceßité;

661 4761 2310 198 Ces apparitions ſont comme les images

661 4933 2821 202 Qu’vn meſlange confus forme dans les nuages;

664 5100 2920 207 C'eſt vn ſombre tableau d’hommes & d'animaux

672 5271 2763 232 Qui ne fait arriuer ny des biens ny des maux.
