3796 5918
524 377 2994 211 de pointes recherchées; i'ay ſeulement voulu deſcri¬

527 560 3001 202 re auec vn peu de bien-ſeance, les diuers ſentimens

529 739 3002 211 d’vn Tyran courageux & ſpirituel, les artifices

529 920 3004 206 d'vne femme enuieuſe & vindicatiue, & la con¬

495 1105 3043 205 ſtance d'vne Reine dont la vertu meritoit vn plus

491 1280 3042 212 fauorable deſtin: E i'ay dépeint tout cela de la ma¬

524 1459 3010 214 niere que i'ay creu pouuoir mieux reüßir dans la per¬

501 1635 3039 223 ſpectiue du Theatre; ſans m'attacher mal à pro¬

518 1822 3021 216 pos à des fineſſes trop eſtudiées; Et qui font pa¬

529 2006 3014 206 roiſtre vne trop grande affectation, en vn temps

528 2181 3013 211 où l'on fait plus d'eſtat des beautez, qui ſont natu¬

530 2357 2174 237 relles, que de celles qui ſont fardées.
