3796 5847
1305 247 1618 174 LA MARIANE,

548 425 2757 213 Et ſi dés ce temps-là mon bras par mille exploits

551 607 2765 211 Domptoit les Nations, & ſoumettoit les Roys.

743 785 2783 205 Que i'ay fait de combats, & gaigné de batailles,

548 966 2920 210 Que i'ay ſurpris de Forts, & forcé de murailles,

556 1145 2800 207 Dans vn champ ſpacieux, quand le fruit de Cerés

556 1323 2415 209 De ſes tuyaux doreZ enrichiſt les guerés,

565 1504 2488 202 On ne voit gueres plus de iauelles preſſées,

561 1678 2630 212 Que i'ay veu contre moy de picques heriſſées,

559 1856 2763 202 Qui voloient en eſclats par tout où ie donnois,

567 2032 2845 208 Dans la brulante ardeur dont ie les moiſſonnois.

1534 2394 1135 142 PHERORE.

562 2757 2623 207 Vos belles actions ſe treuuent ſans pareilles,

549 2933 2976 211 Iules, quoy que l'on die, auec plus de merueilles,

557 3113 2772 207 Et par moins de combats & de trauaux diuers,

539 3296 2505 200 S'eſtoit fait appeller Maiſtre de l'Vniuers.

536 3466 2682 206 Vous aueZ ſurmonté mille faſcheux obſtacles,

540 3646 2482 200 Et toute voſtre vie eſt pleine de miracles.

1615 3969 1015 173 HERODE.

537 4333 2619 207 Dans ma condition, ie ſerois trop heureux,

533 4512 2675 204 Si ie n'eſtois preßé d’vn tourment amoureux;

532 4689 2814 201 D’vn feu continuel, d'vne ardeur ſans meſure,

534 4861 2780 209 Qui tient inceſſamment mon ame à la torture:

542 5049 2205 199 Ou ſi ie pouuois vaincre vne ſeuerité

533 5217 2432 211 Qui s'oppoſe au courant de ma proſperité.

531 238 204 200 14
