3796 5876
619 341 125 90 12

1315 237 1645 181 LA MARIANE

1618 607 988 149 SALOME.

607 970 2686 221 L'Eſtat, d'vn changement peut eſtre menacé.

1621 1260 1059 148 HERODE.

638 1519 2562 222 Ce qu'eſcrit le Deſtin, ne peut eſtre effacé,

632 1695 2599 222 Il faut bon-gré, mal-gré, que l'ame reſoluë

635 1879 2586 216 Suiue ce qui a marqué ſa puiſſance abſoluë:

645 2060 2622 217 De ſes pieges ſecrets on ne peut s'afranchir,

644 2231 2916 224 Nous y courons plus droit en penſant les gauchir.

644 2410 2968 223 L'homme à qui la Fortune a fait des auantages,

644 2588 2642 219 Eſt comme le vaiſſeau ſauué de cent orages;

641 2775 2434 212 Qui ſujet toutefois aux caprices du ſort,

631 2950 2814 217 Peut ſe perdre à la rade, ou perir dans le port.

795 3118 2833 229 Mais qui me peut choquer? & qu'ay-ie plus à

1091 3337 499 128 craindre

650 3480 2942 219 Au faiſte du bon-heur où l'on me voit atteindre?

650 3660 2971 223 Rien n'eſt aſſez puiſſant pour me perdre auiourd’huy,

651 3840 2658 221 Si le Ciel en tombant ne m'accable ſous luy:

665 4029 2572 212 Ie ne puis ſuccomber que par vne auanture

671 4202 2521 217 Dont le coup ſoit fatal à toute la Nature.

682 4377 2736 218 Tous les Aſmoneans ſont dedans le tombeau,

692 4538 2944 238 On voit deſſus le Thrône vn Monarque nouueau,

692 4718 2949 232 Qui tient ſous les Lauriers ſa Couronne & ſa teſte

683 4918 2668 213 Pour iamais à l'abry des coups de la tempeſte.

879 5084 2760 224 Ie ſçay bien quel ſupport Auguſte ma promis,

700 5277 2546 211 Me voulant receuoir au rang de ſes amis;
