3796 5856
952 161 1358 253 TRAGEDIE.

2941 234 185 214 15

262 384 2523 224 O bon-heur imparfait! ô rigueur importune,

103 565 2987 234 I'ay pour mes compagnons l'Amour & la Fortune;

96 741 2891 233 Ils ne me quittent point, ils ſuiuent tous mes pas:

91 917 2865 232 Mais l'vn m'eſt fauorable, & l'autre ne l'eſt pas.

92 1101 2971 238 L'vn fait qu'à tout vn peuple auiourd'huy ie com¬

254 1284 474 149 mande,

93 1457 2718 226 Et l'autre me refuſe vn cœur que ie demande:

84 1643 2824 222 Vn cœur que ie ne puis ranger ſous mon pouuoir

85 1817 2512 219 En poſſedant le corps ou ie le ſens mouuoir.

246 1976 2613 244 Aueugles Deïtez, eſgalez mieux les choſes,

71 2173 2849 226 Meſlez moins de lauriers auecque plus de roſes,

68 2349 2915 229 Faites qu'auec plus d’heur, ie ſois moins renommé,

69 2531 2833 226 Et n'eſtant point ſi craint, que ie ſois plus aimé.

250 2712 2771 225 C'eſt auecque raiſon que mon humeur eſt ſombre,

62 2887 2970 228 Ma gloire n'eſt qu'vn ſonge, & ma grandeur

239 3064 862 196 qu'vne ombre:

56 3241 2534 225 Si lors que tout le monde en redoute l'effet,

47 3417 2517 220 Ie bruſle d’vn deſir qui n'eſt point ſatisfait.

997 3714 972 146 SALOME.

46 3961 2691 221 Depuis qu'en voſtre lict Mariane eſt entree,

51 4135 2221 210 Et par tant de ſoins elle eſt idolatree:

41 4315 2842 218 Voſtre Maiſon ſans ceſſe eſt ouuerte aux douleurs;

46 4489 2948 229 On n'obſerue en vous deux que plaintes & que pleurs

1036 4765 1022 148 HERODE.

29 5015 2959 239 Mes plaintes ſont touiours plus iuſtes que ſes larmes.

20 5195 2859 236 Pourquoy me parut-elle auecque tant de charmes,
