3796 5847
638 229 180 180 16

1286 155 1696 234 LA MARIANE,

647 411 2478 212 Tant de rares vertus, & de diuins apas,

637 583 2966 220 Pour entrer dans ma couche, & pour ne m'aimer pas?

647 767 2822 212 Faut-il que deux moitiés ſoient ſi mal aſſorties?

647 946 2678 213 Qu'vn tout ſoit compoſé de contraires parties?

649 1125 2452 216 Que ie ſois ſi ſenſible, elle l'eſtant ſi peu?

651 1299 2964 214 Que ſon cœur ſoit de glace, & le mien ſoit de feu?

1621 1667 1150 147 PHERORE.

659 2028 2708 217 Apres auoir acquis des honneurs à la guerre,

663 2196 2852 219 Qui vous font enuier aux deux bouts de la terre,

666 2384 2695 215 Succombant dans la paix à d'inuiſibles coups,

670 2565 2764 218 Vous vouleZ que par tout on ait pitié de vous.

1735 2905 1016 144 HERODE.

666 3251 2948 216 L'erreur dont on m'accuſe a troublé de grands hõmes,

664 3419 2950 232 Soit aux ſiecles paſſez, ſoit au temps où nous ſommes.

666 3621 2484 204 L'Amour eſt tellement fatal à la valeur,

662 3787 2954 220 Qu'il n'eſt point de Heros exempts de ce mal-heur;

670 3974 2502 213 Celuy qui de ſon poil tenoit toute ſa force,

662 4155 2666 206 Ne ſceut ſi deſtourner de cette douce amorce.

666 4332 2722 211 Et ce petit Berger qui deuint vn grand Roy,

670 4509 2772 210 Fut en ſes derniers iours plus inſenſé que moy.

668 4691 2642 210 Anthoine ſous ce ioug abaiſſant ſon courage,

676 4869 2620 210 A de moindres clarteZ s'ébloüit dauantage,

664 5034 2710 241 Pour ſuiure Cleopatre il quitta ſon bon-heur,

684 5211 2758 226 Et s'embarquant ainſi, fit naufrage d'honneur.

3226 5396 397 124 De moy
