3796 5856
266 350 2695 227 Mille Rois glorieux ſont ſes dignes anceſtres,

251 524 2837 241 Et l'on peut la nommer la fille de nos Maiſtres.

1210 901 983 148 SALOME.

242 1262 2768 228 Elle en vZe donc bien, car on fait au Palais,

239 1446 2536 220 Qu'elle parle de nous comme de ſes valets.

236 1626 2810 225 Et c'eſt dequoy pourtant nous ne ferions que rire,

237 1806 2783 222 N'eſtoit mille diſcours que l'on nous vient redire,

220 1985 2327 208 Par ou ſon cœur ingrat, auec eſmotion,

233 2164 2463 211 Teſmoigne contre vous ſa noire intention,

1250 2532 1014 152 HERODE,

222 2889 2776 223 Nous ne pouuons iamais, auecque bien-ſeance,

221 3067 2840 222 Aux rapports des valets, donner tant de creance:

218 3243 2382 219 Ainſi que l'intereſt les a rendus flateurs,

215 3421 2389 211 Noſtre facilité les peut rendre menteurs;

216 3575 2453 250 Et meſme le menſonge eſt aſſez ordinaire,

213 3781 2643 221 A ces petites gens dont l'ame eſt mercenaire.

1120 4146 1102 166 SALOME.

205 4493 2953 250 Les miens n'ont pas le cœur, ny l'eſprit d'inuenter,

215 4676 2818 213 Tout ce que de la Reine ils me viennent conter.

1063 4933 1116 164 HERODE.

206 5208 2651 250 Appren nous quelque traict de ceſte violence?

1089 122 1285 244 TRAGEDIE.

3048 175 171 244 19

2463 5460 276 142 C ij
