3796 5876
581 267 117 81 10

1255 189 1631 177 LA MARIANE,

1618 571 1031 147 HERODE.

627 921 2524 204 EſcouteZ donc le reſte, & me laiſſeZ parler;

613 1105 2303 202 Il n'auoit point icy la Tyare à la teſte

614 1279 2922 204 Comme aux iours ſolemnels de noſtre grande feſte;

614 1459 2714 206 Ou tirant trop d’eſclat d'vn riche veſtement,

600 1639 2301 198 Il obligeoit les Iuifs à dire hautement,

593 1815 2504 213 Qu'vne ſi glorieuſe, & ſi noble perſonne,

585 1995 2791 205 Meritoit de porter la Mytre & la Couronne.

592 2177 2562 203 le ne l'ay reconnu qu'a la voix ſeulement;

590 2356 2429 202 Il ſembloit retiré de l'onde fraiſchement,

594 2532 2609 208 Son corps eſtoit enflé l'eau qu'il auoit beuë,

601 2709 2982 209 Ses cheueux tous moüilleZ luy tomboient ſur la veuë,

605 2894 2683 197 Les flots auoient eſteint la clarté de ſes yeux,

638 3065 2948 206 Oui s'eſtoient en mourant tourneZ deuers les Cieux;

612 3250 2381 203 Il ſembloit que l'effort d'vne cruelle rage

613 3425 2574 204 Auoit laißé l'horreur peinte ſur ſon viſage,

625 3601 2952 212 Et que de ſang meurtry tout ſon teint ſe couuriſt,

621 3785 2779 202 Et ſa bouche eſtoit morte encor qu'elle s'ouuriſt.

766 3963 2582 203 Ses propos dés l'abord, ont eſté des iniures,

622 4137 2951 212 Des reproches ſanglans: mais tous pleins d'impo¬

897 4348 374 161 ſtures.

617 4497 2358 210 Il a fait contre moy mille imprecations,

615 4677 2317 204 Il m'eſt venu charger de maledictions,

610 4858 2648 206 Ma parlé des rigueurs ſur ſon pere exercées,

612 5019 2955 221 M'imputant tous les maux de nos guerres paſſées:
