3796 5918
562 371 2730 230 Ie ſuis aſſez ſçauant en l'art de bien regner,

563 558 3039 224 Sans que ton vain courroux me le vienne enſeigner;

567 751 2739 212 Et i'ay trop ſeurement affermy mon Empire

554 934 3051 192 Pour craindre les malheurs que tu me viens predire:

569 1111 2599 211 Ie donneray bon ordre a tous les accidens,

580 1293 3025 215 Qui n'eſtans point preueus, perdent les imprudens.

780 1475 2823 216 Mais quoy? le front me ſuë, & ie ſuis hors d'ha¬

976 1687 342 134 leine;

602 1847 2677 201 Mon ame en ce repos a trouué tant de peine

602 2019 2329 232 A ſe deſabuſer d'vne faſcheuſe erreur,

606 2206 2802 224 Que i'en ſuis tout émeu de colere & d'horreur.

617 2433 345 136 Hola.

173 1963 403 90 Ferore pa¬

174 2052 345 86 roiſt auec

168 2140 411 93 le Capitai¬

172 2232 412 92 ne des Gar¬

184 2344 145 70 des

557 246 99 128 2

1243 128 1664 232 LA MARIANE,
