3796 5897
459 317 2813 196 Ils me viennent conter leurs triſtes auantures,

460 497 3016 212 Ils me viennent monſtrer leurs mortelles bleſſures,

472 673 2995 206 Et me vont reprochant pour me combler d‘ennuis,

471 854 2931 205 Qu'auecque leur bourreau ie dors toutes les nuits.

648 1034 2530 204 Il faut que le perfide acheue ma diſgrace;

472 1219 2795 200 Il en veut à mon ſang, il ent veut à ma race,

475 1404 2422 197 Il n'eſt pas ſatisfait pour auoir maſſacré

483 1581 2555 198 Vn vieillard venerable, vn Pontife ſacré

488 1758 2929 201 Qui le mit dans ſes droits & dans ſon alliance;

492 1938 2467 223 Logeant en ſon appuy toute ſa confiance:

501 2104 2595 221 Ny pour auoir eſteint d’vne eſtrange façon

502 2298 2656 201 Vn innocent beaufrere, vn aimable garçon,

498 2478 2689 205 Le ieune Ariſtobule, helas! lors que i'y penſe

497 2665 2816 196 Le cours de ma douleur emporte ma confiance;

497 2843 2475 202 I ay le cœur ſi ſerré que ie ne puis parler,

506 3019 2492 204 Et mon ame affligée eſt preſte à s'enuoler.

698 3196 2669 206 A peine il arriuoit en ſon quatrieſme luſtre,

519 3379 2777 204 Et l'on voyoit en luy ie ne ſçay quoy d'illuſtre,

526 3559 2696 204 Sa grace, ſa beauté, ſa parole, & ſon port,

534 3737 2541 204 Rauiſfoient les eſprits dés le premier abord.

539 3918 2590 203 II eſtoit de mon poil, il auoit mon viſage,

539 4098 2567 203 Il eſtoit ma peinture, ou i'eſtois ſon image.

522 4259 3004 222 Puis les Cieux en ſon ame auoient mis des threſors

542 4449 2989 210 Qui reſpondoient encore à ceux d'vn ſi beau corps,

553 4622 2797 223 Et leurs graces ſur luy ſembloient eſtre tombées

538 4805 2718 170 Pour releuer l'honneur des braues Macabées.

558 4995 2673 206 Celuy qui vers le Nil emporta les pourtraits

561 5175 2706 212 Confeſſoit tout rauy de ſes charmans attraits,

467 152 182 162 26

1204 93 1677 211 LA MARIANE,
