<?xml version="1.0" encoding="UTF-8"?>
<alto xmlns:xsi="http://www.w3.org/2001/XMLSchema-instance"
      xmlns="http://www.loc.gov/standards/alto/ns-v4#"
      xsi:schemaLocation="http://www.loc.gov/standards/alto/ns-v4# https://gitlab.inria.fr/scripta/escriptorium/-/raw/develop/app/escriptorium/static/alto-4-1-baselines.xsd">
  <Description>
    <MeasurementUnit>pixel</MeasurementUnit>
    <sourceImageInformation>
      <fileName>Lhermite1639_Mariane_bpt6k1511072f_corrected_0026.png</fileName>
    </sourceImageInformation>
  </Description>
  
  <Tags>
    <OtherTag ID="BT1" LABEL="Title" DESCRIPTION="block type Title"/><OtherTag ID="BT2" LABEL="Main" DESCRIPTION="block type Main"/><OtherTag ID="BT286" LABEL="Damage" DESCRIPTION="block type Damage"/><OtherTag ID="BT287" LABEL="Decoration" DESCRIPTION="block type Decoration"/><OtherTag ID="BT288" LABEL="DropCapital" DESCRIPTION="block type DropCapital"/><OtherTag ID="BT289" LABEL="Figure" DESCRIPTION="block type Figure"/><OtherTag ID="BT290" LABEL="Margin" DESCRIPTION="block type Margin"/><OtherTag ID="BT291" LABEL="MusicNotation" DESCRIPTION="block type MusicNotation"/><OtherTag ID="BT292" LABEL="Numbering" DESCRIPTION="block type Numbering"/><OtherTag ID="BT293" LABEL="RunningTitle" DESCRIPTION="block type RunningTitle"/><OtherTag ID="BT294" LABEL="Seal" DESCRIPTION="block type Seal"/><OtherTag ID="BT295" LABEL="Signatures" DESCRIPTION="block type Signatures"/><OtherTag ID="BT296" LABEL="Stamp" DESCRIPTION="block type Stamp"/><OtherTag ID="BT297" LABEL="Table" DESCRIPTION="block type Table"/>
    <OtherTag ID="LT109" LABEL="Default" DESCRIPTION="line type Default"/><OtherTag ID="LT110" LABEL="DropCapitalLine" DESCRIPTION="line type DropCapitalLine"/><OtherTag ID="LT111" LABEL="Interlinear" DESCRIPTION="line type Interlinear"/><OtherTag ID="LT112" LABEL="MusicLine" DESCRIPTION="line type MusicLine"/><OtherTag ID="LT113" LABEL="Rubric" DESCRIPTION="line type Rubric"/>
  </Tags>
  
  <Layout>
    <Page WIDTH="3796"
          HEIGHT="5906"
          PHYSICAL_IMG_NR="21"
          ID="eSc_dummypage_">
      <PrintSpace HPOS="0"
                  VPOS="0"
                  WIDTH="3796"
                  HEIGHT="5906">
        
        <TextBlock HPOS="469"
                   VPOS="256"
                   WIDTH="192"
                   HEIGHT="160"
                   ID="eSc_textblock_ca3db59d"
                   TAGREFS="BT292">
          <Shape><Polygon POINTS="469 277 469 405 650 416 661 256"/></Shape>
          
          
          <TextLine ID="tl_1"
                    TAGREFS="LT109"
                    BASELINE="486 394 541 394 693 387" 
                    HPOS="482"
                    VPOS="241"
                    WIDTH="197"
                    HEIGHT="172">
            <Shape><Polygon POINTS="482 393 492 241 669 260 679 413 492 403"/></Shape>
	    <String CONTENT="18"
                    HPOS="482"
                    VPOS="241"
                    WIDTH="197"
                    HEIGHT="172"></String>
          </TextLine>

          
        </TextBlock>
        
        <TextBlock HPOS="1098"
                   VPOS="213"
                   WIDTH="1760"
                   HEIGHT="150"
                   ID="eSc_textblock_986adc09"
                   TAGREFS="BT293">
          <Shape><Polygon POINTS="1098 213 1098 363 2858 363 2858 213"/></Shape>
          
          
          <TextLine ID="eSc_line_a5749cb2"
                    TAGREFS="LT109"
                    BASELINE="1120 367 1406 353 2248 342 2418 341 2851 373" 
                    HPOS="1117"
                    VPOS="142"
                    WIDTH="1733"
                    HEIGHT="236">
            <Shape><Polygon POINTS="1117 364 1137 182 1289 187 1353 221 1595 221 1688 142 1752 177 1870 177 1915 142 1954 142 2008 177 2097 157 2225 187 2279 147 2323 142 2373 182 2397 157 2461 167 2486 142 2540 142 2609 172 2638 157 2683 187 2732 157 2835 172 2850 369 2624 378 2579 359 2427 378 2397 349 2225 349 2186 374 2161 349 1959 349 1915 378 1634 378 1595 349 1122 364"/></Shape>
	    <String CONTENT="LA MARIANE,"
                    HPOS="1117"
                    VPOS="142"
                    WIDTH="1733"
                    HEIGHT="236"></String>
          </TextLine>

          
        </TextBlock>
        
        <TextBlock HPOS="437"
                   VPOS="448"
                   WIDTH="3114"
                   HEIGHT="5043"
                   ID="eSc_textblock_d00cadbc"
                   TAGREFS="BT2">
          <Shape><Polygon POINTS="437 448 437 5491 3551 5491 3551 448"/></Shape>
          
          
          <TextLine ID="tl_2"
                    TAGREFS="LT109"
                    BASELINE="471 578 665 565 1080 550 1610 541 1691 557 1892 538 2150 537 2460 533 2999 550" 
                    HPOS="471"
                    VPOS="395"
                    WIDTH="2528"
                    HEIGHT="217">
            <Shape><Polygon POINTS="471 395 2999 395 2999 612 471 612"/></Shape>
	    <String CONTENT="Vn eſcueil agreable, où l&#39;on voit eſclater,"
                    HPOS="471"
                    VPOS="395"
                    WIDTH="2528"
                    HEIGHT="217"></String>
          </TextLine>

          
          
          <TextLine ID="tl_3"
                    TAGREFS="LT109"
                    BASELINE="475 752 782 743 936 738 1196 727 1372 727 1588 730 1892 720 2016 716 2288 717 2602 712 2818 706 3096 709 3232 703" 
                    HPOS="475"
                    VPOS="581"
                    WIDTH="2758"
                    HEIGHT="211">
            <Shape><Polygon POINTS="475 581 3233 581 3233 792 475 792"/></Shape>
	    <String CONTENT="Tout ce que la Nature a fait pour me tenter."
                    HPOS="475"
                    VPOS="581"
                    WIDTH="2758"
                    HEIGHT="211"></String>
          </TextLine>

          
          
          <TextLine ID="tl_4"
                    TAGREFS="LT109"
                    BASELINE="481 926 600 925 885 969 1230 909 1410 905 1754 901 2320 895 2766 886 2936 883 3340 884 3398 901" 
                    HPOS="481"
                    VPOS="753"
                    WIDTH="2918"
                    HEIGHT="219">
            <Shape><Polygon POINTS="481 753 3399 753 3399 972 481 972"/></Shape>
	    <String CONTENT="Il n&#39;eſt point de rubis vermeils comme ſa bouche,"
                    HPOS="481"
                    VPOS="753"
                    WIDTH="2918"
                    HEIGHT="219"></String>
          </TextLine>

          
          
          <TextLine ID="tl_5"
                    TAGREFS="LT109"
                    BASELINE="485 1134 736 1104 938 1094 1074 1090 1276 1088 1594 1087 2092 1075 2216 1070 2480 1071 2626 1070 3020 1062 3298 1061 3476 1083" 
                    HPOS="485"
                    VPOS="930"
                    WIDTH="2992"
                    HEIGHT="216">
            <Shape><Polygon POINTS="485 930 3477 930 3477 1146 485 1146"/></Shape>
	    <String CONTENT="Qui meſle vn eſprit d&#39;ambre à tout ce qu&#39;elle touche,"
                    HPOS="485"
                    VPOS="930"
                    WIDTH="2992"
                    HEIGHT="216"></String>
          </TextLine>

          
          
          <TextLine ID="tl_6"
                    TAGREFS="LT109"
                    BASELINE="499 1290 676 1280 1108 1272 1286 1266 1814 1261 2146 1259 2406 1252 2688 1247 3310 1240" 
                    HPOS="499"
                    VPOS="1106"
                    WIDTH="2812"
                    HEIGHT="224">
            <Shape><Polygon POINTS="499 1106 3311 1106 3311 1330 499 1330"/></Shape>
	    <String CONTENT="Et l&#39;eſclat de ſes yeux veut que mes ſentimens"
                    HPOS="499"
                    VPOS="1106"
                    WIDTH="2812"
                    HEIGHT="224"></String>
          </TextLine>

          
          
          <TextLine ID="tl_7"
                    TAGREFS="LT109"
                    BASELINE="493 1460 722 1458 1244 1450 1554 1445 1696 1444 2084 1437 2282 1434 2594 1481 2814 1428 3406 1413" 
                    HPOS="493"
                    VPOS="1291"
                    WIDTH="2913"
                    HEIGHT="217">
            <Shape><Polygon POINTS="493 1291 3406 1291 3406 1508 493 1508"/></Shape>
	    <String CONTENT="Les mettent pour le moins au rang des diamans."
                    HPOS="493"
                    VPOS="1291"
                    WIDTH="2913"
                    HEIGHT="217"></String>
          </TextLine>

          
          
          <TextLine ID="tl_8"
                    TAGREFS="LT109"
                    BASELINE="1426 1796 2604 1792" 
                    HPOS="1426"
                    VPOS="1661"
                    WIDTH="1178"
                    HEIGHT="143">
            <Shape><Polygon POINTS="1426 1661 2604 1661 2604 1804 1426 1804"/></Shape>
	    <String CONTENT="PHERORE."
                    HPOS="1426"
                    VPOS="1661"
                    WIDTH="1178"
                    HEIGHT="143"></String>
          </TextLine>

          
          
          <TextLine ID="tl_9"
                    TAGREFS="LT109"
                    BASELINE="521 2194 712 2192 1154 2180 1680 2172 1960 2169 2262 2164 2982 2156" 
                    HPOS="520"
                    VPOS="2031"
                    WIDTH="2462"
                    HEIGHT="209">
            <Shape><Polygon POINTS="520 2031 2982 2031 2982 2240 520 2240"/></Shape>
	    <String CONTENT="La beauté toutefois doit eſtre deſdaignée."
                    HPOS="520"
                    VPOS="2031"
                    WIDTH="2462"
                    HEIGHT="209"></String>
          </TextLine>

          
          
          <TextLine ID="tl_10"
                    TAGREFS="LT109"
                    BASELINE="528 2405 776 2369 960 2366 1204 2361 1700 2352 1986 2347 2316 2345 3139 2334" 
                    HPOS="528"
                    VPOS="2210"
                    WIDTH="2612"
                    HEIGHT="207">
            <Shape><Polygon POINTS="528 2210 3140 2210 3140 2417 528 2417"/></Shape>
	    <String CONTENT="Qui de bon naturel n&#39;eſt point accompagnée."
                    HPOS="528"
                    VPOS="2210"
                    WIDTH="2612"
                    HEIGHT="207"></String>
          </TextLine>

          
          
          <TextLine ID="tl_11"
                    TAGREFS="LT109"
                    BASELINE="1453 2596 2490 2591" 
                    HPOS="1453"
                    VPOS="2459"
                    WIDTH="1037"
                    HEIGHT="143">
            <Shape><Polygon POINTS="1453 2459 2490 2459 2490 2602 1453 2602"/></Shape>
	    <String CONTENT="HERODE."
                    HPOS="1453"
                    VPOS="2459"
                    WIDTH="1037"
                    HEIGHT="143"></String>
          </TextLine>

          
          
          <TextLine ID="tl_12"
                    TAGREFS="LT109"
                    BASELINE="534 2921 891 2910 1177 2909 1712 2915 2087 2890 2267 2890 2451 2884 3005 2898" 
                    HPOS="534"
                    VPOS="2751"
                    WIDTH="2472"
                    HEIGHT="214">
            <Shape><Polygon POINTS="534 2751 3006 2751 3006 2965 534 2965"/></Shape>
	    <String CONTENT="Toute ceſte rigueur, vient de ſa chaſteté,"
                    HPOS="534"
                    VPOS="2751"
                    WIDTH="2472"
                    HEIGHT="214"></String>
          </TextLine>

          
          
          <TextLine ID="tl_13"
                    TAGREFS="LT109"
                    BASELINE="530 3104 893 3088 1123 3090 1635 3074 2199 3064 2391 3064 2763 3060 2925 3059 3325 3072" 
                    HPOS="530"
                    VPOS="2928"
                    WIDTH="2796"
                    HEIGHT="214">
            <Shape><Polygon POINTS="530 2928 3326 2928 3326 3142 530 3142"/></Shape>
	    <String CONTENT="Mais ſon humeur hautaine eſt pleine de bonté,"
                    HPOS="530"
                    VPOS="2928"
                    WIDTH="2796"
                    HEIGHT="214"></String>
          </TextLine>

          
          
          <TextLine ID="tl_14"
                    TAGREFS="LT109"
                    BASELINE="530 3310 975 3270 1067 3268 1269 3269 1455 3260 1527 3256 1585 3255 2193 3249 2455 3244 2993 3240 3081 3277 3315 3237 3391 3234 3519 3200" 
                    HPOS="530"
                    VPOS="3102"
                    WIDTH="2990"
                    HEIGHT="218">
            <Shape><Polygon POINTS="530 3102 3520 3102 3520 3320 530 3320"/></Shape>
	    <String CONTENT="Quand le Parthe inhumain prit Hyrcane &amp; Pha¬"
                    HPOS="530"
                    VPOS="3102"
                    WIDTH="2990"
                    HEIGHT="218"></String>
          </TextLine>

          
          
          <TextLine ID="tl_15"
                    TAGREFS="LT109"
                    BASELINE="690 3498 1023 3467" 
                    HPOS="690"
                    VPOS="3322"
                    WIDTH="334"
                    HEIGHT="176">
            <Shape><Polygon POINTS="690 3322 1024 3322 1024 3498 690 3498"/></Shape>
	    <String CONTENT="ſelle,"
                    HPOS="690"
                    VPOS="3322"
                    WIDTH="334"
                    HEIGHT="176"></String>
          </TextLine>

          
          
          <TextLine ID="tl_16"
                    TAGREFS="LT109"
                    BASELINE="540 3629 663 3629 967 3628 1203 3623 1857 3612 1983 3609 2217 3610 2649 3600 3033 3600 3095 3597" 
                    HPOS="540"
                    VPOS="3464"
                    WIDTH="2556"
                    HEIGHT="219">
            <Shape><Polygon POINTS="540 3464 3096 3464 3096 3683 540 3683"/></Shape>
	    <String CONTENT="Ie deus ma deliurance à ſon conſeil fidelle:"
                    HPOS="540"
                    VPOS="3464"
                    WIDTH="2556"
                    HEIGHT="219"></String>
          </TextLine>

          
          
          <TextLine ID="tl_17"
                    TAGREFS="LT109"
                    BASELINE="546 3813 839 3807 1475 3800 1825 3786 1995 3791 2167 3789 2635 3784 3099 3797" 
                    HPOS="546"
                    VPOS="3652"
                    WIDTH="2553"
                    HEIGHT="211">
            <Shape><Polygon POINTS="546 3652 3099 3652 3099 3863 546 3863"/></Shape>
	    <String CONTENT="Sans cét inſigne effect de ſa ſecrette amour,"
                    HPOS="546"
                    VPOS="3652"
                    WIDTH="2553"
                    HEIGHT="211"></String>
          </TextLine>

          
          
          <TextLine ID="tl_18"
                    TAGREFS="LT109"
                    BASELINE="548 3987 671 3985 1127 3982 1255 3977 1445 3977 1695 3976 2089 3970 2559 3963 2905 3961 3191 3954 3241 3971" 
                    HPOS="548"
                    VPOS="3833"
                    WIDTH="2693"
                    HEIGHT="208">
            <Shape><Polygon POINTS="548 3833 3241 3833 3241 4041 548 4041"/></Shape>
	    <String CONTENT="Ie perdois à la fois, &amp; Sceptre &amp; le iour;"
                    HPOS="548"
                    VPOS="3833"
                    WIDTH="2693"
                    HEIGHT="208"></String>
          </TextLine>

          
          
          <TextLine ID="tl_19"
                    TAGREFS="LT109"
                    BASELINE="563 4163 747 4164 983 4163 1263 4160 1421 4159 1651 4168 1921 4171 2103 4188 2243 4144 2715 4139 3393 4152" 
                    HPOS="563"
                    VPOS="4009"
                    WIDTH="2830"
                    HEIGHT="212">
            <Shape><Polygon POINTS="563 4009 3393 4009 3393 4221 563 4221"/></Shape>
	    <String CONTENT="C&#39;eſtoit fait de ma vie, &amp; le traiſtre Antigone,"
                    HPOS="563"
                    VPOS="4009"
                    WIDTH="2830"
                    HEIGHT="212"></String>
          </TextLine>

          
          
          <TextLine ID="tl_20"
                    TAGREFS="LT109"
                    BASELINE="567 4347 765 4344 957 4344 1415 4339 1663 4334 2043 4348 2641 4318 2873 4315 3009 4316 3417 4366 3528 4304" 
                    HPOS="567"
                    VPOS="4186"
                    WIDTH="2962"
                    HEIGHT="215">
            <Shape><Polygon POINTS="567 4186 3529 4186 3529 4401 567 4401"/></Shape>
	    <String CONTENT="En me foulant aux pieds, remontoit ſur le Throſne."
                    HPOS="567"
                    VPOS="4186"
                    WIDTH="2962"
                    HEIGHT="215"></String>
          </TextLine>

          
          
          <TextLine ID="tl_21"
                    TAGREFS="LT109"
                    BASELINE="753 4521 1045 4521 1655 4512 1887 4510 2302 4503 3087 4517" 
                    HPOS="753"
                    VPOS="4368"
                    WIDTH="2334"
                    HEIGHT="205">
            <Shape><Polygon POINTS="753 4368 3087 4368 3087 4573 753 4573"/></Shape>
	    <String CONTENT="Ceſte obligation me touche tendrement,"
                    HPOS="753"
                    VPOS="4368"
                    WIDTH="2334"
                    HEIGHT="205"></String>
          </TextLine>

          
          
          <TextLine ID="tl_22"
                    TAGREFS="LT109"
                    BASELINE="573 4709 749 4702 968 4700 1238 4699 1708 4692 1904 4690 2486 4679 3044 4675 3104 4689" 
                    HPOS="573"
                    VPOS="4550"
                    WIDTH="2532"
                    HEIGHT="203">
            <Shape><Polygon POINTS="573 4550 3105 4550 3105 4753 573 4753"/></Shape>
	    <String CONTENT="Et me fait excuſer ſes deſdains aisément;"
                    HPOS="573"
                    VPOS="4550"
                    WIDTH="2532"
                    HEIGHT="203"></String>
          </TextLine>

          
          
          <TextLine ID="tl_23"
                    TAGREFS="LT109"
                    BASELINE="569 4881 694 4880 945 4934 1491 4930 1646 4873 2058 4866 2212 4865 2414 4864 2949 4909 3362 4848 3426 4839" 
                    HPOS="569"
                    VPOS="4725"
                    WIDTH="2858"
                    HEIGHT="214">
            <Shape><Polygon POINTS="569 4725 3427 4725 3427 4939 569 4939"/></Shape>
	    <String CONTENT="Ie voy beaucoup d&#39;orgueil en ſes beauteZ diuines:"
                    HPOS="569"
                    VPOS="4725"
                    WIDTH="2858"
                    HEIGHT="214"></String>
          </TextLine>

          
          
          <TextLine ID="tl_24"
                    TAGREFS="LT109"
                    BASELINE="575 5065 938 5054 1118 5054 1400 5053 1996 5049 2204 5044 2502 5041 2810 5038 3236 5021" 
                    HPOS="575"
                    VPOS="4907"
                    WIDTH="2662"
                    HEIGHT="206">
            <Shape><Polygon POINTS="575 4907 3237 4907 3237 5113 575 5113"/></Shape>
	    <String CONTENT="Mais on voit rarement des roſes ſans eſpines."
                    HPOS="575"
                    VPOS="4907"
                    WIDTH="2662"
                    HEIGHT="206"></String>
          </TextLine>

          
          
          <TextLine ID="tl_25"
                    TAGREFS="LT109"
                    BASELINE="587 5243 764 5238 1042 5231 1186 5231 1384 5231 1656 5230 1972 5229 2094 5222 2382 5223 2814 5218 2866 5213" 
                    HPOS="587"
                    VPOS="5089"
                    WIDTH="2280"
                    HEIGHT="202">
            <Shape><Polygon POINTS="587 5089 2867 5089 2867 5291 587 5291"/></Shape>
	    <String CONTENT="Et puis il eſt bien iuſte à dire verité:"
                    HPOS="587"
                    VPOS="5089"
                    WIDTH="2280"
                    HEIGHT="202"></String>
          </TextLine>

          
          
          <TextLine ID="tl_26"
                    TAGREFS="LT109"
                    BASELINE="579 5447 994 5413 1374 5409 1698 5410 2008 5409 2208 5407 2458 5402 2640 5400 3060 5442 3144 5384" 
                    HPOS="579"
                    VPOS="5260"
                    WIDTH="2566"
                    HEIGHT="217">
            <Shape><Polygon POINTS="579 5260 3145 5260 3145 5477 579 5477"/></Shape>
	    <String CONTENT="Qu&#39;elle garde entre vous vn peu de majeſté."
                    HPOS="579"
                    VPOS="5260"
                    WIDTH="2566"
                    HEIGHT="217"></String>
          </TextLine>

          
        </TextBlock>
        

        
      </PrintSpace>
    </Page>
  </Layout>
</alto>
