3796 5814
106 439 2412 215 Bref voyant qu'il oſoit ainſi s'émanciper,

104 613 2354 219 A la fin i'ay leué le bras pour le fraper:

100 797 2784 224 Mais penſant de la main repouſſer cét outrage,

94 975 2652 218 Ie n'ay trouué que l'air au lieu de ſon viſage:

92 1151 2500 206 Ainſi de violence, & d'horreur trauaillé,

86 1331 2432 213 Auec vn cry fort haut ie me ſuis eſueillé.

86 1509 2962 224 Voila quel eſt mon ſonge: & bien que vous en ſem¬

250 1692 218 149 ble,

74 1869 1330 191 Salome, qu'en dis-tu?

1054 2244 975 153 SALOME.

1177 2613 1826 201 Moy? Ie dis que i'en tremble:

942 2961 1145 155 PHERORE.

41 3310 2200 209 Ie ne celeray pas que i'en ſuis effrayé.

996 3665 983 149 SALOME.

29 4014 2780 226 C'eſt quelque auis du Ciel qui vous eſt enuoyé.

1015 4376 1022 156 HERODE.

11 4687 2130 209 L'auis à déchifrer eſt ſi fort difficile,

9 4857 2733 252 Qu'il n'euſt pû m'obliger d'vn ſoin plus inutile.

1032 227 1324 213 TRAGEDIE.

2942 295 112 204 11

2212 5262 275 146 B ij
