3796 5785
331 936 2695 238 ADVERTISSEMENT.

1002 1347 2156 210 E ſujet de ceſte Tragedie eſt ſi con¬

1000 1523 2165 216 nu, qu'il n'auoit pas beſoin d’argu¬

997 1695 2164 218 ments. Quiconque a leu Ioſephe, Zo¬

1005 1877 2171 216 nare , Egeſipe, & nouuellement le

998 2049 2188 224 Politique mal-heureux, exprimé

204 2237 2973 224 d’vn ſtile magnifique, par le Reuerend Pere Cauſ¬

189 2415 2986 226 ſin; ſçait aſſeZ quelles ont eſté les violences d'He¬

217 2595 2966 221 rode, qui furent fatales aux Innocens, & parti¬

218 2771 2972 211 culierement à cette Illuſtre Mariane, dont il auoit

226 2943 2956 227 vſurpé le lict & la liberté, auec la Couronne de

233 3121 2946 225 Iudée. Ie me fuis efforcé de dépeindre au vif lhu¬

233 3297 2948 219 meur de ce Prince ſanguinaire, à qui la Nature

243 3473 2941 221 auoit fait aſſeZ de graces pour le rendre vn des

236 3649 2950 221 plus grands hommes de ſon ſiecle, s'il neuſt em¬

236 3829 2953 213 ployé ces merueilleux auantages contre ſa propre

253 3997 2940 221 reputation, en corrompant des biens ſi purs par le

263 4175 2933 219 débordement d’vne cruauté ſans exemple, & des

268 4353 2928 215 autres vices qu'on a remarquez en ſa vie. Voy

268 4527 2934 213 ceſte peinture en ſon iour, & n'y cherche pas des

249 4697 2958 223 finiſſemens qui pourroient affoiblir en quelque ſorte

281 4873 2938 223 la hardieſſe du deſſein: Ie ne me ſuis pas proposé

283 5043 2935 225 de remplir cét ouurage d’imitations Italiennes, &

2578 5240 268 140 ẽ iij

260 1379 608 800 L
