3796 5851
531 170 161 156 28

1161 102 1629 234 LA MARIANE,

533 351 2969 188 On vous a fait des maux, mais pour ne rien celer

534 531 2829 192 On pren beaucoup de ſoin pour vous en conſoler.

1429 768 1174 150 MARIANE.

534 1089 658 130 Comment!

1615 1322 844 129 DINA.

1228 1623 1209 188 Le Roy vous aime,

1433 1862 1216 154 MARIANE.

2022 2155 1470 145 Il m'aime? ô l'innocente!

1567 2408 908 134 DINA.

512 2702 2722 191 Il ſouſpire touſiours quand vous eſtes abſente,

516 2883 2973 190 Il vous nomme à toute heure, il conte tous vos pas;

523 3074 1529 179 N'eſt-ce pas vous aimer?

1410 3310 1210 148 MARIANE.

2001 3603 1481 183 Hé quoy? ne ſcay-tu pas

514 3778 2576 209 Que cette ame infidelle eſt pleine d'artifices,

508 3961 2819 188 Que ma perte despend de ſes premiers caprices,

515 4137 2956 192 Et qu'au moindre hazard qu'il s'attend de courir

513 4320 2563 199 Il ordonne außi-toſt qu'on me face mourir?

522 4490 2729 199 C'eſt le ſoin principal de cette amour extrême,

519 4674 2526 191 Et c'eſt à quoy n'aguere il obligeoit Soeſme

515 4854 2575 187 Lors que tout effrayé pour Rodes il partoit,

518 5032 2623 185 Redoutant d'y trouuer la mort qu'il meritoit.
