<?xml version="1.0" encoding="UTF-8"?>
<PcGts xmlns="http://schema.primaresearch.org/PAGE/gts/pagecontent/2013-07-15" xmlns:xsi="http://www.w3.org/2001/XMLSchema-instance" xmlns:xs="http://www.w3.org/2001/XMLSchema" xmlns:pr="http://schema.primaresearch.org/PAGE/gts/pagecontent/2013-07-15" xsi:schemaLocation="http://schema.primaresearch.org/PAGE/gts/pagecontent/2013-07-15 http://schema.primaresearch.org/PAGE/gts/pagecontent/2013-07-15/pagecontent.xsd">
  <Metadata>
        <Creator/>
        <Created>2019-01-25T16:08:59.939+01:00</Created>
        <LastChange>2019-05-15T18:03:17.047+02:00</LastChange>
        <Comments>
                Measurement unit: pixel
                PrimaryLanguage: English
                Language: FrenchStandard
                Producer: ABBYY FineReader Engine 11</Comments>
        <TranskribusMetadata docId="162888" pageId="5991302" pageNr="70" tsid="10167886" status="DONE" userId="10612" imgUrl="https://files.transkribus.eu/Get?id=YSXJKLHPKIHJCXYQWIVLFMCO&amp;fileType=view" xmlUrl="https://files.transkribus.eu/Get?id=ITDUPAZLOAONVUKGUVCIXXYY" imageId="2072254"/>
    </Metadata>
  <Page imageFilename="Balzac1624_Lettres_btv1b86262420_corrected_0070.png" imageWidth="4267" imageHeight="6805">
    <PrintSpace>
            <Coords points="886,55 4237,55 4237,5947 886,5947"/>
        </PrintSpace>
    <ReadingOrder>
            <OrderedGroup id="ro_1604221563914" caption="Regions reading order">
                <RegionRefIndexed index="0" regionRef="r_1_1"/>
                <RegionRefIndexed index="1" regionRef="r_1_2"/>
            </OrderedGroup>
        </ReadingOrder>
    <TextRegion type="paragraph" id="r_1_1" custom="readingOrder {index:0;}">
      <Coords points="1073,90 3968,90 3968,5593 1073,5593"/>
      <TextLine id="tl_1" primaryLanguage="English" custom="structure {type:default;} readingOrder {index:0;}">
        <Coords points="1212,91 3843,91 3843,429 1212,429"/>
        <Baseline points="1212,300 1429,266 2630,323 3050,352 3841,401"/>
        <Word id="w_w2aab1b1b2b1b1ab1">
          <Coords points="1212,91 3843,91 3843,429 1212,429"/>
          <TextEquiv>
            <Unicode>48 LETTRES DV SIEVR</Unicode>
          </TextEquiv>
          <TextStyle fontFamily="Times New Roman" fontSize="10.0" bold="true"/>
        </Word>
      </TextLine>
      <TextLine id="tl_2" primaryLanguage="English" custom="structure {type:default;} readingOrder {index:1;}">
        <Coords points="1184,326 3967,326 3967,759 1184,759"/>
        <Baseline points="1187,562 1793,564 2261,588 2609,602 3320,638 3961,647"/>
        <Word id="w_w2aab1b1b2b1b3ab1">
          <Coords points="1184,326 3967,326 3967,759 1184,759"/>
          <TextEquiv>
            <Unicode>falluſt faire des prieres gene¬</Unicode>
          </TextEquiv>
          <TextStyle fontFamily="Times New Roman" fontSize="11.0"/>
        </Word>
      </TextLine>
      <TextLine id="tl_3" primaryLanguage="English" custom="structure {type:default;} readingOrder {index:2;}">
        <Coords points="1190,619 3956,619 3956,1039 1190,1039"/>
        <Baseline points="1193,835 1635,841 2163,864 2566,884 3133,917 3301,922 3949,935"/>
        <Word id="w_w2aab1b1b2b1b5ab1">
          <Coords points="1190,619 3956,619 3956,1039 1190,1039"/>
          <TextEquiv>
            <Unicode>rales pour vne ſanté li neceſ¬</Unicode>
          </TextEquiv>
          <TextStyle fontFamily="Times New Roman" fontSize="11.0"/>
        </Word>
      </TextLine>
      <TextLine id="tl_4" primaryLanguage="English" custom="structure {type:default;} readingOrder {index:3;}">
        <Coords points="1175,907 3946,907 3946,1323 1175,1323"/>
        <Baseline points="1179,1112 1621,1129 1839,1136 1938,1145 2164,1148 3207,1205 3662,1229 3941,1251"/>
        <Word id="w_w2aab1b1b2b1b7ab1">
          <Coords points="1175,907 3946,907 3946,1323 1175,1323"/>
          <TextEquiv>
            <Unicode>ſaire &amp; ſi precieuſe que la</Unicode>
          </TextEquiv>
        </Word>
      </TextLine>
      <TextLine id="tl_5" primaryLanguage="English" custom="structure {type:default;} readingOrder {index:4;}">
        <Coords points="1173,1195 3943,1195 3943,1607 1173,1607"/>
        <Baseline points="1176,1401 1858,1457 2589,1454 3288,1502 3620,1515 3939,1531"/>
        <Word id="w_w2aab1b1b2b1b9ab1">
          <Coords points="1173,1195 3943,1195 3943,1607 1173,1607"/>
          <TextEquiv>
            <Unicode>voſtre, &amp; que voſtre vie ne</Unicode>
          </TextEquiv>
          <TextStyle fontFamily="Times New Roman" fontSize="11.0"/>
        </Word>
      </TextLine>
      <TextLine id="tl_6" primaryLanguage="English" custom="structure {type:default;} readingOrder {index:5;}">
        <Coords points="1172,1479 3929,1479 3929,1855 1172,1855"/>
        <Baseline points="1174,1689 3425,1829 3925,1815"/>
        <Word id="w_w2aab1b1b2b1c11ab1">
          <Coords points="1172,1479 3929,1479 3929,1855 1172,1855"/>
          <TextEquiv>
            <Unicode>vous doiue eſtre chere, dans</Unicode>
          </TextEquiv>
          <TextStyle fontFamily="Times New Roman" fontSize="11.0"/>
        </Word>
      </TextLine>
      <TextLine id="tl_7" primaryLanguage="English" custom="structure {type:default;} readingOrder {index:6;}">
        <Coords points="1164,1763 3926,1763 3926,2175 1164,2175"/>
        <Baseline points="1168,1962 1949,1998 2959,2054 3111,2061 3919,2079"/>
        <Word id="w_w2aab1b1b2b1c13ab1">
          <Coords points="1164,1763 3926,1763 3926,2175 1164,2175"/>
          <TextEquiv>
            <Unicode>laquelle vous auez à conſer¬</Unicode>
          </TextEquiv>
          <TextStyle fontFamily="Times New Roman" fontSize="11.0"/>
        </Word>
      </TextLine>
      <TextLine id="tl_8" primaryLanguage="English" custom="structure {type:default;} readingOrder {index:7;}">
        <Coords points="1157,2051 3911,2051 3911,2471 1157,2471"/>
        <Baseline points="1161,2253 1498,2264 1694,2274 2322,2310 2589,2323 3240,2353 3804,2385 3908,2391"/>
        <Word id="w_w2aab1b1b2b1c15ab1">
          <Coords points="1157,2051 3911,2051 3911,2471 1157,2471"/>
          <TextEquiv>
            <Unicode>uer la gloire de voſtre ſiecle?</Unicode>
          </TextEquiv>
          <TextStyle fontFamily="Times New Roman" fontSize="11.0"/>
        </Word>
      </TextLine>
      <TextLine id="tl_9" primaryLanguage="English" custom="structure {type:default;} readingOrder {index:8;}">
        <Coords points="1146,2343 3909,2343 3909,2759 1146,2759"/>
        <Baseline points="1150,2549 1644,2556 2342,2651 3900,2727"/>
        <Word id="w_w2aab1b1b2b1c17ab1">
          <Coords points="1146,2343 3909,2343 3909,2759 1146,2759"/>
          <TextEquiv>
            <Unicode>Pour moy, Monſeigneur,</Unicode>
          </TextEquiv>
          <TextStyle fontFamily="Times New Roman" fontSize="11.0"/>
        </Word>
      </TextLine>
      <TextLine id="tl_10" primaryLanguage="English" custom="structure {type:default;} readingOrder {index:9;}">
        <Coords points="1160,2628 3906,2628 3906,3035 1160,3035"/>
        <Baseline points="1160,2902 1497,2836 1897,2849 2740,2900 3007,2926 3519,2940 3899,2947"/>
        <Word id="w_w2aab1b1b2b1c19ab1">
          <Coords points="1160,2628 3906,2628 3906,3035 1160,3035"/>
          <TextEquiv>
            <Unicode>qui ſuis attaqué de tous co¬</Unicode>
          </TextEquiv>
          <TextStyle fontFamily="Times New Roman" fontSize="11.0"/>
        </Word>
      </TextLine>
      <TextLine id="tl_11" primaryLanguage="English" custom="structure {type:default;} readingOrder {index:10;}">
        <Coords points="1129,2907 3908,2907 3908,3323 1129,3323"/>
        <Baseline points="1133,3110 1519,3122 1623,3168 1802,3140 2062,3150 2485,3171 2669,3184 2985,3209 3468,3229 3904,3248"/>
        <Word id="w_w2aab1b1b2b1c21ab1">
          <Coords points="1129,2907 3908,2907 3908,3323 1129,3323"/>
          <TextEquiv>
            <Unicode>ſtez, &amp; à qui il ne reſte que</Unicode>
          </TextEquiv>
        </Word>
      </TextLine>
      <TextLine id="tl_12" primaryLanguage="English" custom="structure {type:default;} readingOrder {index:11;}">
        <Coords points="1119,3195 3893,3195 3893,3611 1119,3611"/>
        <Baseline points="1123,3396 2574,3468 3506,3511 3893,3531"/>
        <Word id="w_w2aab1b1b2b1c23ab1">
          <Coords points="1119,3195 3893,3195 3893,3611 1119,3611"/>
          <TextEquiv>
            <Unicode>l'eſperance qui eſt le ſeul biẽ</Unicode>
          </TextEquiv>
          <TextStyle fontFamily="Times New Roman" fontSize="11.0"/>
        </Word>
      </TextLine>
      <TextLine id="tl_13" primaryLanguage="English" custom="structure {type:default;} readingOrder {index:12;}">
        <Coords points="1124,3479 3891,3479 3891,3899 1124,3899"/>
        <Baseline points="1128,3681 1354,3694 1881,3717 2264,3737 2836,3774 3195,3788 3487,3803 3885,3775"/>
        <Word id="w_w2aab1b1b2b1c25ab1">
          <Coords points="1124,3479 3891,3479 3891,3899 1124,3899"/>
          <TextEquiv>
            <Unicode>de ceux qui n'ont pas les au¬</Unicode>
          </TextEquiv>
          <TextStyle fontFamily="Times New Roman" fontSize="11.0"/>
        </Word>
      </TextLine>
      <TextLine id="tl_14" primaryLanguage="English" custom="structure {type:default;} readingOrder {index:13;}">
        <Coords points="1117,3779 3887,3779 3887,4188 1117,4188"/>
        <Baseline points="1121,3975 1543,4025 2038,4006 2466,4035 2869,4060 3276,4081 3377,4078 3885,4108"/>
        <Word id="w_w2aab1b1b2b1c27ab1">
          <Coords points="1117,3779 3887,3779 3887,4188 1117,4188"/>
          <TextEquiv>
            <Unicode>tres, puis que mõ mal-heur</Unicode>
          </TextEquiv>
          <TextStyle fontFamily="Times New Roman" fontSize="11.0"/>
        </Word>
      </TextLine>
      <TextLine id="tl_15" primaryLanguage="English" custom="structure {type:default;} readingOrder {index:14;}">
        <Coords points="1103,4059 3885,4059 3885,4472 1103,4472"/>
        <Baseline points="1106,4274 1565,4278 2004,4304 2235,4316 2679,4339 3238,4371 3878,4372"/>
        <Word id="w_w2aab1b1b2b1c29ab1">
          <Coords points="1103,4059 3885,4059 3885,4472 1103,4472"/>
          <TextEquiv>
            <Unicode>veut que ie ſois cette victi¬</Unicode>
          </TextEquiv>
          <TextStyle fontFamily="Times New Roman" fontSize="11.0"/>
        </Word>
      </TextLine>
      <TextLine id="tl_16" primaryLanguage="English" custom="structure {type:default;} readingOrder {index:15;}">
        <Coords points="1096,4343 3875,4343 3875,4760 1096,4760"/>
        <Baseline points="1100,4553 1414,4567 2380,4612 2832,4631 3315,4655 3871,4684"/>
        <Word id="w_w2aab1b1b2b1c31ab1">
          <Coords points="1096,4343 3875,4343 3875,4760 1096,4760"/>
          <TextEquiv>
            <Unicode>me publique qui doit eſtre</Unicode>
          </TextEquiv>
          <TextStyle fontFamily="Times New Roman" fontSize="11.0"/>
        </Word>
      </TextLine>
      <TextLine id="tl_17" primaryLanguage="English" custom="structure {type:default;} readingOrder {index:16;}">
        <Coords points="1081,4631 3872,4631 3872,5056 1081,5056"/>
        <Baseline points="1085,4840 1859,4874 2234,4889 2933,4924 3309,4943 3865,4944"/>
        <Word id="w_w2aab1b1b2b1c33ab1">
          <Coords points="1081,4631 3872,4631 3872,5056 1081,5056"/>
          <TextEquiv>
            <Unicode>chargée des peines du peu¬</Unicode>
          </TextEquiv>
          <TextStyle fontFamily="Times New Roman" fontSize="11.0"/>
        </Word>
      </TextLine>
      <TextLine id="tl_18" primaryLanguage="English" custom="structure {type:default;} readingOrder {index:17;}">
        <Coords points="1087,4915 3858,4915 3858,5336 1087,5336"/>
        <Baseline points="1087,5197 1493,5176 1793,5155 2475,5193 3042,5222 3562,5241 3853,5260"/>
        <Word id="w_w2aab1b1b2b1c35ab1">
          <Coords points="1087,4915 3858,4915 3858,5336 1087,5336"/>
          <TextEquiv>
            <Unicode>ple, &amp; payer pour tout le</Unicode>
          </TextEquiv>
          <TextStyle fontFamily="Times New Roman" fontSize="11.0"/>
        </Word>
      </TextLine>
      <TextLine id="tl_19" primaryLanguage="English" custom="structure {type:default;} readingOrder {index:18;}">
        <Coords points="1074,5203 3851,5203 3851,5592 1074,5592"/>
        <Baseline points="1076,5429 2592,5496 3847,5556"/>
        <Word id="w_w2aab1b1b2b1c37ab1">
          <Coords points="1074,5203 3851,5203 3851,5592 1074,5592"/>
          <TextEquiv>
            <Unicode>monde, ie ſerois tres-content</Unicode>
          </TextEquiv>
          <TextStyle fontFamily="Times New Roman" fontSize="11.0"/>
        </Word>
      </TextLine>
    </TextRegion>
    <TextRegion type="paragraph" id="r_1_2" custom="readingOrder {index:1;}">
      <Coords points="3445,5691 3833,5691 3833,5916 3445,5916"/>
      <TextLine id="tl_20" primaryLanguage="English" custom="structure {type:default;} readingOrder {index:0;}">
        <Coords points="3446,5692 3832,5692 3832,5915 3446,5915"/>
        <Baseline points="3446,5903 3832,5839"/>
        <Word id="w_w2aab1b1b2b3b1ab1">
          <Coords points="3446,5692 3832,5692 3832,5915 3446,5915"/>
          <TextEquiv>
            <Unicode>que</Unicode>
          </TextEquiv>
          <TextStyle fontFamily="Times New Roman" fontSize="11.0"/>
        </Word>
      </TextLine>
    </TextRegion>
    <SeparatorRegion id="r_2" custom="readingOrder {index:2;}">
            <Coords points="4191,627 4237,627 4237,1991 4191,1991"/>
        </SeparatorRegion>
    <SeparatorRegion id="r_3" custom="readingOrder {index:3;}">
            <Coords points="4149,4621 4178,4621 4178,5510 4149,5510"/>
        </SeparatorRegion>
  </Page>
</PcGts>
