4267 6735
1093 327 3165 528 DE BALZAC. 3

504 558 3169 844 qu’on voit bien que ce n’eſt

495 850 3164 1124 pas la ſeule faueur qui met

491 1122 3167 1336 de la difference entre les hõ¬

490 1414 3155 1688 mes. Ie ne doute point que

478 1694 3150 1980 le bon droit & la puiſſance

473 1970 3146 2180 ſe rencontrant du meſme

480 2246 3145 2496 coſté, l’euenement des cho¬

468 2542 3124 2812 ſes ne ſoit celuy que nous

471 2814 3136 3092 deſirons; mais quoy qu’il ar¬

442 3102 3143 3380 riue, vous auez deſia la gloire

454 3390 3122 3656 d’auoir rendu la victoire ay¬

449 3666 3126 3940 ſée, & fait voir que les enne¬

449 3946 3109 4216 mis de l’Eſtat n’ont pas eſté

440 4234 3101 4504 iuſques icy ſi conſiderables

439 4518 3100 4792 par leurs propres forces, que

435 4798 3083 5080 par l’opinion que nous en

422 5086 3087 5296 auions conceuë Maintenãt

425 5362 3078 5648 Monſeigneur, il eſt temps

2245 5658 2653 5923 A ij
