4267 6862
1475 487 3683 635 EXTRAICT DV

1949 693 3227 899 Priuilege du Roy.

1221 1019 3977 1381 PAr grace & Priuilege du Roy il eſt

1493 1233 3973 1409 permis à Tovssainct dv Bray,

1207 1407 3983 1601 Marchand Libraire iuré à Paris, d'impri¬

1207 1577 3983 1775 mer ou faire imprimer, vendre & distri¬

1207 1779 3979 1927 buer vn Liure intitulé, Lettres du sieur de

1203 1953 3977 2111 Balzac, & deffences ſont faictes à

1207 2141 3973 2321 tous Libraires, Imprimeurs, & autres de

1211 2323 3973 2499 ce Royaume, d’iceluy liure imprimer, con¬

1207 2503 3973 2677 trefaire ny alterer, vendue & diſtribuer

1203 2677 3973 2865 ſans le congé & permiſſion dudit du Bray,

1203 2865 3977 3053 pendant le temps & eſpace de dix ans, à

1211 3047 3965 3237 compter du iour & datte que ledit liure

1197 3231 3977 3411 ſera acheué d’imprimer pour la premiere

1207 3409 3969 3593 fois, à peine de mille liures d’amande en¬

1203 3571 3983 3763 uers ledit du Bray, confiſcation des liures

1203 3771 3973 3955 qui ſe treuuerõt auoir eſté imprimez d'au¬

1207 3955 3977 4135 tre impreſſion, que de celle dudit ſuppliãt,

1207 4137 3973 4317 auec tous ſes deſpens, dommages, & in¬

1215 4317 3973 4497 tereſts, ainſi que plus amplement eſt con¬

1211 4495 3965 4671 tenu & declaré eſdites lettres de Priuilege,

1207 4673 3959 4863 données à Compiegne le troiſieſme iour

1211 4871 2373 5037 de May, 1624.

1381 5151 3165 5345 Par le Roy en ſon Conſeil.

2414 5474 2862 5650 Signé,

2853 5773 3885 5903 RENOVARD.
