4267 6763
1063 164 3608 447 24 LETTRES DV SIEVR

1050 404 3781 760 ſeure qu’ils auront recon¬

1046 700 3773 1052 gneu en cette occaſion qu’il

1038 988 3744 1331 n’y a point d’accident à ſur¬

1025 1284 3747 1619 monter contre qui vous

1025 1540 3736 1907 ayez beſoin de toute voſtre

1014 1824 3736 2123 vertu. Les afflictions ſont

1005 2124 3727 2427 des dons de Dieu, encore

996 2395 3711 2759 que ce ne ſoient pas de ceux

987 2683 3690 3038 que nous luy demandons en

967 2983 3682 3330 nos prieres; & quand vous

974 3263 3689 3615 ne m'auoüeriez pas cette

959 3539 3665 3886 propoſition, vous auez

950 3823 3665 4182 toujours fait ſi peu d’eſtat

945 4103 3657 4466 de la mort, que ie ne ſçau¬

925 4398 3644 4750 rois croire que vous plai¬

921 4690 3627 5029 gniez persõne pour eſtre en

916 4970 3631 5318 vne condition que vous n’e¬

904 5246 3615 5617 ſtimez pas mal-heureuſe
