4267 6742
1154 134 3250 338 DE BALZAC. 17

562 374 3270 646 d’vne choſe qu’elle vous en¬

570 654 3266 938 uoye : Autre fois elle vous

574 946 3270 1190 eut dreſſé des ſtatues, &: dõ¬

570 1222 3270 1430 né des occaſions de meriter

562 1506 3270 1782 le triõphe; mais puis que ce

574 1790 3266 2066 temps là eſt paſsé, & que ce

570 2066 3270 2350 n’eſt plus par la force qu'elle

566 2358 3274 2622 maintient ſon empire, en¬

566 2642 3270 2846 core ſe faut-il contenter des

554 2930 3278 3186 honneurs de la paix, & rece¬

554 3202 3274 3486 uoir à faueur vne dignité

558 3490 3270 3770 que le fils du Roy d’Eſpai¬

554 3774 3250 4046 gne a deſirée. Quand ce ne

554 4062 3274 4330 ſeroit que vous quitterez le

558 4338 3270 4618 dueil pour vous habiller de

550 4618 3274 4870 la couleur des roſes, vous

558 4910 3282 5138 deuez vous reſioüir de ce

2458 5214 2614 5402 B
