4267 6805
886 184 3082 441 DE BALZAC. 41

333 432 3095 773 ſalles de marbre pour vous

357 707 3131 1040 deffendre du Ciel, i'ayme¬

364 983 3129 1276 rois autant eſtre condamnè

381 1279 3139 1632 au feu que de demeurer au

397 1562 3158 1848 lieu où vous eſtes; Toutes¬

413 1854 3163 2195 fois ce m'eſt pas vous à qui

437 2137 3195 2483 on doit faire peur de ces

449 2421 3208 2774 choſes là; vous n’auez garde

461 2697 3222 2986 de trouuer mauuais l’air

481 2984 3240 3342 qu'a reſpiré toute l’ancienne

501 3272 3256 3629 Republique, ny le Soleil

505 3556 3272 3913 qui a aydé à faire tant de con¬

521 3840 3272 4197 querans, & eſclairé de ſi be¬

529 4136 3288 4481 aux triomphes: Mais pour

541 4411 3312 4769 moy qui n’ay pas ces conſi¬

569 4703 3320 5052 derations, & qui me ſuis mis

585 4978 3344 5340 tout entier en la puiſſance

585 5274 3348 5636 de la medecine, il faut que
