4267 6735
1054 310 3126 526 DE BALZAC. 5

470 554 3118 822 Toutesfois quand ie conſi¬

470 838 3118 1042 dere les actiõs de voſtre vie

470 1118 3114 1390 qui ſont telles, que nous a¬

470 1390 3118 1670 uons de la peine à les croire

462 1686 3122 1954 apres les auoir veuës, & en

466 1966 3134 2230 tel nombre, qu'il ſemble aux

466 2258 3130 2526 eſtrangers que vous viuiez

466 2526 3142 2734 dés le commencement de

470 2822 3142 3086 noſtre Monarchie, ie penſe

462 3090 3146 3366 pouuoir dire auec vérité,

470 3378 3150 3658 que s’il y a encore quelque

478 3662 3150 3938 choſe de grand à faire dans

470 3942 3158 4218 le monde, il ne faut pas que

470 4234 3162 4502 ce ſoit vn autre que vous qui

462 4514 3158 4774 l’entreprene. Vous auez

470 4794 3142 5074 poſſedé les bonnes graces

478 5074 3166 5354 des Roys comme des biens

482 5366 3150 5646 qui ſe peuuent perdre, &

2098 5654 2618 5918 A iij
