4267 6841
1218 105 3775 396 32 LETTRES DV SIEVR

1201 341 3940 713 faire, & quand ie me regar¬

1201 641 3928 1001 de tout ſeul, i'aurois quel¬

1193 929 3940 1289 que fois enuie de vous ren¬

1181 1217 3912 1580 dre ſuſpects les biẽs que i'ay

1161 1508 3908 1872 peur de ne pouuoir pas rece¬

1165 1805 3903 2152 uoir auecque vous; Quoy

1157 2081 3896 2444 que ie die pourtant, ie ne

1145 2368 3880 2724 m’ayme pas de telle ſorte,

1133 2656 3880 3016 que ie veuille preferer mon

1115 2948 3876 3236 contentement aux deſirs de

1109 3244 3859 3580 tout le monde, & aux ne¬

1097 3523 3856 3888 ceſſitez de l'Egliſe; Il eſt be¬

1081 3799 3848 4168 ſoin pour vne infinitè de cõ¬

1085 4099 3836 4467 ſiderations importantes que

1061 4395 3831 4755 vous ſoyez au premier Cõ¬

1061 4671 3808 5043 claue, & que vous vous

1065 4967 3796 5335 trouuiez à cette guerre, qui

1044 5251 3788 5627 ne laiſsera pas d’eſtre grande

3260 5676 3758 5894 pour
