4267 6805
2273 389 2983 567 ODE.

1387 618 3989 904 Lecteur qui prens trop de licence.

1216 868 3483 1167 Regarde bien ce que tu fais;

1222 1128 3816 1414 Voicy les fruicts les plus parfaits

1212 1396 3878 1675 Qu'ait iamais produit l'eloquence.

1354 1649 3588 1920 Ce digne Autheur a merité

1220 1908 3334 2158 Les lauriers de l'eternité,

1213 2160 3995 2448 Il eſt ce qu'on dit que nous ſommes,

1211 2428 4001 2704 Nos vers qu'on flatte en tant de

1379 2676 1784 2855 lieux

1207 2932 3693 3217 Sont le pur langage des hommes,

1217 3188 3579 3468 Et le ſien eſt celuy des Dieux.

1356 3717 3694 3981 Mercure parlant ſur la terre

1202 3976 3596 4241 Vſoit de ces propos charmans,

1204 4224 3682 4497 Quand il portoit les mandemens

1198 4472 3568 4748 Du Dieu qui darde le tonnerre.

1355 4741 3417 5003 Apollon raiſonnoit ainſi,

1205 4992 3771 5266 Quand plein de l'amoureux ſoucy

1191 5240 3709 5530 Dont ſa belle ame eſtoit geſnée,

1185 5508 3135 5777 D'ingratitude il accuſoit
