4267 6805
983 212 3117 428 DE BALZAC. 39

357 468 3128 746 mais ſi hautement occupée,

368 740 3139 1054 que quand il faut choiſir ce¬

351 1024 3125 1335 luy qui doit vſer bien ou

370 1316 3140 1558 mal de toutes les richſſes du

380 1596 3147 1902 Ciel, & exercer vne puiſsan¬

363 1888 3162 2190 ce qui eſt la plus proche de

370 2172 3160 2410 l’infinie. Autresfois en de

389 2452 3166 2694 moindres occaſions Dieu ſe

383 2748 3174 3038 ſeruoit pour parler aux hõ¬

390 3031 3180 3302 mes, de la foudre & des ora¬

393 3311 3199 3622 ges, & declaroit ſa volonté

392 3611 3194 3910 par d'autres moyens que

390 3895 3197 4194 ceux qui ſont ordinaires,

401 4167 3212 4474 mais deſpuis qu’il a fait ceſ¬

400 4451 3206 4766 ſer les Oracles, & laiſsé agir

383 4748 3145 5030 le tonnerre naturellement,

413 5031 3228 5334 ce n’eſt plus que par la voix

408 5319 3191 5630 des Cardinaux qu’il fait en¬

2232 5609 2839 5879 C iiij
