4267 6884
1013 310 3554 551 38 LETTRES DV SIEVR

986 566 3783 879 pour les emporter de forçe

991 850 3791 1083 ſi la neceſſité le deſire: Et

988 1142 3781 1451 partant, Monſeigneur, de

1001 1446 3786 1735 quelque opinion que vous

990 1738 3786 2023 ſoyez, vous porterez auec¬

1006 2018 3783 2307 que vous ce qui gaigne les

999 2318 3796 2587 victoires, & ce qui fait ve¬

1008 2586 3781 2883 nir la plus grande partie du

997 2882 3794 3131 coſté de la meilleure: Quand

1006 3170 3799 3455 meſme les choſes ſe paſſe¬

1007 3454 3792 3711 roient ſans eſtre conteſtées,

1008 3754 3801 4035 à tout le moins vous apprẽ-

1001 4046 3802 4335 drez qui vous eſtes en cette

998 4326 3791 4595 action, où Dieu vous laiſſe

1003 4618 3796 4899 tenir ſa place, & ſe repoſe ſur

1004 4910 3797 5191 vous du plus important de

997 5194 3790 5483 ſes ouurages: A n’en mentir

990 5486 3790 5779 point, ſa prouidence n’eſt ia¬
