4267 6870
886 112 2989 402 DE BALZAC. 47

229 351 3017 733 ennemis. Il eſt certain que

244 643 3025 1020 l’authorité des Roys n’eſt

244 919 3033 1320 point ſi ſouueraine que celle

264 1215 3045 1600 que vous exercez ſur l'ame

275 1495 3052 1880 de ceux qui vous eſcoutent;

303 1789 3092 2167 Vous auez vn eſprit tout

303 2069 3096 2463 puiſſant, qui eſt touſiours

331 2365 3115 2742 occupé aux grandes choſes,

338 2640 3135 3030 & qui le delaſſe dans les af¬

354 2936 3156 3258 faires communes: Vous e¬

374 3219 3171 3601 ſtes deſtiné pour remplir la

386 3507 3182 3893 place de ce Cardinal qui fait

397 3790 3218 4173 auiourd’huy vne des belles

417 4086 3222 4476 parties du Ciel, & qui n'a

417 4370 3234 4760 point eu encore de ſucceſ¬

441 4670 3242 5044 ſeur quoy qu’il ayt eu des

453 4953 3267 5275 heritiers & des freres. Et ce¬

469 5241 3278 5635 la eſtant, qui doute qu'il ne
