4267 6735
1059 212 3176 490 DE BALZAC. 13

522 448 3193 806 n’eſt borné ny par les mers

531 744 3198 1094 ny par les montaignes, &

539 1015 3210 1374 que l’eſtenduë de voſtre iu¬

551 1303 3218 1658 riſdiction ſera telle, que s'il

552 1587 3231 1946 y auoit pluſieurs mõdes, ils

568 1867 3239 2226 en dependroient auſſi bien

589 2154 3256 2505 que celuy-cy; Mais moy qui

596 2394 3272 2777 ne me laiſſe eſblouyr les

593 2718 3284 3073 yeux à d'autre eclat que ce¬

614 3005 3301 3353 luy de la vertu, & qui ne re¬

626 3289 3305 3645 garde pas ſeulement ce que

635 3569 3313 3892 les hommes admirent, ſi ie

647 3853 3322 4216 vous eſtimois plus grand &

664 4145 3335 4496 plus heureux que vous e¬

676 4429 3335 4768 ſtiez, ie n'aurois pas aſsez

684 4705 3356 5071 profité aupres de vous en la

701 4989 3362 5279 connoiſsance de vous meſ¬

725 5269 3369 5643 mes. Il eſt vray qu’à l'opiniõ
