4267 6798
818 225 3540 440 6 LETTRES DV SIEVR

1108 464 3794 766 n’auez pas craint que leur

1109 740 3780 1058 paſſiõ deuft plus durer que

1095 1048 3793 1342 voſtre innocence; cette grã¬

1097 1328 3775 1618 de authorité que vous auiez

1090 1616 3776 1906 acquiſe par voſtre faueur,

1088 1888 3786 2186 vous l'auez depuis touſiours

1085 2184 3780 2474 maintenue par voſtre cou¬

1075 2472 3765 2770 rage, Dans les mal-heurs du

1065 2756 3771 3046 temps & l'vſurpation de la

1062 3040 3756 3342 puiſſance legitime vous a¬

1064 3320 3766 3582 uez conſerué tout ſeul la li¬

1062 3608 3764 3866 berté de la France, Qui eſt-

1059 3900 3749 4198 ce qui peut dire cela de ſoy?

1057 4180 3743 4482 Où ſont ceux qui ſe ſont te¬

1051 4472 3736 4706 nus fermes entre la rebelliõ

1052 4760 3738 5058 & la ſeruitude? En quel tẽps

1046 5047 3728 5274 a t'õ veu vne vieilleſſe ſi ne¬

1047 5332 3733 5606 ceſſaire au monde, & tant
