4267 6848
1001 434 3557 619 20 LETTRES DV SIEVR

1054 950 3740 1487 IE vous enuoye deux lettres

1247 1246 3752 1550 qui m'ont eſté données pour

1012 1534 3753 1835 vous faire tenir: l'vne du

1021 1822 3754 2099 Duc de Bauiere, & l'autre

1026 2106 3759 2339 du Cardinal de Lerme; vous

1027 2398 3780 2711 verreZ par-là, Monſeigneur,

1036 2686 3781 2999 que voſtre promotion à don¬

1049 2986 3774 3283 né de la ioye aux victorieux

1021 3258 3791 3573 & aux affligeZ, et qu'il

1031 3558 3780 3859 faut bien que le monde y pren¬

1068 3838 3789 4135 ne vn notable interest puis

1073 4134 3802 4439 qu'elle augmente les conten¬

1070 4418 3799 4715 temens des triomphes, &

1083 4705 3812 5010 qu'elle adoucit les chagrins de

1092 5007 2101 5298 la ſolitude.
