4267 6855
1063 211 3724 458 40 LETTRES DV SIEVR

1056 468 3834 775 tendre ce qu’il deſire, &

1053 752 3848 1059 qu’il ordonne de la condui¬

1047 1044 3849 1335 te du monde: Quand il

1049 1340 3847 1651 vous plairra, Monſeigneur,

1038 1620 3841 1927 ie ſcauray les inſpirations

1052 1916 3850 2215 qu’il vous a enuoyées, & l’e¬

1046 2200 3840 2499 lection que vous auez faite,

1051 2496 3849 2799 car de l’aller apprendre ſi

1045 2780 3847 3051 toſt ſur les lieux, il faudroit

1051 3064 3857 3375 qu’il n’y euſt point de ſeureté

1044 3384 3846 3659 pour moy en ce Royaume,

1054 3662 3860 3954 & que ie ne connuſse pas cõ¬

1044 3932 3850 4199 me ie fais, le Soleil de Rome.

1045 4220 3867 4531 Celuy qui noirçit les Mores,

1059 4508 3841 4811 & qui bruſle la Lybie n’eſt

1048 4796 3839 5111 point ſi dangereux en cet¬

1055 5068 3829 5351 te ſaiſon, & ſi vous n’auiez

1056 5364 3814 5683 des threſors de neige, & des
