4267 6763
1221 152 3733 407 28 LETTRES DV SIEVR

1220 388 3894 740 mes, qu’il a fallu donner des

1208 636 3895 989 batailles pour en chaſſer les

1199 964 3901 1308 Anglois, & en eſloigner les

1199 1248 3886 1604 Eſpagnols, on pourroit s’e¬

1191 1528 3878 1884 ſtonner de la peine que vous

1181 1812 3870 2100 auez à vous en tirer. Mais il

1175 2104 3870 2452 eſt certain que tout le mon¬

1171 2348 3855 2727 de y treuue ſa maiſon, & ſes

1159 2663 3842 3019 affaires; & pour vous mon

1155 2963 3845 3311 Seigneur, puis qu'en ce pais

1149 3239 3838 3523 là les Rois naiſſent & deuiẽ¬

1151 3527 3845 3876 nent vieux & que c’eſt le ſie¬

1131 3807 3827 4170 ge de leur Empire, perſon¬

1131 4099 3825 4447 ne ne vous ſçauroit blaſmer

1122 4367 3810 4735 d’y demeurer trop long-tẽps

1115 4659 3805 4991 ſans vo9 accuſer d'aymer vo¬

1103 4947 3805 5279 ſtre Maiſtre, & de vouloir eſtre

1102 5235 3785 5582 pres de ſa perſonne. A Rome
