4267 6862
1060 196 3601 469 12 LETTRES DV SIEVR

1052 436 3768 799 ceſſeurs, & dont les incli¬

1044 732 3757 1111 nations ſont peut-eſtre trop

1029 1015 3746 1399 grandes pour viure ſous la

1014 1307 3735 1683 puiſſance d’vn autre, ie vous

1018 1591 3728 1907 cõſeillerois de vous reſioüir

1001 1887 3724 2227 de cette nouuelle; mais eſtãt

986 2174 3713 2523 venu, cõme vous eſtes, de la

974 2458 3686 2842 plus belle ſource du monde,

971 2754 3691 3126 & nay d’vn pere dont la vie

967 3042 3676 3430 eſt toute pleine de miracles,

960 3318 3673 3714 c'eſt aſſez que vous pardon¬

945 3618 3666 4002 niez à la fortune, de ce qu’il

930 3902 3651 4293 a fallu que la necessité du

923 4202 3648 4577 temps ayt obtenu d'elle ce

920 4486 3637 4857 qu'elle deuoit à voſtre nom.

901 4761 3626 5161 Ie ſçay bien qu'on vous dira

898 5065 3618 5449 auiourd’huy que vous eſtes

891 5341 3600 5736 fait Prince d'vn Eſtat qui
