4267 6877
1219 145 3848 514 44 LETTRES DV SIEVR

1211 393 4013 804 me, ie ſuis contraint de dif¬

1199 689 3988 1099 ferer mon contentement, &

1194 973 3984 1391 d’enuoyer chercher de vos

1173 1261 3976 1695 nouvelles en attendant que

1152 1548 3967 1991 i’en aille apprendre. Afin ce

1131 1835 3951 2283 pendant de me ſoulager l’eſ¬

1123 2115 3931 2570 prit, ie les veux eſperer auſſi

1115 2419 3918 2854 bonnes que ie les ſouhaite,

1098 2707 3905 3149 & m’imaginer que ceſte co¬

1077 2994 3889 3437 lique dont on m'a fait peur,

1065 3282 3893 3722 ſe ſera noyée dans les fontai¬

1056 3574 3876 4021 nes de Pougues. Cela certes

1044 3862 3848 4308 eſt ſi generalement deſiré, &

1035 4150 3839 4596 demandé à Dieu partant de

1019 4445 3834 4884 bouches, que ie croy qu’il

1007 4729 3798 5171 ne l’aiſſera pas imparfaite en

998 5021 3786 5466 ce point la felicité qu’il pre¬

973 5296 3782 5767 pare à noſtre, temps, & qu’il
