4267 6870
1247 153 3858 481 46 LETTRES DV SIEVR

1235 405 4023 784 Capitaines, le nombre des

1218 693 4019 1088 Iuges n'eſt gueres moindre

1225 981 3995 1375 que celuy des Criminels:

1213 1269 3986 1663 c’eſt ſeulement de gens ſa¬

1192 1557 3994 1960 ges, & capables de gouuer¬

1184 1844 3974 2243 ner les Eſtats que la ſterilité

1188 2141 3981 2532 eſt grande: Et ſans mentir,

1175 2441 3968 2824 pour en voir encore vn pa¬

1155 2716 3956 3111 reil à vous il eſt beſoin que

1160 3000 3948 3379 toute la nature travaille, &

1142 3292 3940 3695 que Dieu le promette long-

1142 3592 3923 3975 temps aux hommes auant

1142 3868 3911 4258 que de le faire naiſtre. Ie ne

1105 4163 3898 4562 dis rien, Monſeigneur, dont

1097 4451 3898 4842 ie ne face des ſermens pour

1093 4743 3870 5117 preuue de ma creance, &

1092 5027 3869 5422 que ie ne confirme par le

1071 5323 3845 5729 propre teſmoignage de vos
