4267 6877
1232 228 3811 573 30 LETTRES DV SIEVR

1203 471 3958 898 Romains ont fait l'appren¬

1186 763 3934 1193 tiſsage de leurs victoires, &

1175 1034 3927 1481 commence ce grand deſſein

1167 1330 3918 1765 qu’ils n’acheuerent qu’aux

1156 1634 3894 2032 extremitez de la terre;

1149 1914 3886 2304 Quand vous ſerez monté au

1143 2206 3882 2628 Capitole, où ils croyoient

1123 2498 3866 2932 que Dieu eſtoit auſſi pre¬

1095 2785 3854 3216 ſent que dans le Ciel, & qu’il

1087 3072 3838 3435 auoit enfermé le deſtin de

1059 3359 3815 3726 la Monarchie vniuerſelle;

1051 3644 3799 4086 Apres que vous aurez paſſé

1039 3947 3786 4374 au trauers de ce grand eſpa¬

1031 4231 3791 4662 ce qui eſtoit dedié aux plai¬

1016 4515 3767 4945 ſirs du peuple, & où le ſang

1016 4803 3751 5233 des Martyrs a eſté ſouuent

1002 5087 3731 5480 meſlé auec celuy des crimi¬

977 5382 3711 5792 nels & des beſtes, ie ne dou¬
