4267 6742
1071 259 2463 455 DE BALZAC.

2972 283 3141 451 15

448 477 3134 821 point de Iuge en ce monde

466 765 3155 1104 que voſtre reputation &

472 1044 3153 1336 voſtre conſcience, & de ti¬

470 1324 3163 1660 rer apres vous vn grand peu¬

484 1608 3153 1948 ple dont les vns trauaillent

494 1896 3155 2224 aux plaiſirs de vos ſens, &

504 2172 3168 2440 les autres à la conduicte de

518 2456 3178 2724 vos affaires; cela vous ſera

520 2740 3199 3000 touſiours commun auec be¬

530 3032 3195 3359 aucoup de gens que vous

539 3304 3205 3639 meſpriſez; mais de faire de

549 3592 3210 3903 bonnes actions, quand vous

551 3872 3216 4203 ſeriez aſſeuré qu’elles ne viẽ¬

561 4156 3209 4415 droient iamais à la connoiſ¬

567 4440 3224 4735 ſance du mõde, de ne crain¬

573 4723 3238 5051 dre rien que les choſes des¬

587 5011 3240 5343 honneſtes; de croire que la

589 5295 3238 5631 mort n’eſt ny bonne ny
