4267 6805
1057 345 3223 577 DE BALZAC. 37

462 584 3229 897 cette grand'election, & que

452 876 3218 1109 le Conclaue vous attende

457 1160 3219 1465 afin de donner plus de repu¬

463 1448 3229 1681 tation & d’autorité à ce

464 1732 3222 2033 qui s’y reſoudra; ie ne dou¬

465 2024 3228 2317 te point que vous ne conſer¬

471 2304 3229 2609 uiez ſur les eſprits d’Italie l'a¬

460 2600 3239 2893 uantage que vous auez ſur

458 2884 3228 3181 les noſtres, de que leurs fi¬

459 3164 3233 3473 neffes ne ſoient auſſi oyſiues

460 3460 3235 3753 en voſtre preſence, que les

466 3740 3240 4042 charmes des magiciens ſont

460 4020 3250 4257 foibles deuant les choſes di¬

461 4320 3247 4617 uines. Vous avez de leur pa¬

470 4596 3245 4897 tience ce quil en faut pour

456 4880 3246 5185 laſſer les affaires quand il eſt

469 5164 3240 5441 beſoin, mais vous auez vn

462 5456 3253 5777 courage qu’ils n’ont pas

2372 5773 2858 6046 C iij
