4267 6735
1139 166 3175 405 DE BALZAC. 7

528 410 3183 660 de bonne & de mauuaiſe

537 682 3186 1012 fortune également glorieu¬

535 966 3183 1280 ſe? Monſeigneur, vous auez

540 1254 3197 1576 trop de cognoiſſance de

553 1530 3206 1852 vous meſme pour penſer

559 1826 3207 2136 que ie vous flatte, & mon

560 2094 3228 2416 humeur eſt ſi eſloignee de

569 2374 3234 2692 toute action ſeruile, que la

578 2654 3251 2980 Court n’a point aſſez d'eſpe¬

576 2934 3252 3260 rance à me donner pour me

581 3225 3264 3476 faire rien dire contre ma cõ¬

590 3509 3271 3827 ſcience. Ie parle donc de la

600 3789 3284 4111 ſorte pour le ſeul intereſt de

597 4073 3293 4371 la vertu, & ſi elle n'eſtoit de

606 4353 3299 4683 noſtre coſté, ie l’irois plu¬

615 4629 3280 4951 ſtoſt chercher parmy les en¬

621 4917 3309 5227 nemis, afin de luy rendre ce

630 5209 3319 5531 qu’elle merite. Perſonne ne

2334 5494 2890 5771 A iiij
