4267 6805
1096 189 3623 419 8 LETTRES DV SIEVR

1090 441 3782 762 croira que i’aye de preten¬

1077 717 3770 1054 tion dans les armees du Roy

1077 1009 3773 1334 d’Eſpaigne, ny que ie veüil¬

1057 1293 3772 1582 le faire fortune en Hollan¬

1060 1589 3760 1858 de: & neantmoins ie louë le

1047 1861 3755 2198 Prince d’Aurãge, & le Mar¬

1050 2161 3746 2485 quis de Spinola, comme ſi

1029 2441 3753 2774 i’eſtois des deux partys con¬

1028 2733 3729 3057 traires-en meſme temps: En

1027 3017 3732 3349 effet, Monſeigneur, ie pen¬

1015 3313 3727 3637 ſe auoir de l'obligation à

1010 3593 3722 3917 ceux qui me donnent le

997 3884 3706 4197 moyen de mettre enſemble

997 4168 3697 4489 les deux plus rares choſes

992 4452 3688 4777 du monde, c'eſt à ſçauoir la

979 4736 3687 5061 verité & l’eloquence, Vous

979 5028 3671 5285 m’auez touſiours fait l'hon¬

958 5316 3662 5617 neur de me vouloir du bien,
