4267 6834
1167 311 3728 535 4 LETTRES DV SIEVR

1166 543 3859 848 que vous recognoiſſiez les

1156 847 3874 1132 auantages que Dieu vous a

1163 1119 3880 1404 donnés par deſſus le reſte

1162 1415 3879 1660 des hommes; Au moins

1168 1703 3870 1964 vous deuez vous ſouuenir,

1175 1983 3872 2276 qu’eſtant las des choſes du

1173 2279 3875 2572 monde, & eſloigné de la

1184 2555 3877 2860 Cour, la neceſſité publique

1178 2851 3872 3148 ne vous eût pas eſté cher¬

1181 3143 3886 3432 cher dans le repos de voſtre

1184 3435 3881 3724 maiſon pour vous mettre

1198 3715 3875 3944 entre les mains les armés du

1201 4011 3886 4292 Roy ſi vous n’eſtiez celuy-

1192 4291 3885 4520 là dont tout le monde attẽd

1194 4567 3891 4804 le reſtabliſſement de ſes af¬

1192 4863 3890 5164 faires. Ie ne me fie pas tant

1199 5159 3892 5456 en mon opiniõ, que ie veuil¬

1197 5435 3887 5744 le reſpondre de l'auenir:
