4267 6791
1067 228 3661 460 34 LETTRES DV SIEVR

1073 467 3822 772 ſur la teſte des Roys, & qui

1079 763 3828 980 commande à toutes les a¬

1092 1043 3841 1264 mes raiſonnables. Encore

1106 1319 3843 1624 que ma ſanté ſoit ſi peu aſ¬

1100 1615 3845 1904 ſurée, que ie ne m’en puiſſe

1109 1899 3863 2188 promettre trois iours de ſui¬

1111 2183 3860 2476 te, ie n'ay pas toutesfois per¬

1125 2475 3870 2763 du l’eſperance de vous voir

1122 2759 3868 3051 vn iour en ce païs là donner

1136 3039 3874 3339 des loix aux peuples du mõ¬

1134 3319 3887 3623 de, & faire de grands exem¬

1127 3615 3897 3911 ples de vos plus petites a¬

1141 3891 3894 4119 ctions. Peut eſtre Monſei¬

1151 4179 3892 4483 gneur, que Dieu me conſer¬

1148 4467 3898 4755 uera pour l'amour de vous,

1162 4739 3900 5039 afin que rien ne manque à

1164 5039 3897 5327 voſtre gloire, & qu'il y ayt

1165 5307 3919 5603 vn homme au monde qui
