4267 6812
971 159 3092 372 DE BALZAC. 31

361 395 3088 718 te point qu'apres avoir en¬

384 679 3095 998 core regardé beaucoup

387 975 3097 1242 d’autres choſes, vo9 ne vous

390 1266 3117 1546 laſſiez à la fin du repos &

397 1535 3095 1850 de la tranquillité de Rome,

404 1830 3114 2146 & que vous ne diſiez, que ce

411 2118 3117 2418 ſont deux choſes qu'il faut

410 2410 3120 2698 laiſſer à la nuict & aux cy¬

416 2691 3110 2926 metieres: toutesfois ce n'eſt

415 2978 3122 3282 pas mõ deſſein de vous deſ¬

422 3267 3113 3578 gouter d’vn voyage que le

429 3550 3128 3842 Roy vous a commandé de

428 3839 3115 4142 faire, & duquel i'eſpererois

447 4122 3126 4438 eſtre le guide ſi mon meſ¬

438 4406 3133 4714 chant corps ſuiuoit le mou¬

445 4698 3127 4938 uement de ma volõté: Mais

444 4986 3130 5286 veritablemẽt, Mõſeigneur,

451 5275 3121 5510 ie ſuis intereſſé en cette af¬
