4267 6827
1041 225 3595 448 22 LETTRES DV SIEVR

1028 477 3715 782 deration que de patience,

1036 761 3739 1079 Mais puis qu’en cette fatale

1020 1037 3736 1358 agitation de l'Europe, ce

1020 1321 3728 1646 n'eſt pas moy ſeul qui pleu¬

1024 1617 3728 1938 re quelque perte, & que

1008 1897 3736 2207 vous n’auez peu vous meſ¬

1012 2197 3704 2502 me ſauuer tout ce qui vous

1017 2481 3740 2751 eſtoit cher, i’aurois mauuai¬

1000 2761 3732 3079 ſe grace ſi ie voulois faire

1004 3057 3728 3359 paſſer mon intereſt deuant

1008 3345 3724 3627 le voſtre, & conſiderer mon

1000 3625 3724 3939 affliction particuliere en

1004 3921 3720 4223 ayant vne qui m’eſt cõmu¬

1008 4209 3712 4522 ne auecque vous. Il y a lõg¬

1004 4497 3716 4795 temps que ie ne meſure les

1005 4773 3708 5022 biens & les maux de ce mõ¬

1000 5053 3696 5370 de que par vos contente¬

996 5349 3692 5658 mens & vos deſplaiſirs, &
