4267 6742
1096 157 3125 409 DE BALZAC. 9

495 384 3158 739 & i’ay reçeu vne infinité de

496 668 3163 1028 faueurs de Monſeigneur le

512 952 3169 1247 Cardinal voſtre Fils; mais

512 1232 3184 1595 quoy qu’il en ſoit, ie vous

513 1516 3192 1871 ſupplie de croire que mon

525 1808 3220 2147 affection eſt toute pure, &

542 2083 3217 2439 que mes intereſts ne ſe

546 2363 3233 2723 meſlent point auec elle: i'ay

547 2647 3244 2943 le contentement de vous a¬

555 2934 3262 3271 uoir ſeruy en vne mauuaiſe

571 3212 3222 3554 ſaiſon, & d’auoir eſté du

568 3494 3295 3863 plus foible party, à cauſe que

593 3786 3272 4142 ie croyois qu'il eſtoit le plus

609 4074 3284 4418 honneſte: Depuis ce temps

613 4350 3297 4714 la ie n'ay pas chãgé d'aduis,

634 4641 3321 4993 & les raiſons qui m'ont por¬

630 4917 3342 5285 té à faire ce que i’ay fait, eftãt

651 5205 3332 5509 encore les meſmes. Ie ſuis
