4267 6935
1023 143 3624 356 18 LETTRES DV SIEVR

1023 395 3798 701 changemẽt. A tout le moins

1033 683 3787 993 les obiects qui ſont les plus

1030 975 3812 1286 proches de vos yeux ne ſe¬

1027 1271 3793 1569 ront pas funeſtes comme ils

1036 1559 3791 1857 eſtoient, & il n’y aura rien

1029 1851 3792 2157 ſur vous qui ne iette du feu

1035 2143 3793 2381 & de la lumiere. Ie vous en

1028 2439 3794 2741 dirois dauantage; mais le

1017 2727 3791 3033 courrier qui s’en va ne me le

1030 3027 3793 3329 veut pas permettre : Et d’ail¬

1015 3307 3786 3621 leurs ſçachant bien que ſi

1016 3603 3783 3909 vous eſtimés quelque choſe

1026 3883 3788 4197 dans mes lettres, ce n’eſt pas

1011 4175 3789 4493 le grand nombre des parol¬

1024 4471 3771 4765 les; ie doy mecontenter de

1017 4755 3776 5073 finir celle-cy apres vous a¬

1022 5055 3769 5365 uoir ſupplié de m’aymer
