4267 6784
1142 286 3684 588 14 LETTRES DV SIEVR

1139 526 3817 922 du vulgaire il y a de l’hon¬

1123 818 3800 1194 neur d'eſtre le premier en v¬

1102 1101 3783 1481 ne ceremonie, & deporter

1084 1377 3767 1781 vn chappeau de meſme prix

1080 1669 3753 2053 que les coronnes, & les dia¬

1054 1952 3737 2276 demes: Toutesfois vous me

1038 2240 3732 2628 pardonnerez bien ſi ie vous

1025 2527 3703 2915 dis, que c’eſt vne choſe qui

1016 2815 3690 3203 n'obligera iamais vn hom¬

995 3094 3681 3491 me ſage à vous porter de l'ẽ¬

979 3382 3656 3774 uie; ſi vous n'auiez que ce

950 3665 3643 4050 point la au deſſus de moy, ie

946 3953 3638 4326 ſerois encore mon maiſtre,

924 4232 3618 4633 & ie n'euſse pas pour l’a¬

910 4516 3597 4840 mour de vous renoncé à la

883 4795 3576 5192 liberté qui m'eſtoit auſſi

862 5094 3559 5475 chere qu’a la Republique de

852 5370 3542 5703 Venize. En effect de n’auoir
