4267 6848
804 131 2998 433 DE BALZAC. 45

232 394 3015 759 ayme trop le monde pour

241 686 3028 1047 le vouloir priuer du bien que

249 970 3040 1327 vous y deuez faire; les armées

270 1253 3061 1614 ayant eſté deffaites, il s’en

303 1549 3066 1909 remet de nouuelles ſur pied,

291 1841 3095 2194 & on peut equiper vne ſe¬

321 2129 3100 2481 conde flotte apres que la

353 2408 3117 2772 premiere s'eſt perduë; Mais

354 2692 3144 3032 s’il venoit faute de vous,

387 2983 3158 3347 Monſeigneur, le monde ne

392 3271 3183 3631 dureroit pas aſsez pour re¬

412 3555 3188 3919 parer vne telle perte, & il

425 3850 3208 4211 faudroit que le Roy la pleu¬

442 4138 3215 4430 raſt au milieu meſme de ſes

463 4426 3234 4790 triomphes: Il a bien vn

460 4713 3255 5078 Royaume qui ne le ſçauroit

496 4993 3264 5369 eſpuiſer d’hommes; la guer¬

509 5284 3292 5657 re luy fait tous les iours des
