4267 6812
959 257 3035 569 DE BALZAC. 29

330 504 3060 904 vous marcherés ſur des pier¬

342 796 3084 1188 res qui ont eſté les Dieux de

367 1080 3084 1479 Ceſar & de Pompée: vous

367 1367 3105 1695 conſidererez les ruines de

384 1667 3113 2055 ces grands ouurages dont la

391 1939 3124 2323 vieilleſſe eſt encore belle, &

404 2242 3157 2627 vous pourmenerez tous les

404 2518 3157 2907 iours parmy les hiſtoires &

436 2801 3176 3150 les fables; Mais ce ſont des

444 3089 3182 3490 amuſemens d’vn eſprit qui

461 3385 3194 3773 ſe contente de peu, & non

473 3669 3215 4073 pas les occupations d’vn

493 3953 3223 4352 homme qui prend plaiſir de

510 4244 3247 4644 nauiger dans l'orage, & qui

522 4528 3247 4928 n'eſt pas venu au monde

534 4812 3252 5211 pour le laiſſer en oyſiueté.

563 5111 3271 5470 Quand vous aurez veu le

563 5400 3273 5799 Tybre, au bord duquel les
