4267 6784
1146 207 3220 462 DE BALZAC. 23

530 458 3220 801 que ie vous regarde comme

530 741 3234 1013 ſi vous eſtiez toutes les cho¬

532 1024 3231 1368 ſes que Dieu a faites: C’eſt

544 1305 3219 1653 pourquoy, Monſeigneur,

541 1600 3243 1934 ie mettray à part ce qui me

549 1880 3242 2218 touche pour entrer dans

569 2172 3265 2460 vos reſſentimens, & vous

576 2454 3270 2786 dire, que puis que vous ne

575 2726 3274 3077 pouuez faire de mauuaiſes

583 3012 3282 3345 eſlections, il eſt certain qu'ẽ

583 3302 3289 3634 la mort de vos amys vous

591 3582 3289 3931 ne ſçauriez faire de petites

599 3873 3305 4200 pertes. Toutesfois comme

606 4145 3312 4427 vous eſtes eſleué au deſſus

618 4436 3304 4745 des choſes du monde, &

622 4728 3312 5060 que les hommes tirent des

618 5008 3329 5358 exemples des moindres a¬

633 5290 3332 5615 ctions de voſtre vie, ie m’aſ¬

2397 5592 2960 5871 B iiij
