4267 6884
1069 207 3894 493 en toutes choſes, & qui n’exem¬

1070 463 3912 773 ptent pas meſme Horace & Vir¬

1076 739 3909 1029 gile de leurs Cenſures, ie t’ad¬

1077 999 3914 1253 uertis (Lecteur) de ne t'arreſter

1070 1247 3899 1549 pas à leur opinion, ſi tu ne veux

1067 1515 3881 1805 qu’on t'accuſe de foibleſſe, &

1065 1779 3874 2057 de ne reprendre pas auec eux in¬

1070 2067 3887 2317 continent, çe que tu trouue¬

1063 2299 3881 2569 ras au deſſus de la portée de ton

1065 2551 3886 2845 eſprit. Ce ſtile eſt ſi beau, ſi fort,

1070 2815 3879 3133 & ſi net, qu’il ſurpaſſe au iuge¬

1063 3079 3872 3309 ment des mieux ſenſez, l’elo¬

1057 3335 3870 3625 quence de tous les ſiecles, & ſi

1042 3599 3871 3869 tu t’efforces d'y chercher des de¬

1047 3859 3868 4141 fauts, tu ne ſeras pas quitte pour

1052 4119 3870 4405 eſtre eſtimé delicat, on dira que

1050 4390 2403 4669 tu es deſgouté.
