4267 6841
1091 265 3620 467 2 LETTRES DV SIEVR

1074 509 3799 800 ſon puis que ce ſont des feli¬

1088 797 3778 1092 cités publiques. Nous auõs

1083 1065 3784 1380 ſçeu l'heureux ſuccés du

1077 1385 3791 1672 voyage que vous auez fait

1088 1670 3797 1960 en Bearn, & les grands com¬

1086 2026 3783 2248 mencemens que vous auez

1093 2246 3790 2532 donnez à tout ce que le Roy

1091 2534 3789 2812 voudra entreprendre: Et

1090 2822 3791 3112 certes le choix qu'il a fait de

1096 3106 3794 3392 vous pour le ſeruir en vne

1095 3390 3800 3676 occaſion de telle importan¬

1105 3678 3791 3980 ce a eſté ſi generalement ap¬

1088 3970 3793 4260 prouué, que ſi on remar¬

1110 4262 3784 4548 quoit auparauant quelques

1105 4538 3794 4764 deffaux en la conduite de

1107 4826 3793 5088 nos affaires, il faut auoüer

1102 5122 3791 5404 que cette derniere action a

1104 5406 3794 5648 iuſtifié toutes les autres, &
