4267 6827
1066 284 3130 536 DE BALZAC. 49

398 520 3167 863 que vous puiſſiez m'enuoyer

403 812 3172 1131 voſtre colique, & qu’elle ſe

416 1092 3176 1395 vint ioindre à la fieure, à la

425 1376 3173 1707 ſciatique à la grauelle:

442 1668 3185 1923 Auſſi bien de tant de dou¬

435 1951 3203 2263 leurs il ne le ſçauroit faire

456 2235 3216 2563 qu’vne mort, & il n'eſt plus

464 2507 3217 2839 temps d’eſtre meſnager des

477 2795 3238 3122 choſes qui ſont deſia per¬

482 3087 3243 3402 duës. Mais ie ne veux pas en¬

487 3371 3250 3622 trer en ce diſcours donc ie

496 3655 3252 3974 ne pourrois pas trouuer la

501 3935 3265 4258 fin, & ie n’ay que faire de

510 4219 3274 4542 vous dire que c’eſt le plus

519 4506 3282 4778 mal-heureux homme du

528 4798 3296 5110 monde qui vous honnore

541 5078 3305 5406 de peur que vous ne reiet¬

542 5358 3309 5618 tiés mon affection comme

2586 5667 2782 5859 D
