4267 6791
903 208 3023 462 DE BALZAC. 27

356 452 3037 778 d'vn coup ce ſeroit autant

367 740 3036 1062 que mourir de mort ſubite,

368 992 3042 1342 & qu’il ne faut pas moins

379 1299 3064 1626 de force ny de temps pour

385 1583 3089 1846 ſe reſoudre à laiſſer les cho¬

399 1858 3105 2194 ſes plaiſantes, que pour ſur¬

422 2150 3118 2441 monter les difficiles, ie re¬

432 2438 3129 2781 prendray s’il vous plaiſt le

434 2730 3143 3049 commerce que le bruit com¬

452 3015 3164 3301 mun m’auoit fait ceſſer, &

459 3301 3164 3625 ne croiray pas vne autre¬

473 3573 3170 3920 fois que vous puiſſiez ſortir

495 3865 3188 4192 de Paris plus ayſement que

481 4141 3203 4472 l’Arçenac, & le Louure, ſi

512 4437 3205 4760 ce n'eſtoit vn lieu tout plein

510 4712 3226 4984 d’enchantemens & de chaiſ¬

540 5008 3254 5335 nes, & qui a vne telle force

551 5292 3255 5563 d'attirer & de retenir les hõ¬
