1696 2913
80.0 247.0 1287.0 119.0 Si i'ay vangé mon pere aux deſpens de mon ſang,

70.0 330.0 1242.0 99.0 Du mien pour te vanger i’eſpuiſeray mon flanc,

70.0 400.0 1186.0 90.0 Mon ame deſormais n’a rien qui la retienne,

65.0 468.0 1030.0 80.0 Elle ira receuoir ce pardon de la tienne.

63.0 538.0 1147.0 81.0 Et toy qui me pretends acquerir par ſa mort,

63.0 597.0 1079.0 80.0 Miniſtre deſloyal de mon rigoureux ſort,

65.0 667.0 1205.0 85.0 N’eſpere rien de moy, tu ne m’as point ſeruie.

65.0 733.0 1089.0 92.0 En croyant me vanger tu m’as oſté la vie.

451.0 859.0 482.0 85.0 D. SANCHE.

41.0 987.0 1122.0 90.0 Eſtrange impreſſion, qui loin de m’eſcou

500.0 1126.0 445.0 112.0 CHIMENE.

36.0 1242.0 1125.0 95.0 Veux tu que de ſa mort ie t'écoute vanger?

58.0 1315.0 1154.0 83.0 Que i’entende à loiſir auec quelle inſolence;

34.0 1383.0 1253.0 83.0 Tu peindras ſon malheur, mon crime & ta vail¬

162.0 1449.0 156.0 75.0 lance,

43.0 1514.0 1203.0 78.0 Qu'à tes yeux ce recit tranche mes triſtes iours?

55.0 1563.0 1181.0 104.0 Va, va, ie mourray bien ſans ce cruel ſecours.

51.0 1640.0 1137.0 90.0 Abandonne mon ame au mal qui la poſſede,

53.0 1708.0 1234.0 102.0 Pour vanger mon amant ie ne veux point qu’on

150.0 1764.0 192.0 102.0 m'aide.

359.0 194.0 863.0 90.0 TRAGI-COMEDIE.

1341.0 211.0 90.0 104.0 83
