1757 2916
529 483 768 119 SCENE VI.

245 634 1312 109 LE ROY, D. DIEGVE, D. ARIAS,

381 719 1045 82 D. SANCHE, D. ALONSE,

486 787 831 82 CHIMENE, ELVIRE.

661 913 527 83 CHIMENE.

303 1042 1176 87 IRE, il n'eſt plus beſoin de vous diſſimuler

238 1061 70 134 S

323 1117 1181 73 Ce que tous mes efforts ne vous ont peu celer.

235 1171 1361 95 I'aimoys, vous l’auez ſçeu, mais pour vanger vn pere

238 1253 1122 78 I’ay bien voulu proſcrire vne teſte ſi chere:

240 1321 1142 71 Voſtre Majeſté, Sire, elle-meſme à peu voir

240 1389 1193 71 Comme i’ay fait ceder mon amour au deuoir.

240 1426 1334 104 En fin Rodrigue eſt mort, & ſa mort m'a changée,

240 1518 1123 78 D'implacable ennemie en amante affligée,

243 1574 1256 85 I’ay deu cette vangeance à qui m’a miſe au iour

238 1652 1212 78 Et ie dois maintenant ces pleurs à mon amour

238 1708 1271 92 Don Sanche m’a perduë en prenant ma defenſe,

233 1783 1186 83 Et du bras qui me perd ie ſuis la recompenſe.

238 1851 1032 75 Sire, ſi la pitié peut émouuoir vn Roy,

230 1919 958 68 De grace reuoquez vne ſi dure loy;

240 1965 1363 95 Pour prix d’vne victoire où ie perds ce que i’aime,

233 2046 1370 80 Ie luy laiſſe mon bien, qu’il me laiſſe à moy meſmes;

233 2109 1239 90 Qu’en vn Cloiſtre ſacré ie pleure inceſſamment

226 2172 1329 107 Iuſqu’au dernier ſoupir mon pere, & mon aimant.

607 2240 542 83 D. DIEGVE.

230 2298 1252 100 En fin, elle aime, Sire, & ne croit plus vn crime

228 2366 1225 107 D’aduouër par ſa bouche vne amour legitime.

716 2447 362 70 LE ROY.

235 2495 1325 102 Chimene, ſors d’erreur, ton amant n’eſt pas mort,

235 2570 1235 122 Et Don Sanche vaincu t’a fait vn faux rapport.

1312 2621 284 103 D. SAN¬

712 189 383 78 LE CID,

250 196 70 107 84
