1696 2913
468 199 501 75 D. SANCHE.

63 259 1312 90 Sire, vn peu trop d’ardeur malgré moy l’a deceuë¬

68 327 1035 92 Ie venois du combat luy raconter l’iſſuë.

68 395 1219 90 Ce genereux guerrier dont ſon cœur eſt charmé,

65 468 1336 80 Ne crain rien ( m’a t’il-dit ) quand il m’a deſarmé,

63 536 1086 75 Ie laiſſerois pluſtoſt la victoire incertaine

77 599 1278 80 Que de reſpandre vn ſang hazardé pour Chimene,

65 667 1290 87 Mais puis que mon deuoir m’appelle aupres du

206 740 143 68 Roy,

68 793 1161 80 Va de noſtre combat l’entretenir pour moy,

72 864 987 75 Offrir à ſes genoux ta vie & ton eſpée.

63 932 1057 70 Sire, i’y ſuis venu, cét objet l’a trompée,

65 1000 1205 70 Elle m’a creu vainqueur me voyant de retour,

65 1065 1025 73 Et ſoudain ſa colere a trahy ſon amour,

68 1131 1166 70 Auec tant de tranſport, & tant d’impatience,

87 1191 1273 81 Que ie n’ay peu gaigner vn moment d’audience.

68 1267 1307 70 Pour moy, bien que vaincu, ie me repute heureux

65 1327 1137 73 Et malgré l’intereſt de mon cœur amoureux

65 1398 1188 68 Perdant infiniment, i’aime encor ma defaite,

72 1456 1159 85 Qui fait le beau ſuccez d’vn amour ſi partaite

510 1526 398 68 LE ROY

65 1585 1268 77 Ma fille, il ne faut point rougir d’vn ſi beau feu,

72 1655 1203 80 Ny chercher les moyens d’en faire vn deſaneu:

72 1723 1065 75 Vne loüable honte en vain t'en ſollicite,

72 1784 1225 80 Ta gloire est deſgagée, & ton deuoir eſt quitte,

72 1857 1111 72 Ton pere eſt ſatisfait, & c’eſtoit le vanger.

63 1917 1280 80 Que mettre tant de fois ton Rodrigue en danger.

72 1985 1169 75 Tu vois comme le Ciel autrement en diſpoſe,

77 2051 1242 92 Ayant tant fait pour luy, fay pour toy quelque

187 2119 165 70 choſe,

72 2177 1198 83 Et ne ſois point rebelle à mon commandement

63 2252 1132 80 Qui te donne vn eſpoux armé ſi cherement.

298 114 878 99 TRAGI-COMEDIE.

1316 109 61 99 85

1098 2561 58 123 H
