1757 2916
597 396 844 143 SCENE VII.

301 556 1356 114 LE ROY, D. DIEGVE, D. ARIAS,

362 636 1229 100 D. RODRIGVE, D. ALONSE,

434 699 1053 95 D. SANCHE, L’INFANTE,

520 770 865 97 CHIMENE, LEONOR,

784 845 346 83 ELVIRE.

670 962 610 99 L'INFANTE.

342 1095 1308 90 Eche tes pleurs, Chimene, & reçoy ſans triſteſſe

284 1083 75 156 S

362 1176 1249 85 Ce genereux vainqueur des mains de ta Prin¬

420 1239 143 85 ceſſe.

653 1302 627 83 D. RODRIGVE.

277 1375 1185 78 Me vous offenſez point, Sire, ſi deuant vous

281 1443 1177 75 Vn reſpect amoureux me iette à ſes genoux.

267 1506 1261 78 Ie ne viens point icy demander ma conqueſte;

274 1574 1300 80 Ie viens tout de nouueau vous apporter ma teſte;

272 1642 1370 76 Madame, mon amour n’employra point pour moy

274 1708 1208 75 Ny la loy du combat, ny le vouloir du Roy.

272 1771 1300 80 Si tout ce qui s'eſt fait est trop peu pour vn pere,

272 1837 1246 77 Dites par quels moyens il vous faut ſatisfaire.

269 1905 1235 77 Faut-il combatre encor mille & mille riuaux,

269 1975 1310 71 Aux deux bouts de la terre eſtendre mes trauaux,

262 2029 1356 119 Forcer moy ſeul vn camp, mettre en fuite vne ar¬

400 2109 134 65 mée,

262 2160 1113 87 Des Heros fabuleux paſſer la renommée?

262 2242 1045 78 Si mon crime par là ſe peut enfin lauer,

260 2301 1229 75 I’oſe tout entreprendre, & puis tout acheuer.

257 2361 1179 81 Mais ſi ce fier honneur touſiours inexorable

255 2437 1254 70 Ne ſe peut appaiſer ſans la mort du coupable,

247 2498 1318 99 N'armez plus contre moy le pouuoir des humains

770 106 398 90 LE CID,

318 77 61 95 85
