1696 2913
116.0 201.0 1392.0 73.0 Ma teſte eſt à vos pieds, vangez vous par vos mains;

123.0 262.0 1366.0 89.0 Vos mains ſeules ont droit de vaincre vn inuinci¬

242.0 342.0 115.0 68.0 ble,

116.0 388.0 1273.0 87.0 Prenez vne vangeance à toute autre impoſſible;

111.0 463.0 1271.0 75.0 Mais du moins que ma mort ſuffiſe à me punir,

121.0 526.0 1118.0 80.0 Ne me banniſſez point de voſtre souuenir,

116.0 592.0 1266.0 82.0 Et puis que mon treſpas conſerue voſtre gloire,

114.0 652.0 1292.0 88.0 Pour vous en reuancher conſeruez ma memoire,

114.0 725.0 1232.0 78.0 Et dites quelquefois en ſongeant à mon ſort,

119.0 791.0 1132.0 80.0 S’il ne m’auoit aimée il ne ſeroit pas mort

502.0 854.0 540.0 73.0 CHIMENE.

119.0 920.0 1236.0 75.0 Releue-toy, Rodrigue. Il faut l’aduouër, Sire,

119.0 992.0 1166.0 71.0 Mon amour a paru, ie ne m’en puis dedire,

119.0 1058.0 1091.0 73.0 Rodrigue a des vertus que ie ne puis haïr,

119.0 1111.0 1151.0 85.0 Et vous eſtes mon Roy, ie vous dois obeïr.

119.0 1184.0 1285.0 83.0 Mais à quoy, que deſia vous m’ayez condamnée,

119.0 1252.0 1163.0 78.0 Sire, quelle apparence a ce triſte Hymenée,

123.0 1284.0 1383.0 111.0 Qu'vn meſme iour commence & finiſſe mon deüil,

119.0 1390.0 1346.0 71.0 Mette en mon lict Rodrigue, & mon pere au cer¬

247.0 1458.0 144.0 68.0 cueil?

126.0 1512.0 1183.0 80.0 C’eſt trop d’intelligence auec ſon homicide,

126.0 1587.0 1205.0 68.0 Vers ſes manes ſacrez c’eſt me rendre perfide,

121.0 1648.0 1259.0 75.0 Et ſoü  ler mon honneur d’vn reproche eternel,

121.0 1716.0 1300.0 107.0 D'auoir trempé mes mains dans le sang paternel.

624.0 1786.0 406.0 63.0 LE ROY.

116.0 1844.0 1064.0 78.0 Le temps aſſez ſouuent a rendu legitime

121.0 1910.0 1329.0 75.0 Ce qui sembloit d’abord ne ſe pouuoir ſans crime.

119.0 1975.0 1188.0 81.0 Rodrigue t’a gaignée, & tu dois eſtre à luy,

116.0 2034.0 1273.0 99.0 Mais quoy que ſa valeur t’ait conquiſe auiour¬

230.0 2107.0 163.0 72.0 d'huy,

116.0 2165.0 1132.0 82.0 Il faudroit que ie fuſſe ennemy de ta gloire

119.0 2240.0 1159.0 73.0 Pour luy donner ſi teſ le prix de ſa victoire,

119.0 2301.0 1117.0 82.0 Cét Hymen differé ne rompt point vne loy

123.0 2374.0 1181.0 70.0 Qui ſans marquer de temps luy deſtine ta foy.

123.0 2442.0 1218.0 70.0 Prens vn an ſi tu veux pour eſſuyer tes larmes.

119.0 2497.0 1239.0 97.0 Rodrigue, cependant il faut prendre les armes.

1020.0 2568.0 153.0 80.0 H ij

315.0 116.0 885.0 92.0 TRAGI-COMEDIE.

1419.0 135.0 65.0 68.0 87
