1757 2916
211.0 174.0 1186.0 90.0 Apres auoir vaincu les Mores ſur nos bords,

216.0 245.0 1232.0 90.0 Renuersé leurs deſſeins, repouſſé leurs efforts,

218.0 318.0 1242.0 82.0 Va juſqu’en leur pays leur reporter la guerre,

216.0 379.0 1266.0 94.0 Commander mon armée, & rauager leur terre.

208.0 447.0 1259.0 87.0 A ce ſeul nom de Cid ils tomberont d'effroy,

218.0 512.0 1283.0 100.0 Ils t'ont nommé Seigneur, & te voudront pour

354.0 585.0 139.0 73.0 Roy,

221.0 646.0 1380.0 83.0 Mais parmy tes hauts faits ſois luy touſiours fidelle,

228.0 709.0 1305.0 97.0 Reuiens-en, s’il ſe peut, encor plus digne d’elle,

221.0 784.0 1258.0 76.0 Et par tes grands exploits fay toy ſi bien priſer

235.0 850.0 1125.0 78.0 Qu’il luy ſoit glorieux alors de t’eſpouſer.

605.0 913.0 646.0 83.0 D. RODRIGVE.

226.0 974.0 1266.0 87.0 Pour poſſeder Chimene, & pour voſtre ſeruice

228.0 1049.0 1366.0 80.0 Que peut-on m’ordonner que mon bras n’accom¬

366.0 1108.0 168.0 85.0 pliſſe?

238.0 1176.0 1275.0 82.0 Quoy qu’abſent de ſes yeux il me faille endurer,

233.0 1249.0 1193.0 77.0 Sire, ce m’eſt trop d’heur de pouuoir eſperer.

709.0 1307.0 377.0 80.0 LE ROY.

226.0 1375.0 1244.0 80.0 Eſpere en ton courage, eſpere en ma promeſſe,

223.0 1448.0 1140.0 70.0 Et poſſedant deſia le cœur de ta Maiſtreſſe,

230.0 1518.0 1247.0 73.0 Pour vaincre vn poinct d’honneur qui combat

366.0 1584.0 338.0 68.0 contre moy.

238.0 1623.0 1271.0 102.0 Laiſſe faire le temps, ta vaillance, & ton Roy.

330.0 1844.0 1176.0 146.0 Fin du cinquieſme & dernier Acte.

675.0 89.0 416.0 105.0 LE CID,

208.0 99.0 64.0 85.0 88
