1736 2943
277 174 1292 139 son corps porté dans ſon armée a gaigné

284 282 1277 122 des batailles apres ſa mort, & ſon nom au

282 382 1277 113 bout de ſix cens ans vient encor de tri¬

275 478 1279 117 ompher, en France. Il y a trouuué vne re¬

275 583 1274 101 ception trop fauorable pour se repentir

272 664 1279 130 d’eſtre ſorty de ſon pays, & d’auoir apris

270 760 1267 122 à parler vne autre langue que la ſienne:

270 863 1276 115 Ce ſuucceZ a paſſé mes plus ambitieuſes eſ¬

252 931 1294 145 perances, & m'a ſurpris d'abord; mais il

257 1057 1285 117 a ceſſé de m'eſtonner depuis que i'ay veu

257 1145 1282 132 la ſatisfaction que vous aueZ témoignée,

252 1248 1282 115 quand il a paru deuant vous; alors i'ay

255 1336 1257 130 creu qu'apres les éloges dont vous l’auez

248 1437 1286 125 honnoré, cét applaudiſſemnent vniuerſel

243 1525 1281 127 ne luy pouuoit māquer. Et veritablemẽt,

240 1630 1282 121 MADAME, on ne peut douter auec

235 1729 1287 122 raiſon de ce que vaut, vne chose qui a

235 1827 1282 112 Ie bonheur de vous plaire: le iugement

233 1927 1279 115 que vous en faites, eſt la marque aſſeurée

233 2025 1277 111 de ſon prix; & comme vous donnez tou¬

216 2121 1289 98 ſiours liberalement aux veritables beau¬

235 2219 1275 142 teZ l'eſtime qu'elles meritent, les fauſſes
