1723 2922
146 189 1272 108 n’ont iamais le pouuoir de vous éblouyr.

148 287 1284 114 Mais voſtre generoſité ne s'arreſte pas à

153 392 1277 109 des loüanges ſteriles pour les ouurages qui

155 464 1275 125 vous agréent, elle prend plaiſir à s'eſten¬

153 574 1282 110 dre vtilemẽt ſur ceux qui les produisent,

158 670 1274 111 & ne dédaigne point d'employez en leur

153 769 1284 117 faueur ce grand credit que voſtre qualité

160 879 1275 95 & vos vertus vous ont acquis. l’en ay

155 964 1275 114 reſſenty des effets qui me ſont trop aduan¬

155 1059 1282 109 tageux pour m'en taire, & ie ne vous dois

155 1168 1280 103 pas moins de remerciements pour moy que

155 1268 1285 95 pour le CID. C’eſt vne recognoiſſance

163 1368 1272 97 qui m’est glorieuſe, puis qu'il m'est im¬

153 1453 1287 120 poßible de publier que ie vous ay de gran¬

160 1558 1280 97 des obligations, sans publier en meſme

158 1658 1274 100 temps que vous m’auez aſſeZ estimé pour

165 1753 1280 97 vouloir que ie vous en euſſe. Außi,

160 1848 1280 97 MADAME, ſi ie ſouhaite quelque du¬

160 1943 1280 104 rée pour cét heureux effort de ma plume,

160 2047 1292 93 ce n’eſt point pour apprendre mon nom à

168 2140 1274 97 la poſterité, mais ſeulement pour laiſſer

163 2240 1279 156 des marques éternelles de ce que ie vous
