1723 2922
302 343 960 105 Extraict du Privilege du Roy.

236 494 1201 85 Ar grace & Priuilege du Roy, il est permis à

153 516 56 124 P

224 574 1213 68 Augustin Courbé. Marchand Libraire à Paris,

151 637 1289 74 d’imprimer ou faire imprimer, & exposer en ven¬

153 701 1292 75 te, vn Liure intitulé, LE CID, TRAGI¬

160 769 1287 75 COMEDIE, par M. CORNEILLE. Et

155 840 1295 73 défences ſont faites à tous Imprimeurs, Libraires,

155 908 1295 70 & autres, d’imprimer, ny faire imprimer ledit

165 971 1285 76 Liure ſans ſa permiſſion, ou de ceux qui auront

163 1039 1284 76 droit de luy, & ce pendāt le temps de vingt ans,

160 1107 1290 76 à compter du iour que ledit Liure sera acheué

163 1176 1289 73 d’imprimer pour la premiere fois, à peine aux

160 1244 1292 70 contreuenans de quinze cens liures d’amendes;

163 1307 1291 76 confiſcation des exemplaires qui ſe trouueront

168 1375 1282 73 contrefaits, & de tous dépens dommages & in¬

173 1439 1281 75 tereſts, ainsi qu’il eſt contenu plus au long auſdi¬

177 1507 1273 80 tes Lettres de Priuilege. Donné à Paris le vingt-

175 1577 607 66 vnieſme lanuier, 1637.

175 1636 709 95 Par le Roy en ſon Conseil,

521 1706 183 98 Signé,

938 1697 521 129 CONRART.

326 1828 1016 90 A cheué d’imprimer ce vingt-troiſiéme

616 1911 388 90 Mars 1637.

192 2023 1299 200 Les exemplaires ont eſté fournis ainſi qu'il eſt

531 2108 582 98 porté par le Priuilege.

248 2383 1245 83 Et Iedit Courbé a associé auec luy audit Priui¬

214 2452 1284 85 lege, François Targa ſuiuant le contract paſſé

207 2525 1294 112 entr’eux pardeuant les Notaires du Chaſtelet de

209 2590 154 86 Paris.
