1736 2943
667 237 555 111 LE COMTE.

316 377 1346 88 EIle eſt dans le deuoir, tous deux ſont dignes d’elle,

324 461 1340 71 Tous deux formez d’vn ſang, noble, vaillant, fidelle,

319 522 1345 110 Ieunes, mais qui font lire aisément dans leurs yeux

321 591 1100 76 L’eſclatante vertu de leurs braues ayeux.

319 659 1242 81 Don Rodrigue ſur tout n’a trait en ſon viſage

321 723 1299 91 Qui d’vn homme de cœur ne ſoit la haute image,

314 789 1205 76 Et fort d’vne maiſon ſi feconde en guerriers,

321 858 1341 81 Qu’ils y prennent naiſſance au milieu des lauriers.

316 922 1302 93 La valeur de ſon pere,en ſon temps ſans pareille,

321 988 1235 81 Tant qu’a duré ſa force a paſſé pour merueille,

319 1057 1205 73 Ses rides ſur ſon front ont graué ſes exploits,

316 1125 1122 69 Et nous diſent encor ce qu’il fut autrefois:

316 1191 1201 72 Ie me promets du fils ce que i’ay veu du pere,

316 1258 1277 73 Et ma fille en vn mot peut l’aymer & me plaire.

321 1321 1120 74 Va l’en entretenir, mais dans cét entretien

316 1388 1144 73 Cache mon ſentiment, & deſcouure le ſien.

1519 1368 140 103 [ble;

321 1461 1338 71 Ie veux qu’à mon retour nous en parlions enſem¬

319 1523 1340 132 L'heure à preſent m'appelle au conſeil qui s'aſſem¬

449 1584 98 76 ble.

324 1638 1227 105 Le Roy doit à ſon fils choiſir vn Gouuerneur,

326 1721 1287 79 Ou pluſtoſt m'eſleuer à ce haut rang d’honneur,

324 1782 1262 96 Ce que pour luy mon bras chaque iour execute,

343 1854 1181 134 Me defend de penser qu'aucun me me diſpute.

744 129 429 79 LE CID,
