1723 2922
387 392 746 138 SCENE II.

297 555 982 109 CHIMENE. ELVIRE.

494 696 592 90 ELVIRE seule.

221 759 1095 110 Velle douce nouuelle à ces ieunes amans !

131 818 76 138 Q

226 844 1150 95 Et que tout ſe diſpoſe à leurs contentemens.

475 908 533 80 CHIMENE.

116 976 1192 92 Et bien Eluire, enfin que faut-il que i'eſpere?

119 1042 1158 104 Que dois-je deuenir, & que t’a dit mon pere?

555 1117 432 71 ELVIRE.

1284 1100 175 73 [mez,

112 1161 1345 110 Deux mots dont tous vos ſens doiuent eſtre char¬

119 1244 1179 90 Il eſtime Rodrigue autant que vous l’aymez.

511 1312 534 78 CHIMENE.

119 1368 1140 95 L’excez de ce bon-heur me met en défiance,

116 1429 1353 107 Puis-je à de tels diſcours donner quelque croyance ?

543 1514 434 73 ELVLRE.

116 1560 1165 103 Il paſſe bien plus outre,il approuue ſes feux,

116 1629 1321 99 Et vous doit commander de reſpondre à ſes vœux.

121 1704 1095 90 Iugez a pres cela,puis que tantoſt ſon pere

121 1767 1158 95 Au sortir du conſeil doit propoſer l’affaire,

124 1831 1352 95 S’il pouuoit auoir lieu de mieux prẽdre ſon temps,

119 1894 1179 114 Et ſi tous vos deſirs seront bien-toſt contens.

477 1974 549 78 CHIMENE.

116 2025 1122 95 Il ſemble toutefois que mon ame troublée

124 2106 1084 78 Refuſe cette joye, & s’en trouue accablée.

124 2154 1201 103 Vn moment donne au ſort des viſages diuers

124 2220 1347 107 Et dans ce grand bon heur ie crains vn grand re¬

185 2315 129 63 uers.

536 2303 480 68 ELVIRE.

126 2357 1302 99 Vous verrez voſtre crainte heureusement deceuë.

484 2437 524 68 CHIMENR.

131 2483 1199 134 Allons, quoy qu'il en soit,en entendre l'iſſue.

1094 2564 129 92 A ij

326 97 897 124 TRAGI-COMEDIE.

1420 116 42 93 3
