1736 2943
564 419 869 127 SCENE III.

427 561 1142 135 L'INTANTE. LEONOR, Page.

606 698 803 113 L'INFANTE au Page.

434 841 1181 108 A t'en trouuer Chimene & luy dy de ma part

317 843 107 130 V

422 917 1237 100 Qu’auiourd’huy pour me voir elle attend vn

500 988 273 71 peu tard,

306 1034 1132 113 Et que mon amitié ſe plaint de ſa pareſſe.

746 1128 484 88 LEONOR.

302 1169 1215 123 Madame chaque iour meſme deſir vous preſſe,

299 1248 1193 110 Et ie vous voy penſiue & triſte chaque iour,

302 1316 1200 103 L’informer auec ſoin comme va ſon amour.

645 1393 609 88 L’INFANTE.

297 1442 1242 112 I'en dois bien auoir ſoin, ie l'ay preſque forcée

299 1520 1223 103 A receuoir les coups dont ſon ame est bleſſée,

292 1576 1331 121 Elle ayme Don Rodrigue, & le tient de ma main,

294 1650 1289 105 Et par moy Don Rodrigue a vaincu ſon dédain,

299 1719 1218 100 Ainſi de ſes amants ayant formé les chaiſnes,

294 1780 1245 110 Ie dois prendre intereſt à la fin de leurs peines.

721 1861 511 81 LEONOR.

289 1912 1167 103 Madame, toutefois parmy leurs bons ſuccez

294 1981 1292 106 On vous voit vn chagrin qui va iuſqu’à l’excez,

292 2047 1277 103 Cét amour qui tous deux les comble d’allegreſſe

287 2114 1218 103 Fait-il de ce grand cœur la profonde triſteſſe?

284 2187 1213 93 Et ce grand intereſt que vous prenez pour eux

287 2251 1333 105 Vous rend-il mal-heureuse alors qu’ils ſont heu¬

417 2322 174 64 reux?

282 2361 1233 123 Mais ie vay trop auant, & deuiens indiſcrete.

655 2454 604 84 L'INFANTE.

282 2501 1026 132 Ma triſteſſe redouble à la tenir ſecrete.

790 152 442 112 LE CID,

333 156 40 89 4
