1723 2922
134 153 1189 90 Eſcoute, eſcoute enfin comme i’ay combattu,

131 221 1119 88 Et plaignant ma tristeſſe admire ma vertu

126 287 1241 92 L’amour eſt vn tyran qui n’eſpargne perſonne,

129 357 1133 98 Ce ieune Caualier, cét amant que ie donne,

131 438 244 75 Ie l’aime.

580 467 470 90 LEONOR.

358 550 375 102 Vous l’aimez !

509 589 563 109 L'INFANTE.

675 662 767 97 Mts la main ſur mon cœur,

131 749 1345 88 Et voy comme il ſe trouble au nom de ſon vain¬

126 823 609 94 Comme il le recognoiſt

1262 825 209 90 [queur,

545 854 476 102 LEONOR.

658 939 731 86 Pardonnez-moy, Madame,

126 1017 1226 76 Si ie ſors du reſpect pour blaſmer voſtre flame,

124 1086 1211 75 Choiſir pour voſtre amant vn ſimple Caualier!

126 1151 1126 76 Vne grande Princeſſe à ce poinct s’oublier!

124 1219 1060 73 Et que dira le Roy? que dira la Caſtille?

134 1283 1259 75 Vous ſouuenez-vous bien de qui vous eſtes fille?

487 1346 590 71 L'INFANTE.

129 1404 1335 100 Ouy, ouy, ie m’en ſouuiens, & i’eſpãdray mon ſang

114 1480 1258 78 Pluſtoſt que de rien faire indigne de mon rang.

114 1551 1221 70 Ie te reſpondrois bien que dans les belles ames

116 1609 1231 93 Le ſeul merite a droict de produire des flames,

109 1677 987 78 Et si ma paſſion cherchoit à s’excuſer,

112 1743 1279 78 Mille exemples fameux pourroient l’authoriſer:

114 1814 1336 80 Mais ie n’en veux point ſuiure où ma gloire s’en¬

246 1889 134 71 gage,

107 1928 1352 107 Si i'ay beaucoup d’amour, i’ay bien plus de courage,

116 2011 1336 80 Vn noble orgueil m’apprend qu’eſtant fille de Roy

114 2077 1282 80 Tour autre qu’vn Monarque eſt indigne de moy.

116 2147 1341 78 Quand ie vis que mon cœur ne ſe pouuoit défendre,

116 2208 1292 100 Moy-meſme ie donnay ce que ie n’oſois prendre,

114 2269 1136 97 Ie mis au lieu de moy Chimene en ſes liens,

112 2347 1267 83 Et i'allumay leurs feux pour eſteindre les miens.

114 2403 1128 92 Ne t’eſtonne donc plus ſi mon ame geſnée,

114 2473 1016 149 Avec impatience attend leur Hymenée,

1030 2546 161 98 A iij

365 73 897 97 TRAGI-COMEDIE.

1454 112 39 73 5
