1736 2910
276.0 162.0 1241.0 107.0 Tu vois que mon repos en dépend aujourd’huy:

264.0 244.0 1192.0 80.0 Si l’amour vit d’eſpoir, il meurt auecque luy,

267.0 305.0 1206.0 90.0 C’eſt vn feu qui s'eſteint faute de nourriture,

267.0 375.0 1133.0 80.0 Et malgré la rigueur de ma triſte auanture

267.0 448.0 1119.0 75.0 Si Chimene a iamais Rodrigue pour mary

264.0 511.0 1221.0 80.0 Mon eſperance eſt morte & mon eſprit guery.

264.0 574.0 1226.0 85.0 Ie ſouffre cependant vn tourment incroyable,

267.0 640.0 1231.0 94.0 Iuſques à cét Hymen Rodrigue m’eſt aimable,

269.0 708.0 1173.0 77.0 Ie trauaille à le perdre, & le perds à regret,

269.0 771.0 1207.0 85.0 Et de là prend ſon cours mon déplaiſir ſecret.

267.0 836.0 1252.0 85.0 Ie ſuis au deſespoir que l’amour me contraigne

269.0 906.0 1216.0 93.0 A pouſſer des ſoupirs pour ce que ie dédaigne,

269.0 972.0 1076.0 80.0 Ie ſens en deux partys mon eſprit diuiſé,

264.0 1040.0 1280.0 85.0 Si mon courage eſt haut, mon cœur eſt embraſé:

269.0 1100.0 1267.0 85.0 Cét Hymen m’eſt fatal, ie le crains, & ſouhaite,

264.0 1171.0 1302.0 80.0 Ie ne m’en promets rien qu’vne joye imparfaite,

269.0 1241.0 1352.0 85.0 Ma gloire & mon amour ont tous deux tant d’apas,

271.0 1309.0 1137.0 75.0 Qui ie meurs s’il acheue, & ne s’acheue pas.

708.0 1382.0 496.0 77.0 LEONOR.

269.0 1457.0 1195.0 82.0 Madame, apres cela ie n’ay rien à vous dire,

267.0 1532.0 1192.0 70.0 Sinon que de vos maux auec vous ie ſoupire:

271.0 1590.0 1329.0 95.0 Ie vous blaſmois tantoſt, ie vous plains à preſent,

264.0 1661.0 1265.0 75.0 Mais puis que dans vn mal ſi doux & ſi cuiſant

271.0 1726.0 1248.0 95.0 Voſtre vertu combat & ſon charme & ſa force,

264.0 1792.0 1095.0 77.0 En repouſſe l'aſſaut, en rejette l’amorce,

262.0 1859.0 1119.0 73.0 EIle rendra le calme à vos eſprits florans.

264.0 1923.0 1268.0 80.0 Eſperez donc tout d’elle, & du ſecours du temps,

274.0 1988.0 1066.0 78.0 Eſperez tout du Ciel, il a trop de iuſtice

269.0 2056.0 1260.0 85.0 Pour ſouffrir la Vertu ſi long-temps au ſupplice.

638.0 2134.0 605.0 77.0 L’INFANTE.

262.0 2209.0 1243.0 87.0 Ma plus douce eſperance eſt de perdre l’eſpoir.

679.0 2286.0 510.0 75.0 LE PAGE.

262.0 2318.0 1359.0 131.0 Par vos commandemens Chimene vous vient voir.

640.0 2434.0 581.0 83.0 L’INFANTE.

259.0 2495.0 940.0 114.0 Allez l'entretenir en cette gallerie,

723.0 104.0 410.0 85.0 LE CID,
