1723 2922
506 187 466 78 LEONOR.

102 245 1116 93 Voulez-vous demeurer dedans la reſuerie?

465 318 599 71 LINFANTE.

104 362 1204 100 Non ie veux ſeulement malgré mon déplaiſir,

104 455 1097 70 Remettre mon viſage vn peu plus à loiſir,

104 516 1311 78 Ie vous ſuy, juſte Ciel, d’où i’attends mon remede,

104 586 1353 78 Mets en fin quelque borne au mal qui me poſſede,

107 650 1082 70 Aſſeure mon repos, aſſeure mon honneur.

102 713 1360 78 Dans le bonheur d’autruy ie cherche mon bonheur,

107 784 1087 70 Cét Hymenée à trois également importe,

109 847 1353 80 Rends ſon effet plus prõpt, ou mon ame plus forte,

107 917 1155 74 D’vn lien conjugal joindre ces deux amans

109 981 1270 75 C’eſt briſer tous mes fers, & finir mes tourmens.

112 1051 1357 71 Mais ie tarde vn peu trop, allons trouuer Chimene,

112 1117 1118 78 Et par ſon entretien ſoulager noſtre peine.

404 1380 780 124 SCENE IV.

182 1514 1221 124 LE COMTE. D. DIEGVE.

475 1689 619 78 LE COMTE.

216 1818 1104 83 N fin vous l'emportez, & la faueur du Roy

131 1840 71 122 E

221 1887 1270 75 Vous eſleue en vn rang qui n'eſtoit deub qu'à

119 1960 1374 75 Il vous fait Gouuerneur du Prince de Caſtille. [moy,

502 2030 555 78 D. DIEGVE.

126 2103 1365 78 Cette marque d’honneur qu’il met dans ma famille:

129 2169 1369 76 Monſtre à tous qu’il eſt iuſte, & fait cognoiſtre aſſez

134 2235 1108 87 Qu’il ſçait recompenſer les ſeruices paſſez.

521 2310 597 78 LE COMTE.

131 2374 1360 85 Pour grands que ſoient les Roys, ils ſont ce que

258 2454 375 73 nous ſommes,

131 2515 1333 90 Ils peuuent ſe tromper comme les autres hommes,

1008 2588 191 83 A iiij

311 102 890 104 TRAGI-COMEDIE.

1413 131 32 105 7
