1697 2910
301 143 1257 101 Et ce choix ſert de preuue à tous les Courtiſans,

305 218 1224 99 Qu’ils ſçauent mal payer les ſeruices preſens.

774 288 461 78 D. DIEGVE.

291 341 1347 105 Ne parlons plus d'vn choix dont voſtre eſprit s'in¬

296 417 1119 87 La faueur l’a pû faire auant que le merite

1468 436 168 73 [rite;

298 484 1338 102 Vous choiſiſſant peut-eſtre on euſt peu mieux choi¬

424 540 80 78 ſir,

288 603 1324 105 Mais le Roy m’a trouué plus propre à ſon deſir.

291 681 1301 92 A l’honneur qu’il m’a fait adiouſtez-en vn autre,

298 749 1297 90 Ioignons d’vn ſacré nœud ma maiſon à la voſtre,

291 809 1124 93 Rodrigue aime Chimene, & ce digne ſuiet

281 880 1022 80 De ces affections eſt le plus cher obiet:

288 948 1343 94 Conſentez-y, Monſieur, & l’acceptez pour gendre.

701 1011 474 82 LE COMTE.

284 1074 1269 99 A de plus hauts partis Rodrigue doit prétendre,

279 1144 959 80 Et le nouuel eſclat de voſtre dignité

281 1210 1226 80 Luy doit bien mettre au cœur vn autre vanité.

271 1273 1231 85 Exercez-là, Monsieur, & gouuernez le Prince,

271 1348 1297 70 Monſtrez-luy comme il faut regir vne Prouince,

267 1408 1262 88 Faire trembler par tout les peuples ſous sa loy,

269 1471 1360 95 Remplir les bons d’amour, & les méchans d’effroy:

271 1537 1122 82 Ioignez à ces vertus celles d’vn Capitaine,

269 1605 1321 92 Monſtrez-luy comme il faut s’endurcir à la peine,

262 1670 1187 83 Dans le meſtier de Mars ſe rendre ſans égal,

262 1741 1167 77 Paſſer les iours entiers & les nuits à cheual,

267 1806 1077 78 Repoſer tout armé, forcer vne muraille,

259 1876 1168 71 Et ne deuoir qu’à ſoy le gain d’vne bataille,

262 1939 1182 73 Inſtruisez-le d’exemple, & vous reſſouuenez

259 2005 1282 85 Qu’il faut faire à ses yeux ce que vous enſeignez.

694 2075 473 68 D. DIEGVE,

254 2136 1297 102 Pour s’inſtruire d’exemple, en deſpit de l’enuie;

250 2199 1024 95 Il lira ſeulement l’hiſtoire de ma vie:

252 2272 1017 72 Là dans vn long tiſſu de belles actions

252 2335 1192 85 Il verra comme il faut dompter des nations,

250 2405 1153 75 Attaqner vne place, Ordonner vne armée,

245 2463 1216 122 Et ſur de grands exploits baſtir sa renommée.

679 87 418 87 LE CID,

298 95 41 55 8
