1723 2922
531.0 226.0 475.0 83.0 LE COMTE.

107.0 282.0 1216.0 95.0 Les exemples viuans ont bien plus de pouuoir,

112.0 360.0 1294.0 83.0 Vn prince dans vn liure apprend mal ſon deuoir;

104.0 428.0 1299.0 97.0 Et qu’a fait apres tout ce grand nombre d’années

109.0 496.0 1097.0 90.0 Que ne puiſſe égaler vne de mes iournées?

104.0 562.0 1231.0 75.0 Si vous fuſtes vaillan, ie le ſuis auiourd'huy,

104.0 628.0 1248.0 83.0 Et ce bras du Royaume eſt le plus ferme appuy:

109.0 693.0 1287.0 88.0 Grenade, & l’Arragon tremblent quand ce fer

241.0 754.0 165.0 76.0 brille,

104.0 820.0 1182.0 85.0 Mon nom ſert de rempart à toute la Castille,

107.0 893.0 1301.0 95.0 Sans moy vous paſſeriez bien-toſt ſous d’autres

253.0 959.0 124.0 75.0 loix,

104.0 1017.0 1287.0 98.0 Et ſi vous ne m’auiez, vous n’auriez plus de Rois.

104.0 1093.0 1275.0 90.0 Chaque iour, chaque inſtant, entaſſe pour ma

263.0 1156.0 158.0 76.0 gloire

104.0 1217.0 1155.0 93.0 Laurier deſſus laurier, victoire ſur victoire:

104.0 1288.0 907.0 87.0 Le Prince pour eſſay de generoſité,

107.0 1351.0 1269.0 92.0 Gaigneroit des combats marchant à mon coſté,

102.0 1417.0 1335.0 97.0 Loin des froides leçons qu’à mon bras on préfere,

104.0 1485.0 1277.0 97.0 Il apprendroit à vaincre en me regardant faire.

467.0 1560.0 590.0 71.0 D. DIEGVE.

104.0 1614.0 1168.0 95.0 Vous me parlez en vain de ce que ie cognoy,

102.0 1687.0 1357.0 92.0 Ie vous ay veu combatre & commander sous moy:

107.0 1753.0 1313.0 95.0 Quand l’aage dans mes nerfs a fait couler ſa glace

104.0 1821.0 1131.0 90.0 Voſtre rare valeur a bien remply ma place,

97.0 1889.0 1131.0 83.0 Enfin pour eſpargner les diſcours ſuperflus

107.0 1955.0 1218.0 90.0 Vous eſtes auiourd’huy ce qu’autresfois ie fus.

102.0 2023.0 1211.0 80.0 Vous voyez touteois qu’en cette concurrence

104.0 2086.0 1219.0 93.0 Vn Monarque entre nous met de la difference.

472.0 2154.0 578.0 81.0 LE COMTE.

97.0 2208.0 1067.0 102.0 Ce que ie meritois, vous I’auez emporté.

475.0 2288.0 580.0 76.0 D. DIEGVE.

104.0 2340.0 1194.0 112.0 Qui l'a gaigné ſur vous, l’auoit mieux merité.

455.0 2413.0 566.0 87.0 LE COMTE.

107.0 2471.0 1304.0 144.0 Qi peut mieux l'exrcer, en eſt bien le plus di¬

294.0 2556.0 108.0 73.0 gne.

411.0 153.0 702.0 92.0 TRAGI-COMEDIE

1418.0 160.0 39.0 127.0 9
