1697 2910
670 206 546 85 D. DIEGVE.

269 261 1073 110 En eſtre réfuſé n'en eſt pas vn bon ſigne.

679 356 564 65 LE COMTE.

271 397 1304 102 Vous l'auez eu par brigue eſtant vieux Courtiſan.

670 484 558 76 D. DIEGVE.

269 552 1313 80 L’Eſclat de mes hauts faits fut mon ſeul partiſan.

708 618 554 68 LE COMTE.

269 679 1304 116 Parlons en mieux, le Roy fait honncur à voſtre

398 763 140 73 aage.

670 807 568 73 D. DIEGVE.

271 853 1260 109 Le Roy, quand il en fait, le meſure au courage.

687 943 548 68 LE CO MTE.

267 989 1308 109 Et par là cét honneur n’eſtoit deu qu’à mon bras.

643 1074 556 70 D. DIEGVE.

269 1132 1097 92 Qui n'a peu l'obtenir, ne le meritoit pas.

687 1210 543 80 LE COMTE.

267 1273 682 92 Ne le meritoit pas! moy?

672 1324 529 99 D. DIEGVE.

907 1401 161 83 Vous.

694 1423 568 116 LE COMTE.

1104 1527 432 80 Ton impudence,

262 1588 1099 99 Temeraire vieillard, aura ſa recompenſe.

704 1663 505 78 D. DIEGVE.

262 1719 1231 97 A cheue, & prens ma vie apres vn tel affront,

259 1784 1367 109 Le premier dont ma race ait veu rougir, ſont front.

696 1862 534 73 LE COMTE.

252 1927 1190 76 Et que penſes-tu faire auec tant de foibleſſe?

747 1995 481 73 D. DIEGVE.

264 2044 1151 92 O Dieu! ma force vſée à ce beſoin me laiſſe.

665 2126 534 68 LE COMTE.

257 2187 1228 77 Ton eſpée est à moy, mais tu ſerois trop vain

257 2247 1253 83 Si ce honteux trophée auoit chargé ma main.

262 2318 1245 82 Adieu, fay lire au Prince, en despit de l’enuie,

267 2388 1080 70 Pour ſon inſtruction l’hiſtoire de ta vie,

262 2451 1138 68 D’vn inſolent diſcours ce iuſte chaſtiment

286 2512 1049 116 Ne luy ſeruira pas d’vn pettit ornement.

689 121 410 104 LE CID,

269 157 56 95 10
