1723 2922
143 1355 113 132 O

497 126 555 83 D. DIEGVE.

116 199 680 95 Et eſpargne-tu mon ſang?

509 262 560 78 LE COMTE.

843 323 626 81 Mon ame eſt ſatisfaite.

116 396 1229 88 Et mes yeux à ma main reprochent ta deffaite.

523 467 556 71 D DIEGVE.

124 528 555 105 Tu dédaigne ma vie?

484 594 551 78 LE COMTE.

923 657 570 78 En arreſter le cours,

126 723 1177 97 Ne ſeroit que haſter la Parque de trois iours.

523 1015 661 129 SCENE V.

470 1180 687 95 D. DIEGVE ſeul.

260 1310 1058 90 Rage, ô deſeſpoir : ô vieilleſſe ennemie!

265 1380 1224 98 N’ay je donc tant veſcu que pour cette in¬

290 1465 165 71 famie?

153 1514 1282 88 Et ne ſuis-je blanchy dans les trauaux guerriers,

160 1587 1311 88 Que pour voir en vn iour fleſtrit tant de lauriers?

160 1648 1365 93 Mon bras qu’auec reſpect toute l’Eſpagne admire,

163 1723 1233 78 Mon bras qui tant de fois a ſauué cét Empire,

163 1789 1150 81 Tant de fois affermy le Troſne de ſon Roy,

173 1848 1298 109 Trahit donc ma querelle, & ne fait rien pour

290 1938 141 68 noy?

180 1989 970 75 O cruel ſouuenir de ma gloire paſſée!

182 2023 1129 110 Oeuure de tant de iours en vn iour effacée!

173 2128 1091 70 Nouuelle dignité fatale à mon bonheur!

175 2191 1150 75 Precipice eſleué d’où tombe mon honneur!

185 2240 1306 92 Faut-il de voſtre eſclat voir triompher le Comte,

182 2325 1363 73 Et mourir ſans vengeance, ou viure dans la honte?

182 2391 1363 73 Comte, ſois de mon prince à preſent Gouuerneur,

187 2447 1362 138 Ce haut rang n'admet point vn homme ſans hon¬

319 2547 136 75 neur?

450 51 717 92 TRAGI-COMEDIE.

1411 4 65 129 11
