1697 2910
284 89 1175 134 Et ton jaloux orgueil par cét affront inſigne

288 181 1302 107 Malgré le choix du Roy m’en a ſçeu rendre indi¬

281 310 1182 104 Et toy de mes exploits glorieux inſtrument,

420 254 121 70 gne.

291 378 1316 111 Mais d’vn corps tout de glace inutille ornement,

291 438 1340 119 Fer, iadis tant à craindre, & qui dans cette offence,

288 509 1192 111 M'as ſeruy de parade, & non pas de defence,

288 574 1222 105 Va, quitte deſormais le dernier des humains,

288 642 1207 107 Paſſe pour me vanger en de meilleures mains;

288 703 1304 119 Si Rodrigue eſt mon fils, il faut que l’amour cede,

284 776 1279 111 Et qu’vne ardeur plus haute à ſes flames ſuccede,

288 841 1180 109 Mon honneur eſt le sien, & le mortel affront

288 906 1212 124 Qui tombe ſur mon chef rejallit ſur ſon front.

665 53 415 82 LE CID,

281 46 66 70 12

1178 2330 458 133 SCENE
