1723 2922
63 823 68 133 R

336 387 750 109 SCENE VI.

97 540 1226 117 D. DIEGUE D. RODRIGUE.

419 679 550 102 D. DIEGVE.

141 813 660 80 Odrigue, as-tu du cœur?

346 879 789 92 D. RODRIGVE.

667 947 670 102 Tout autre que mon pere

58 1010 675 124 L'eſprouuerois ſur l’heure.

475 1086 473 87 D. DIEGVE.

891 1161 456 97 Agreable colere,

63 1227 1184 70 Digne reſſentiment à ma douleur bien doux!

60 1290 1126 85 Ie recognoy mon ſang à ce noble couroux,

60 1363 1173 71 Ma ieuneſſe reuit en cette ardeur ſi prompte,

60 1424 1231 110 Vien mon fils, vien mon ſang, vien reparer ma

182 1490 176 65 honte,

63 1551 421 85 Vien me vanger.

406 1609 629 105 D. RODRIGVE.

538 1697 224 70 Dequoy?

460 1755 485 73 D. DIEGVE.

745 1818 549 81 Dvn affront ſi cruël

65 1879 1338 88 Qu'à l’honneur de tous deux il porte vn coup mor¬

187 1952 100 73 tel,

60 2006 1219 90 D’vn ſoufflet. L’inſolent en eust perdu la vie,

58 2084 1216 80 Mais mon aage a trompé ma genereuſe enuie,

56 2147 1211 93 Et ce fer que mon bras ne peut plus ſouſtenir

65 2215 1097 81 Ie le remets au tien pour vanger & punir.

65 2279 1241 85 Va contre vn arrogant eſprouuer ton courage;

60 2342 1353 93 Ce n’est que dans le sãg qu’on laue vn tel outrage,

60 2410 1302 83 Meurs, ou tuë. Au suſplus, pour ne te point flater,

65 2478 1314 112 Ie le donne à combattre vn homme à redouter,

309 99 885 122 TRAGI-COMEDIE.

1337 126 64 78 13

1089 2551 63 88 B
