1697 2910
315.0 155.0 1255.0 111.0 Je l'ay veu tout ſanglant au milieu des batailles

315.0 232.0 1204.0 102.0 Se faire vn beau rempart de mille funerailles.

585.0 300.0 759.0 88.0 D. RODRIGVE.

310.0 356.0 1287.0 114.0 Son nom, c’eſt perdre temps en propos ſuperflus.

750.0 441.0 497.0 75.0 D. DIEGVE.

308.0 484.0 1245.0 112.0 Donc pour te dire encor quelque choſe de plus,

310.0 557.0 1258.0 112.0 Plus que braue ſoldat, plus que grand Capitaine,

310.0 620.0 158.0 88.0 C’eſt.

616.0 686.0 736.0 99.0 D. RODRIGVE.

466.0 763.0 507.0 76.0 De grace acheuez.

674.0 824.0 542.0 78.0 D. DIEGVE.

844.0 894.0 547.0 83.0 Le pere de Chimene.

665.0 962.0 616.0 75.0 D. RODRIGVE.

305.0 1008.0 76.0 90.0 Le

696.0 1074.0 547.0 97.0 D. DIEGVE.

395.0 1132.0 1061.0 109.0 Ne replique point, ie cognoy ton amour,

301.0 1210.0 1240.0 94.0 Mais qui peut viure infame eſt indigne du iour,

301.0 1275.0 1320.0 97.0 Plus l’offenſeur est cher, & plus grande eſt l’offenſe:

296.0 1341.0 1274.0 99.0 En fin tu ſçais l’affront, & tu tiens la vengeance,

298.0 1416.0 1178.0 87.0 Ie ne te dis plus rien, vange moy, vange toy,

293.0 1474.0 1202.0 94.0 Monſtre toy digne fils d’vn tel pere que moy;

293.0 1544.0 1146.0 85.0 Accablé des malheurs où le deſtin me range

288.0 1615.0 1263.0 104.0 Ie m'en vay les pleurer, va cours, vole, & nous

436.0 1678.0 183.0 135.0 vange.

774.0 104.0 439.0 80.0 LE CID,

313.0 116.0 51.0 58.0 14
