1697 2910
342.0 1285.0 172.0 315.0 I

349.0 543.0 1161.0 233.0 ACTE II.

674.0 860.0 629.0 114.0 SCENE I.

359.0 1013.0 1153.0 112.0 D. ARIAS, LE COMTE.

696.0 1142.0 534.0 97.0 LE COMTE.

575.0 1277.0 1034.0 110.0 E l'aduoüe entre nous, quand ie luy fis

699.0 1353.0 242.0 72.0 l’affront

585.0 1421.0 1014.0 92.0 I'eus le ſang & vn peu chaud, & le bras vn

699.0 1493.0 349.0 75.0 peu prompt,

572.0 1539.0 1020.0 109.0 Mais puiſque c’en eſt fait, le coup eſt

395.0 1605.0 338.0 87.0 ſans remede.

254.0 1673.0 1311.0 102.0 Qu’aux volontez du Roy ce grand courage cede,

247.0 1741.0 1093.0 92.0 Il y prend grande part, & ſon cœur irrité

250.0 1806.0 1034.0 87.0 Agira contre vous de pleine authorité.

247.0 1867.0 1144.0 94.0 Auſſi vous n’auez point de valable defenſe,

242.0 1939.0 1192.0 88.0 Le rang de l’offenſé, la grandeur de l’offenſe,

242.0 2000.0 1127.0 92.0 Demandent des deuoirs & des ſubmiſſions

245.0 2070.0 1073.0 80.0 Qui paſſent le commun des ſatiſfactions.

621.0 2138.0 588.0 80.0 LE COMTE.

247.0 2189.0 1306.0 105.0 Qu’il prenne donc ma vie, elle est en ſa puiſſance.

725.0 2272.0 435.0 80.0 D. ARIAS.

242.0 2325.0 1297.0 100.0 Vn peu moins de tranſport, & plus d’obeyſſance,

240.0 2395.0 1291.0 97.0 D’vn Priuce qui vous ayme appaiſez le couroux,

242.0 2456.0 1001.0 121.0 Il a dit, ie le veux, deſobeyrer-vous?

718.0 109.0 415.0 99.0 LE CID,

267.0 121.0 65.0 77.0 18
