1723 2922
472.0 197.0 556.0 68.0 LE COMTE.

114.0 250.0 1323.0 95.0 Monſieur, pour conſeruer ma gloire & mon eſtime

104.0 328.0 1158.0 78.0 Deſobeïr vn peu n’eſt pas vn ſi grand crime:

99.0 392.0 1341.0 82.0 Et quelque grand qu’il fuſt, mes ſeruices preſens

95.0 457.0 1113.0 86.0 Pour le faire abolir sont plus que ſuffiſans.

550.0 528.0 415.0 66.0 D. ARIAS.

95.0 584.0 1169.0 85.0 Quoy qu’on faſſe d’illuſtre & de conſiderable,

87.0 657.0 1109.0 78.0 Iamais à ſon ſuiet vn Roy n’eſt redeuable:

92.0 723.0 1304.0 73.0 Vous vous flattez beaucoup, & vous deuez ſçauoir

92.0 779.0 1299.0 97.0 Que qui ſert bien ſon Roy ne fait que ſon deuoir:

90.0 857.0 1342.0 82.0 Vous vous perdrez, Monſieur, ſur cette confance.

487.0 917.0 478.0 71.0 LE COMTE.

85.0 988.0 1138.0 76.0 Ie ne vous en croiray qu’apres l’experience.

499.0 1051.0 417.0 73.0 D. ARIAS.

87.0 1117.0 1141.0 78.0 Vous deuez redouter la puiſſance d’vn Roy.

516.0 1183.0 475.0 78.0 LE COMTE.

85.0 1246.0 1301.0 81.0 Vn iour ſeul ne pert pas vn homme tel que moy,

90.0 1319.0 1289.0 76.0 Que toute ſa grandeur s’arme pour mon ſupplice,

85.0 1383.0 1094.0 75.0 Tout l’eſtat perira pluſtoſt que ie periſſe.

516.0 1453.0 419.0 64.0 D. ARIAS.

82.0 1504.0 1287.0 93.0 Quoy? vous craignez ſi peu le pouuoir ſouuerain?

470.0 1582.0 490.0 66.0 LE COMTE.

77.0 1641.0 1316.0 78.0 D’vn ſceptre qui ſans moy tomberoit de ſa main?

80.0 1711.0 1223.0 76.0 Il a trop d’intereſt luy-meſme en ma perſonne,

77.0 1779.0 1312.0 125.0 Et ma teſte tombant feroit choir ſa couronne.

484.0 1840.0 415.0 81.0 D. ARIAS.

77.0 1906.0 1083.0 78.0 Soufſrez que la raiſon remette vos eſprits.

77.0 1969.0 593.0 81.0 Prenez vn bon conſeil.

492.0 2038.0 475.0 75.0 LE COMTE.

660.0 2069.0 578.0 105.0 Le Conſeil en eſt pris.

538.0 2167.0 434.0 75.0 D. ARIAS.

75.0 2210.0 1250.0 110.0 Que luy diray ie enfin? ie luy dois rendre conte,

480.0 2298.0 502.0 83.0 LE COMTE.

75.0 2364.0 1209.0 80.0 Que ie ne puis du tout conſentir à ma honte,

502.0 2439.0 424.0 69.0 D. ARIAS.

85.0 2495.0 1231.0 95.0 Mais ſongez que les Roys veulent eſtre abſolus.

428.0 109.0 736.0 95.0 TRAGI-COMEDIE.

1379.0 124.0 66.0 112.0 19
