1697 2910
638.0 210.0 629.0 93.0 D. RODRIGVE.

1024.0 281.0 592.0 102.0 Parle ſans t’émouuoir,

288.0 354.0 1292.0 94.0 Ie suis ieune, il est vray: mais aux ames bien nées

288.0 424.0 1163.0 77.0 La valeur n’attend pas le nombre des années.

691.0 487.0 539.0 70.0 LE COMTE.

288.0 552.0 1180.0 73.0 Mais t’attaquer à moy! qui t’a rendu ſi vain,

291.0 618.0 1194.0 80.0 Toy qu’on n’a iamais veu les armes à la main?

645.0 686.0 600.0 68.0 D. RODRIGVE.

286.0 746.0 1296.0 80.0 Mes pareils à deux fois ne ſe font point conneſtre,

291.0 817.0 1257.0 109.0 Et pour leurs coups d'eſſay veulent des coups de

422.0 882.0 218.0 83.0 maiſtre.

631.0 945.0 556.0 71.0 LE COMTE.

288.0 984.0 646.0 107.0 Sçais-tu bien qui je ſuis?

633.0 1071.0 658.0 80.0 D. RODRIGVE.

915.0 1147.0 646.0 72.0 Ouy, tout autre que moy

288.0 1210.0 1319.0 84.0 Au ſeul bruit de ton nom pourroit trembler d’es¬

432.0 1270.0 131.0 78.0 froy,

286.0 1328.0 1250.0 88.0 Mille & mille lauriers dont ta teſte est couuerte

291.0 1404.0 1165.0 77.0 Semblent porter eſcrit le deſtin de ma perte,

279.0 1469.0 1289.0 92.0 I'attaque en temeraire vn bras touſiours vain¬

422.0 1539.0 165.0 71.0 queur,

281.0 1590.0 1229.0 97.0 Mais i’auray trop de force ayant aſſez de cœur,

286.0 1663.0 1160.0 85.0 A qui vange ſon pere il n’eſt rien impoſſible.

298.0 1733.0 1241.0 73.0 Ton bras eſt inuaincu, mais non pas inuincible.

679.0 1799.0 537.0 73.0 LE COMTE.

286.0 1859.0 1333.0 78.0 Ce grand cœur qui paroiſt au diſcours que tu tiens.

284.0 1927.0 1337.0 78.0 Par tes yeux chaque iour ſe deſcouuroit aux miens,

281.0 1995.0 1275.0 75.0 Et croyant voir en toy l’honneur de ta Caſtille,

284.0 2058.0 1131.0 76.0 Mon ame auec plaiſir te deſtinoit ma fille.

281.0 2126.0 1012.0 73.0 Ie ſçay ta passion, & ſuis rauy de voir

288.0 2194.0 1219.0 68.0 Que tous ſes mouuemens cedent à ton deuoir,

288.0 2243.0 1331.0 97.0 Qu’ils n’ont point affoibly cette ardeur magnani¬

284.0 2325.0 1119.0 73.0 Que ta haute vertu reſpond à mon eſtime,

1485.0 2328.0 131.0 65.0 [me,

281.0 2388.0 1250.0 73.0 Et que voulant pour gendre vn Caualier parfait

276.0 2451.0 1345.0 109.0 Ie ne me trompois point aux choix que i’auois fait:

284.0 2517.0 1211.0 118.0 Mais ie ſens que pour toy ma pitié s’intereſſe,

701.0 123.0 369.0 109.0 LE CID,

281.0 155.0 61.0 92.0 22
