1715 2910
257.0 841.0 80.0 136.0 A

494.0 412.0 861.0 109.0 SCENE III.

354.0 579.0 1142.0 87.0 L'INFANTE. CHIMENE.

676.0 654.0 468.0 88.0 LEONOR.

645.0 778.0 589.0 78.0 L'INFANTE.

356.0 846.0 1082.0 77.0 Ppaiſe, ma Chimene, appaiſe ta douleur:

351.0 919.0 1201.0 67.0 Fais agir ta conſtance en ce coup de mal-heur,

259.0 979.0 1130.0 71.0 Tu reuerras le calme apres ce foible orage,

266.0 1047.0 1293.0 73.0 Ton bon-heur n'eſt couuert que d’vn petit nuage,

249.0 1108.0 1119.0 82.0 Et tu n’as rien perdu pour le voir differer.

654.0 1176.0 539.0 72.0 CHIMENE.

252.0 1239.0 1186.0 75.0 Mon cœur outré d’ennuis n’oſe rien eſperer,

254.0 1309.0 1182.0 73.0 Vn orage ſi prompt qui trouble vne bonace,

252.0 1377.0 1184.0 70.0 D’vn naufrage certain nous porte la menace,

249.0 1438.0 1182.0 72.0 Ie n’en ſçaurois douter, ie peris dans le port,

254.0 1505.0 1201.0 68.0 I’aimois, i’estois aimée, & nos peres d’accord,

254.0 1576.0 1131.0 68.0 Et ie vous en contois la premiere nouuelle

252.0 1632.0 1334.0 97.0 Au malheureux moment que naiſſoit leur querelle,

252.0 1699.0 1179.0 68.0 Dont le recit fatal ſi toſt qu’on vous l’a fait,

249.0 1767.0 1017.0 66.0 D'vne ſi donce attente a ruiné l’effet.

252.0 1830.0 975.0 71.0 Maudite ambition, detestable manie,

252.0 1893.0 1193.0 78.0 Dont les plus genereux ſouffrent la tyrannie,

252.0 1964.0 1174.0 70.0 Impitoyable honneur, mortel à mes plaiſirs,

252.0 2027.0 1213.0 75.0 Que tu me vas couſter de pleurs & de ſouſpirs!

657.0 2092.0 572.0 71.0 L’INFANTE.

249.0 2153.0 1344.0 78.0 Tu n’as dans leur querelle aucun ſuiet de craindre,

257.0 2226.0 1336.0 72.0 Vn momẽt l’a fait naiſtre, vn momẽt va l’eſteindre,

245.0 2294.0 1268.0 70.0 Elle a fait trop de bruit pour ne pas s’accorder,

247.0 2352.0 1138.0 80.0 Puiſque deſià le Roy les veut accommoder,

247.0 2427.0 1181.0 68.0 Et de ma part mon ame à tes ennuis ſenſible

247.0 2485.0 1148.0 134.0 Pour en tarir la ſource, y fera l'impoſſible.

1271.0 2538.0 303.0 110.0 CHIMENE.

742.0 152.0 417.0 73.0 LE CID,

252.0 152.0 70.0 80.0 24
