1723 2922
472.0 185.0 519.0 73.0 CHIMENE.

99.0 250.0 1273.0 78.0 Les accommodements ne font rien en ce point,

102.0 321.0 1179.0 71.0 Les affronts à l’honneur ne ſe reparent point,

95.0 389.0 1186.0 73.0 En vain on fait agir la force, & la prudence,

99.0 457.0 1182.0 73.0 Si l’on guerit le mal ce n’eſt qu’en apparence,

97.0 523.0 1162.0 71.0 La haine que les cœurs conſeruent au dedans

107.0 586.0 1243.0 83.0 Nourrit des feux cachez, mais d’autant plus ar¬

216.0 657.0 144.0 80.0 dans.

445.0 703.0 583.0 88.0 L'INFANTE.

99.0 779.0 1299.0 87.0 Le ſaint nœud qui ioindra Don Rodrigue & Chi¬

221.0 852.0 164.0 75.0 mene,

104.0 908.0 985.0 83.0 Des peres ennemis diſſipera la haine,

95.0 983.0 1342.0 98.0 Et nous verront bien-toſt voſtre amour le plus fort

99.0 1044.0 1151.0 93.0 Par vn heureux Hymen eſtouffer ce diſcord.

448.0 1107.0 517.0 83.0 CHIMENE.

102.0 1171.0 1075.0 87.0 Ie le ſouhaite ainſi plus que ie ne l’eſpere,

102.0 1217.0 1345.0 110.0 Don Diegue eſt trop aItier, & ie cognoy mon pere

97.0 1305.0 1148.0 80.0 Ie ſens couler des pleurs que ie veux retenir,

107.0 1373.0 1187.0 92.0 Le paſſé me tourmente, & ie crains l’aduenir,

460.0 1441.0 600.0 76.0 L’INFANTE.

107.0 1502.0 1216.0 124.0 Que crains-tu d’ vn vieillard l’impuiſſante foi¬

226.0 1570.0 166.0 71.0 blesse?

453.0 1624.0 541.0 104.0 CHIMENE.

112.0 1680.0 606.0 104.0 Rodrigue a du courage.

433.0 1765.0 590.0 90.0 L’INFANTE.

692.0 1838.0 553.0 83.0 Il a trop de jeuneſſe.

475.0 1896.0 526.0 86.0 CHIMENE.

114.0 1952.0 1253.0 110.0 Les hommes valeureux le ſont du premier coup.

463.0 2033.0 592.0 85.0 L’INFANTE.

114.0 2089.0 1236.0 100.0 Tu ne dois pas pourtant le redouter beaucoup,

114.0 2162.0 1211.0 90.0 Il eſt trop amoureux pour te vouloir déplaire,

112.0 2225.0 1213.0 97.0 Et deux mots de ta bouche arreſtent ſa colere.

511.0 2301.0 502.0 77.0 CHIMENE.

112.0 2347.0 1296.0 112.0 S’il ne m’obeyt point, quel comble a mon ennuy!

119.0 2430.0 1072.0 82.0 Et s’il peut m’obeyr, que dira t’on de luy?

126.0 2488.0 1253.0 119.0 Souffrir vn tel affront eſtant né Gentil-homme!

1114.0 2577.0 71.0 82.0 C

399.0 109.0 736.0 85.0 TRAGI-COMEDIE.

1362.0 129.0 66.0 77.0 25
