1715 2910
650 402 616 109 SCENE V.

482 528 939 104 L’INFANTE, LEONOR,

747 625 487 100 L'INFANTE.

400 744 1120 114 Elas! que dans l'eſprit ie ſens d’inquietude!

295 754 107 148 H

409 831 1143 90 Ie Pleure ſes mal-heurs, ſon amant me rauit,

293 894 1179 92 Mon repos m’abandonne, & ma flame reuit.

298 962 1084 90 Ce, qui va ſeparer Rodrigue de Chimene

293 1025 1169 97 Auecque mon eſpoir fait renaiſtre ma peine,

286 1088 914 92 Et leur diuiſion que ie vois à regret

286 1154 1239 104 Dans mon eſprit charmé iette vn plaiſir ſecret.

773 1234 386 77 LEONOR.

288 1282 1184 100 Cette haute vertu qui regne dans voſtre ame

288 1353 1031 94 Se rend-elle ſi toſt à cette laſche flame?

751 1423 493 90 L'INFANTE.

291 1474 1319 114 Ne la nomme point laſche à preſent que chez moy

291 1552 1191 96 Pompeuſe & triomphante elle me fait la loy.

293 1615 1218 104 Porte-luy du respect puis qu’elle m’eſt si chere;

293 1678 1271 106 Ma vertu la combat, mais malgré moy i’eſpere,

291 1748 1181 92 Et d’vn ſi fol eſpoir mon cœur mal deffendu

295 1816 1162 97 Vole apres vn amant que Chimene a perdu.

771 1889 388 75 LEONOR.

298 1937 1179 102 Vous laiſſez choir ainſi ce glorieux courage,

293 2015 1160 92 Et la raiſon chez vous perd ainſi ſon viſage.

720 2085 458 75 L’INFANTE.

298 2143 1198 88 Ah! qu’auec peu d’effect on entend la raiſon,

303 2206 1361 105 Quand le cœur eſt atteint d’vn ſi charmant poison!

308 2281 997 83 Alors que le malade aime ſa maladie.

305 2340 1116 89 Il ne peut plus ſouffrir que l'on y remedie.

759 2417 458 78 LEONOR.

298 2475 1370 122 Voſtre eſpoir vous ſeduit, voſtre mal vous eſt doux,

747 99 378 109 LE CID,

298 101 58 100 28
