1723 2922
160.0 143.0 1280.0 81.0 Mais touſiours ce Rodrigue eſt indigne de vous.

592.0 209.0 468.0 78.0 L'INFANTE.

151.0 265.0 1189.0 88.0 Ie ne le ſçay que trob, mais ſi ma vertu cede,

151.0 345.0 1355.0 76.0 Appren comme l'amour flate vn cœur qu'il poſſede.

151.0 411.0 1296.0 76.0 Si Rodrigue vne fois ſort vainqueur du combat,

153.0 477.0 1182.0 73.0 Si deſſous ſa valeur ce grand guerrier s’abat,

151.0 538.0 1216.0 85.0 Ie puis en faire cas, ie puis l’aimer ſans honte,

155.0 611.0 1297.0 75.0 Que ne fera-t’il point s’il peut vaincre le Comte?

146.0 674.0 1150.0 75.0 I’ose m’imaginer qu’à ſes moindres exploits

146.0 740.0 1265.0 97.0 Les Royaumes entiers tomberont ſous ſes loix,

146.0 808.0 1043.0 68.0 Et mon amour flateur deſia me persuade

153.0 871.0 1121.0 76.0 Que ie le vois aſſis au throſne de Grenade,

151.0 937.0 1177.0 75.0 Les Mores ſubiuguez trembler en l’adorant,

151.0 1005.0 1177.0 90.0 L’Arragon receuoir ce nouueau conquerant,

153.0 1066.0 1133.0 88.0 Le Portugal ſe rendre & ſes nobles iournées

146.0 1132.0 1077.0 75.0 Porter de là les mers ſes hautes deſtinées,

146.0 1195.0 1131.0 83.0 Au milieu de l’Afrique arborer ſes lauriers!

146.0 1261.0 1184.0 90.0 Ie l’attends de Rodrigue apres cette victoire,

138.0 1329.0 1126.0 95.0 Et fais de ſon amour vn ſujet de ma gloire.

545.0 1397.0 505.0 71.0 LEONOR.

138.0 1453.0 1241.0 88.0 Mais, Madame, voyez où vous portez ſon bras

136.0 1529.0 1206.0 92.0 En ſuitte d’vn combat qui peut-eſtre n’est pas.

550.0 1597.0 476.0 75.0 L’INFANTE.

138.0 1655.0 1236.0 86.0 Rodrigue eſt offenſé, le Comte a fait l’outrage,

134.0 1723.0 1213.0 98.0 Ils ſont ſortis enſemble, en faut il d’auantage?

548.0 1799.0 480.0 68.0 LEONOR.

134.0 1845.0 1182.0 100.0 Ie veux que ce combat demeure pour certain,

138.0 1918.0 1346.0 103.0 Voſtre esprit va-t’il point bien viſte pour ſa main?

555.0 1991.0 490.0 71.0 L'INFANTE.

136.0 2052.0 1275.0 88.0 Que veux-tu? ie suis folle, & mon eſprit s’égare,

134.0 2123.0 1313.0 95.0 Mais c’eſt le moindre mal que l’amour me repare,

131.0 2184.0 1177.0 85.0 Vien dans mon cabinet conſoler mes ennuis,

138.0 2257.0 1224.0 109.0 Et ne me quitte point dans le trouble où ie ſuis.

1094.0 2500.0 124.0 100.0 C iij

409.0 68.0 865.0 80.0 TRAGI-COMEDIE.

1411.0 90.0 68.0 90.0 29
