1715 2910
225.0 887.0 87.0 143.0 L

555.0 388.0 713.0 116.0 SCENE VI.

266.0 526.0 1259.0 121.0 LE ROY, D. ARIAS, D. SANCHE,

662.0 613.0 492.0 87.0 D. ALONSE.

735.0 734.0 400.0 92.0 LE ROY.

310.0 870.0 1213.0 112.0 E Comte eſt donc ſi vain & ſi peu raiſonnable!

327.0 955.0 1181.0 97.0 Oſe-t’il croire encor ſon crime pardonnable?

705.0 1023.0 405.0 77.0 D. ARIAS.

218.0 1079.0 1169.0 94.0 Ie l’ay de voſtre part long-temps entretenu,

215.0 1159.0 1293.0 80.0 I'ay fait mon pouuoir, Sire, & n’ay rien obtenu.

720.0 1222.0 393.0 80.0 LE ROY.

215.0 1270.0 1167.0 102.0 Iuſtes Cieux ! Ainſi donc vn ſuiet temeraire

220.0 1348.0 1138.0 90.0 A ſi peu de reſpect, & de ſoin de me plaire!

218.0 1411.0 1174.0 94.0 Il offence Don Diegue, & meſpriſe ſon Roy!

223.0 1484.0 1128.0 80.0 Au milieu de ma Cour il me donne la loy!

225.0 1552.0 1266.0 89.0 Qu’il ſoit braue guerrier, qu’il ſoit grand Capi¬

363.0 1619.0 160.0 71.0 taine.

220.0 1658.0 1254.0 107.0 Ie Iuy rabattray bien cette humeur ſi hautaine,

223.0 1741.0 1283.0 99.0 Fuſt il la valeur meſme, & le Dieu des combats,

220.0 1811.0 1046.0 85.0 Il verra ce que c’eſt que de n’obeïr pas.

220.0 1874.0 1364.0 97.0 Ie ſçay trop comme il faut dompter cette inſolence.

220.0 1947.0 1140.0 73.0 Ie l’ay voulu d’abord traiter sans violence,

223.0 2003.0 1225.0 97.0 Mais puis qu’il en abuſe allez dés auiourd’huy,

228.0 2073.0 1208.0 97.0 Soit qu’il reſiſte ou non, vous aiſſeurer de luy.

637.0 2146.0 512.0 80.0 D. SANCHE.

223.0 2204.0 1307.0 109.0 Peut-eſtre vn peu de temps le rendroit moins re¬

359.0 2272.0 140.0 68.0 belle,

232.0 2330.0 1267.0 99.0 On l’a pris tout boüillant encor de ſa querelle,

228.0 2403.0 1227.0 89.0 Sire, dans la chaleur d’vn premier mouuement

235.0 2468.0 1123.0 121.0 Vn cœur ſi genereux ſe rend malaiſément;

693.0 82.0 381.0 97.0 LE CID,

240.0 87.0 72.0 90.0 30
