1723 2922
97 170 1289 78 On voit bien qu’on a tort, mais vne ame ſi haute.

90 241 1104 85 N'eſt pas ſi toſt reduite à confeſſer ſa faute.

567 301 361 83 LE ROY.

87 374 1107 71 Don Sanche, taiſez-vous, & ſoyez aduerty

97 438 1128 83 Qu’on ſe rend criminel à prendre ſon party.

484 508 524 66 D. SANCHE.

87 562 1194 112 I'obeys, & me tais, mais de grace encor, Sire,

92 637 653 78 Deux mots en ſa defenſe.

543 698 378 78 LE ROY.

755 730 668 114 Et que pouuez-vous dire.

502 830 506 78 D. SANCHE.

97 888 1184 88 Qu'vne ame accouſtumée aux grandes actions

92 964 943 78 Ne ſe peut abaiſſer à des submissions.

97 1030 1284 99 Elle n'en conçoit point qui s’explique ſans honte,

95 1098 1116 73 Et c’eſt contre ce mot qu’a reſiſté le Comte,

99 1161 1234 80 Il trouue en ſon deuoir vn peu trop de rigueur,

97 1229 1082 76 Et vous obeiroit s’il auoit moins dé cœur.

102 1290 1350 78 Commandez que ſon bras nourry dans les alarmes

102 1356 1087 90 Repare cette iniure à la pointe des armes,

102 1424 1048 78 Il ſatisfaira, Sire, & vienne qui voudra,

102 1495 1238 78 Attendant qu’il l’ait ſceu, voicy qui reſpondra.

589 1558 346 83 LE ROY.

104 1619 1292 80 Vous perdez le respect mais ie pardonne à l’aage,

97 1685 1072 90 Et i’eſtime l’ardeur en vn ieune courage,

107 1760 1240 73 Vn Roy, dont la prudence a de meilleurs objets

102 1818 1109 88 Eſt meilleur ménager du ſang de ſes ſujets,

107 1889 1352 73 Ie veille pour les miens, mes ſoucis les conſeruent,

107 1955 1308 105 Comme le chef a ſoin des membres, qui le ſeruent.

104 2021 1192 95 Ainſi voſtre raiſon, n’eſt pas raiſon pour moy;

114 2089 1109 73 Vous parlez en ſoldat, ie dois agir en Roy,

102 2137 1367 98 Et quoy qu’il faille dire & quoy qu’il vueille croire,

104 2215 1177 86 Le Comte à m’obeyr ne peut perdre ſa gloire.

102 2279 1367 82 D’ailleurs l’affront me touche, il a perdu d’honneur

104 2342 1233 95 Celuy que de mon fils i’ay fait le Gouuerneur,

109 2417 1192 78 Et par ce trait hardy d’vne inſolence extréme

126 2473 1353 115 Il s'eſt pris à mon choix, il s’eſt pris à moy-meſme.

1055 2551 141 88 C iiij

319 65 860 112 TRAGI-COMEDIE.

1376 94 64 122 31
