1715 2910
337.0 155.0 1149.0 94.0 C’eſt moy qu’il ſatisfait en reparant ce tort.

325.0 220.0 1305.0 104.0 N'en parlons plus. Au reſte on nous menace fort,

329.0 293.0 1075.0 92.0 Sur vn aduis receu ie crains vne ſurpriſe.

785.0 361.0 437.0 70.0 D. ARIAS.

332.0 414.0 1329.0 102.0 Les Mores contre vous font-ils quelque entrepriſe?

325.0 487.0 1159.0 82.0 S’oſent-ils preparer à des efforts nouueaux?

839.0 552.0 342.0 88.0 LE ROY.

325.0 613.0 1271.0 95.0 Vers la bouche du fleuue on a veu leurs vaiſſeaux,

320.0 688.0 1249.0 92.0 Et vous n’ignorez-pas, qu’auec fort peu de peine

322.0 756.0 1138.0 73.0 Vn flux de pleine mer iuſqu’icy les ameine.

773.0 819.0 483.0 73.0 D. ARIAS.

317.0 880.0 1196.0 82.0 Tant de combats perdus leur ont oſté le cœur

315.0 948.0 1222.0 97.0 D’attaquer deſormais vn ſi puiſant vainqueur.

812.0 1018.0 386.0 78.0 LE ROY.

312.0 1074.0 1250.0 85.0 N’importe ils ne ſçauroient qu’auecque ialouſie

320.0 1144.0 1293.0 90.0 Voir mon ſceptre auiourd’huy regir l’Andalouſie,

308.0 1217.0 1089.0 70.0 Et ce pays ſi beau que i'ay conquis ſur eux

315.0 1273.0 1264.0 97.0 Réueille à tous momens leurs deſſeins genereux:

308.0 1343.0 1210.0 87.0 C’eſt l’vnique raiſon qui m’a fait dans Seuille

305.0 1406.0 1097.0 80.0 Placer depuis dix ans le troſne de Caſtille,

305.0 1469.0 1160.0 95.0 Pour les voir de plus pres, & d’vn ordre plus

439.0 1544.0 201.0 73.0 prompt

298.0 1598.0 1201.0 99.0 Renuerſer auſſi-toſt ce qu’ils entreprendront.

730.0 1675.0 461.0 78.0 D. ARIAS.

298.0 1738.0 1312.0 80.0 Sire, ils ont trop appris aux deſpens de leurs teſtes

298.0 1799.0 1276.0 92.0 Combien voſtre preſence aſſeure vos conqueſtes,

295.0 1864.0 748.0 92.0 Vous n’auez tien à craindre,

810.0 1935.0 354.0 87.0 LE ROY.

1045.0 2005.0 475.0 107.0 Et rien à negliger,

286.0 2046.0 975.0 102.0 Le trop de confiance attire le danger,

283.0 2134.0 1267.0 77.0 Et le meſme ennemy que l’on vient de deſtruire,

286.0 2194.0 1278.0 95.0 S’il ſçait prendre ſon temps eſt capable de nuire.

286.0 2262.0 1244.0 87.0 Toutefois i’aurois tort de ietter dans les cœurs,

281.0 2330.0 1191.0 90.0 L’auis eſtant mal ſeur, de Paniques terreurs,

278.0 2395.0 1150.0 80.0 L’effroy que produiroit cette alarme inutile

298.0 2454.0 1336.0 116.0 Dans la nuict qui ſuruient troubleroit trop la ville:

737.0 84.0 390.0 88.0 LE CID,

329.0 94.0 59.0 75.0 32
