1723 2922
104.0 172.0 1363.0 108.0 Puis qu’on fait bonne garde aux murs & ſur le port

102.0 262.0 514.0 91.0 Il ſuffit pour ce ſoir.

467.0 309.0 593.0 92.0 D. ALONSE.

772.0 392.0 639.0 68.0 Sire, le Comte eſt mort,

107.0 457.0 1157.0 81.0 Don Diegue par ſon fils a vangé ſon offenſe.

543.0 528.0 439.0 66.0 LE ROY.

112.0 586.0 1355.0 149.0 Dès que i'ay ſeu l'affront i'ay preueu la vangeance,

109.0 662.0 1153.0 70.0 Et i’ay voulu dés-lors preuenir ce mal-heur.

497.0 728.0 585.0 65.0 D. ALONSE.

119.0 791.0 1126.0 70.0 Chimene à vos genoux apporte ſa douleur.

116.0 859.0 1265.0 73.0 Elle vient toute en pleurs vous demander iuſtice.

531.0 925.0 412.0 68.0 LE ROY.

119.0 981.0 1160.0 85.0 Bien qu’à ſes deplaiſirs mon ame compatiſſe,

124.0 1054.0 1128.0 75.0 Ce que le Comte a fait ſemble auoir merité

126.0 1115.0 914.0 75.0 Ce iuſte chaſtiment de ſa temerité.

134.0 1183.0 1245.0 78.0 Quelque iuſte pourtant que puiſſe eſtre ſa peine,

126.0 1254.0 1216.0 94.0 Ie ne puis ſans regret perdre vn tel Capitaine,

131.0 1319.0 1068.0 68.0 Apres vn long ſeruice à mon Eſtat rendu,

134.0 1373.0 1177.0 92.0 Apres ſon ſang pour moy mille fois répandu,

136.0 1446.0 1272.0 109.0 A quelques ſentimens que ſon orgueil m’oblige,

131.0 1517.0 1141.0 182.0 Sa perte m'affoiblit, & ſon trépas m'afflige.

367.0 104.0 900.0 95.0 TRAGI-COMEDIE.

1406.0 143.0 63.0 59.0 33
