1681 2922
423.0 236.0 563.0 82.0 D. DIEGVE.

640.0 306.0 495.0 110.0 Il a vangé le ſien.

445.0 360.0 512.0 88.0 CHIMENE.

65.0 416.0 1157.0 107.0 Au ſang de ſes subjet vn Roy doit la iuſtice.

499.0 506.0 519.0 75.0 D. DIEGVE.

70.0 560.0 1187.0 99.0 Vne vangeance iuſte eſt ſans peur de ſupplice.

496.0 635.0 359.0 73.0 LE ROY

65.0 689.0 1128.0 95.0 Leuez vous l’vn & l’autre, & parlez à loiſir.

65.0 762.0 1087.0 87.0 Chimene, ie prends à part voſtre deplaiſir,

63.0 825.0 1181.0 90.0 D’vne égale douleur ie ſens mon ame atteinte,

65.0 891.0 1221.0 100.0 Vous parlerez apres, ne troublez pas ſa plainte.

499.0 964.0 407.0 73.0 CHIMENE.

63.0 1020.0 1196.0 102.0 Sire, mon pere eſt mort, vos veux ont veu ſon

177.0 1090.0 115.0 76.0 ſang

63.0 1146.0 1196.0 100.0 Couler à gros boüillons de ſon genereux flanc,

65.0 1217.0 1226.0 100.0 Ce ſang qui tant de fois garantit vos murailles,

65.0 1295.0 1218.0 83.0 Ce ſang qui tant de fois vous gaigna des batail¬

168.0 1358.0 104.0 64.0 les,

63.0 1419.0 1177.0 85.0 Ce ſang qui tout ſorty fume encor de couroux

58.0 1478.0 1260.0 102.0 De ſe voir répandu pour d autres que pour vous,

77.0 1548.0 1245.0 93.0 Qu'au milieu des hazards n'oſoit verſer la guerre,

63.0 1614.0 1189.0 92.0 Rodrigue en voſtre Cour vient d’en couurir la

190.0 1685.0 146.0 63.0 terre.

56.0 1733.0 1169.0 107.0 Et pour ſon coup d’eſſay ſon indigne attentat

58.0 1806.0 1060.0 98.0 D'vn ſi ferme ſouſtien a priué voſtre Eſtat,

58.0 1867.0 1123.0 98.0 De vos meilleurs ſoldats a batu l’aſſeurance,

53.0 1940.0 950.0 90.0 Et de vos ennemis releué l’eſperance.

60.0 1999.0 1165.0 104.0 J’arriuay sur le lieu ſans force & ſans couleur,

63.0 2074.0 1096.0 93.0 Ie le trouuay ſans vie. Excuſez ma douleur,

56.0 2135.0 1052.0 97.0 Sire la voix me manque à ce recit funeſte,

58.0 2196.0 1189.0 117.0 Mes pleurs & mes ſoûpirs vous diront mieux le

155.0 2266.0 132.0 76.0 reſte.

467.0 2342.0 373.0 83.0 LE ROY.

53.0 2371.0 1233.0 134.0 Pren courage, ma fille, & ſçache qu’auiourd’huy

53.0 2469.0 1145.0 136.0 Ton Roy te veut ſeruir de pere au lieu de luy.

314.0 158.0 857.0 100.0 TRAGI-COMEDIE.

1322.0 192.0 71.0 88.0 35
