1715 2910
720.0 186.0 514.0 71.0 CHIMENE.

310.0 232.0 1179.0 95.0 Sire de trop d’honneur ma miſere eſt ſuiuie.

303.0 315.0 1288.0 77.0 I'arriuay donc ſans force, & le trouuay ſans vie,

312.0 385.0 1335.0 78.0 Il ne me parla point, mais pour mieux m’émou¬

443.0 460.0 136.0 58.0 uoir.

315.0 511.0 1244.0 95.0 Son ſang ſur la pouſſiere eſcriuoit mon deuoir,

325.0 582.0 1067.0 70.0 Ou pluſtoſt ſa valeur en cét eſtat reduite

315.0 642.0 1295.0 83.0 Me parloit par ſa playe, & haſtoit ma pourſuite,

310.0 717.0 1257.0 66.0 Et pour ſe faire entendre au plus iuſte des Roys

312.0 778.0 1288.0 73.0 Par cette triſte bouche elle empruntoit ma voix.

320.0 839.0 1186.0 77.0 Sire, ne souffrez pas que ſous voſtre puiſſance

317.0 909.0 1089.0 73.0 Regne deuant vos yeux vne telle licence,

325.0 972.0 982.0 78.0 Que les plus valeureux auec impunité

317.0 1037.0 1080.0 76.0 Soient expoſez aux coups de la temerité,

327.0 1088.0 1261.0 95.0 Qu’vn ieune audacieux triomphe de leur gloire,

320.0 1173.0 1273.0 68.0 Se baigne dans leur ſang, & braue leur memoire

327.0 1236.0 1286.0 75.0 Vn ſi vaillant guerrier qu’on vient de vous rauir

317.0 1302.0 1286.0 75.0 Eſteint, s’il n’eſt vangé, l'ardeur de vous ſeruir.

317.0 1367.0 1339.0 73.0 Enfin mon pere eſt mort, i’en demande vangeance,

320.0 1433.0 1339.0 80.0 PIus pour voſtre intereſt que pour mon allegeance.

325.0 1503.0 1329.0 70.0 Vous perdrez en la mort d’vn homme de ſon rang,

320.0 1566.0 1225.0 102.0 Vangez-la par vn autre & le ſang par le ſang,

320.0 1632.0 1094.0 72.0 Sacrifiez Don Diegue & toute ſa famille,

320.0 1699.0 1154.0 73.0 A vous, à voſtre peuple, à toute la Caſtille,

320.0 1762.0 1317.0 73.0 Le Soleil qui voit tour ne voit rien ſous les Cieux

322.0 1828.0 1104.0 82.0 Qui vous puiſſe payer vn ſang ſi precieux.

832.0 1893.0 397.0 102.0 LE ROY.

327.0 1956.0 633.0 93.0 Don Diegue, reſpondez

749.0 2005.0 548.0 95.0 D. DIEGVE.

907.0 2080.0 616.0 95.0 Qu’on eſt digne d’enuie

334.0 2150.0 1063.0 81.0 Quand auec la force on perd auſſi la vie,

320.0 2204.0 1288.0 97.0 Sire, & que l’aage apporte aux hommes genereux

329.0 2291.0 1075.0 75.0 Auec ſa foibleſſe vn deſtin malheureux!

339.0 2344.0 1242.0 102.0 Moy donc les longs trauaux ont acquis tant de

468.0 2422.0 179.0 78.0 gloire,

332.0 2480.0 1121.0 141.0 Moy que iadis par tout a suiui la victoire,

1533.0 2497.0 138.0 165.0 Ie me

785.0 99.0 393.0 95.0 LE CID,

300.0 128.0 73.0 90.0 36
