1681 2922
41.0 197.0 1130.0 78.0 Ie me vois auiourd’huy pour auoir trop vécu

41.0 258.0 1067.0 87.0 Receuoir vn affront, & de meurer vaincu.

36.0 321.0 1206.0 88.0 Ce que n'a pû iamais combat, ſiege, ambuscade,

43.0 399.0 1094.0 75.0 Ce que n’a pû iamais Arragon, ny Grenade,

48.0 469.0 1109.0 69.0 Ny tous mes ennemis, ny tous mes enuieux,

43.0 518.0 1228.0 95.0 L’orgueil dans voſtre Cour l’a fait presque à vos

153.0 611.0 124.0 56.0 yeux.

43.0 645.0 1250.0 92.0 Et foüillé ſans reſpect l'honneur de ma vieilleſſe,

48.0 723.0 1087.0 80.0 Auantagé de l’aage & fort de ma foibleſſe.

43.0 793.0 1209.0 71.0 Sire, ainſi ces cheueux blanchis sous le harnois,

46.0 859.0 1208.0 76.0 Ce ſang pour vous ſeruir prodigué tant de fois,

48.0 927.0 1114.0 68.0 Ce bras iadis l’effroy d’vne armée ennemie,

46.0 954.0 1323.0 114.0 Deſcendoient au tombeau tous chargez d'infamie;

48.0 1056.0 1072.0 73.0 Si ie n’euſſe produit vn fils digne de moy,

56.0 1120.0 1028.0 78.0 Digne de ſon pays,& digne de ſon Roy.

51.0 1188.0 1006.0 73.0 Il m’a preſté sa main, il a tué le Comte,

51.0 1249.0 1130.0 78.0 Il m’a rendu l’honneur, il a laué ma honte.

53.0 1322.0 1118.0 70.0 Si monſtrer du courage & du reſſentiment.

51.0 1387.0 1108.0 71.0 Si vanger vn souflet merite vn chastiment,

56.0 1439.0 1249.0 90.0 Sur moy seul doit tomber l'eſclat de la tempeſte:

60.0 1517.0 1116.0 80.0 Quand le bras a failly l’on en punit la teſte;

60.0 1582.0 1014.0 78.0 Du crime glorieux qui cauſe nos debats,

60.0 1650.0 1082.0 71.0 Sire, i’en suis la teſte, il n’en eſt que le bras,

56.0 1716.0 1052.0 71.0 Si Chimene ſe plaint qu’il a tué ſon pere,

60.0 1779.0 1111.0 76.0 Il ne l’euſt iamais fait, ſi ie l’euſſe peu faire.

63.0 1848.0 1191.0 70.0 Immolez donc ce chef que les ans vont rauir,

60.0 1913.0 1187.0 73.0 Et conſeruez pour vous le bras qui peut ſeruir,

65.0 1977.0 1199.0 78.0 Aux deſpens de mon ſang ſatisfaites Chimene,

63.0 2042.0 1072.0 83.0 Ie n’y reſiſte point, ie conſens à ma peine,

65.0 2111.0 1028.0 73.0 Et loin de murmurer d’vn iniuſte decret

68.0 2172.0 1325.0 75.0 Mourant ſans deshonneur ie mourray ſans regret.

472.0 2240.0 436.0 78.0 LE ROY.

68.0 2301.0 1137.0 80.0 L’affaire eſt d’importance, & bien conſiderée

68.0 2374.0 1040.0 70.0 Merite en plein conſeil d’eſtre deliberée.

73.0 2439.0 1174.0 69.0 Don Sanche remettez Chimene en ſa maison,

73.0 2500.0 1262.0 132.0 Don Diegue aura ma Cour & ſa foy pour prison,

1042.0 2583.0 51.0 58.0 D

321.0 114.0 746.0 92.0 TRAGI-COMEDIE.

1280.0 126.0 81.0 98.0 37
