1681 2922
60.0 1239.0 83.0 139.0 R

109.0 528.0 1206.0 175.0 ACTE III.

433.0 861.0 619.0 105.0 SCENE I.

141.0 1003.0 1174.0 119.0 D. RODRIGVE. ELVIRE.

479.0 1129.0 437.0 76.0 ELVIRE.

151.0 1198.0 1249.0 124.0 Odrigue, qu'as-tu fait ? où viens-tu miſerable?

333.0 1307.0 760.0 71.0 D. RODRIGVE.

63.0 1373.0 1152.0 83.0 Suiure le triſte cours de mon ſort déplorable.

487.0 1441.0 426.0 73.0 ELVIRE.

65.0 1504.0 1175.0 83.0 Où prens-tu cette audace & ce nouuel orgueil

60.0 1548.0 1258.0 100.0 De paroiſtre en des lieux que tu remplis de dueil?

41.0 1638.0 1340.0 76.0 Quoy viens-tu iusqu’icy brauer l’ombre du Comte?

58.0 1711.0 473.0 78.0 Ne l'as-tu pas tué?

384.0 1750.0 622.0 95.0 D. RODRIGVE.

674.0 1835.0 617.0 81.0 Sa vie eſtoit ma honte,

60.0 1899.0 1165.0 85.0 Mon honneur de ma main a voulu cét effort.

475.0 1972.0 419.0 70.0 ELVIRE.

60.0 2028.0 1226.0 109.0 Mais chercher ton azile en la maiſon du mort!

58.0 2094.0 1045.0 92.0 Iamais vn meurtrier en fit-il son refuge?

365.0 2172.0 697.0 65.0 D. RODRIGVE.

63.0 2228.0 1103.0 80.0 lamais vn meurtrier s’offrit-il à son Iuge?

65.0 2296.0 1031.0 80.0 Ne me regarde plus d’vn viſage eſtonné,

63.0 2364.0 1055.0 75.0 Ie cherche le treſpas apres l’auoir donné,

63.0 2420.0 1330.0 122.0 Mon Iuge eſt mon amour, mõ Iuge eſt ma Chimene,

53.0 2491.0 972.0 112.0 Ie merite la mort de meriter ſa haine,

967.0 2561.0 134.0 85.0 D ij

248.0 97.0 870.0 85.0 TRAGI-COMEDIE.

1310.0 121.0 76.0 88.0 39
