1715 2910
308 191 1271 92 Et i'en viens receuoir comme vn bien ſouuerain,

305 261 1198 76 Et l’arreſt de ſa bouche, & le coup de ſa main.

749 322 439 70 ELVIRE.

305 385 1152 90 Fuy pluſtoſt de ſes yeux, fuy de ſa violence,

300 460 1213 78 A ſes premiers tranſports deſrobe ta preſence:

308 526 1271 85 Va, ne t’expoſe point aux premiers mouuemens

308 591 1096 80 Que pouſſera l’ardeur de ſes reſſentimens.

647 652 667 70 D. RODRIGVE.

303 717 1183 83 Non, non, ce cher objet à qui i'ay pû déplaire

298 792 1276 73 Ne peut pour mon ſupplice auoir trop de colere,

300 858 1228 65 Et d’vn heur ſans pareil ie me verray combler

300 916 1160 80 Si pour mourir pluſtoſt ie la puis redoubler.

742 986 446 71 ELVLRE.

300 1045 1216 80 Chimene est au Palais de pleurs toute baignée,

300 1115 1252 92 Et n’en reuiendra point que bien accompagnée;

308 1183 1111 78 Rodrigue, fuy de grace, oſte moy de ſoucy,

305 1250 1094 71 Que ne dira-t'on point ſi l’on te voit icy?

308 1311 1193 76 Veux-tu qu’vn médiſant l’accuſe en ſa miſere

303 1374 1169 81 D’auoir receu chez ſoy l’aſſaſſin de ſon pere,

303 1447 965 71 Elle va reuenir, elle vient, ie la voy.

303 1513 1300 94 Du moins pour ſon honneur, Rodrigue cache toy.

819 118 422 80 LE CID.

300 113 80 88 40
