1681 2922
92 243 1050 85 Ma paſſion s’oppoſe à mon reſſentimeut,

87 318 1150 76 Dedans mon ennemy ie trouue mon amant.

87 384 1040 71 Et ie ſens qu’en dépit de toute ma colere

90 450 1325 71 Rodrigue dans mon cœur combat encor mon pere,

90 513 1076 73 Il l’attaque, il le preſſe, il cede, il ſe defend,

82 581 1326 71 Tantoſt fort, tantoſt foible, & tantoſt triomphant:

87 645 1160 68 Mais en ce dur combat de colere & de flame,

87 715 1150 71 Il déchire mon cœur ſans partager mon ame,

85 776 1252 90 Et quoy que mon amour ait sur moy du pouuoir

87 849 1172 66 Ie ne conſulte point pourſuiure mon deuoir,

90 913 1288 68 Ie cours ſans balancer où mon honneur m’oblige;

87 974 1231 75 Rodrigue m’eſt bien cher, ſon intereſt m’afflige,

87 1039 1323 76 Mon cœur prend son party, mais contre leur effort

90 1110 1257 73 Ie ſçay que ie ſuis fille, & que mon pere eſt mort.

511 1171 409 75 ELVIRE.

85 1234 692 80 Penſez-vous le pourſuiure?

504 1305 414 78 CHIMENE.

747 1368 527 90 Au! cruelle penſée,

82 1422 1072 92 Et cruelle pourſuite où ie me vois forcée!

85 1499 1089 81 Ie demande ſa teſte, & crains de l'obtenir,

90 1565 1142 95 Ma mort ſuiura la ſienne, & ie le veux punir.

516 1633 424 78 ELVIRE.

85 1692 1240 102 Quittez,quittez Madame, vn deſſein ſi tragique,

82 1772 1150 73 Ne vous impoſez point de loy ſi tyrannique.

467 1833 509 76 CHIMENE.

85 1857 1320 122 Quoy ? i'auray veu mon pere entre mes bras,

77 1967 1228 75 Son ſang criera vengeance & ie ne l’auray pas!

82 2033 1323 117 Mon cœur honteuſement ſurpris par d’autres char¬

202 2098 95 61 mes

80 2157 1257 85 Croira ne luy deuoir que d’impuiſſantes larmes!

77 2228 1192 73 Et ie pourray ſouffrir qu’vn amour ſuborneur

80 2291 1150 92 Dans vn laſche ſilence étouffe mon honneur!

538 2364 385 71 ELVIRE.

75 2417 1104 88 Madame, croyez-moy, vous ſerez excuſable

80 2478 1313 105 De conſeruer pour vous vn homme incomparable,

90 2554 1013 107 Vn amant ſi cheri; vous auez aſſez fait,

967 2624 185 103 D. iiij

319 165 865 88 TRAGI-COMEDIE.

1344 158 59 124 43
