1715 2910
684.0 157.0 628.0 97.0 D. RODRIGVE.

276.0 196.0 374.0 138.0 Ma Chimene.

693.0 274.0 512.0 101.0 CHIMENE.

897.0 366.0 679.0 133.0 Oſte moy cét obiet odieux

266.0 417.0 1194.0 99.0 Qui reproche ton crime & ta vie à mes yeux.

608.0 497.0 650.0 77.0 D. RODRIGVE.

269.0 543.0 1108.0 106.0 Regarde-le pluſtoſt pour exciter ta haine,

271.0 618.0 1262.0 107.0 Pour croiſtre ta colere, & pour haſter ma peine.

671.0 691.0 517.0 89.0 CHIMENE.

257.0 739.0 647.0 97.0 Il eſt teint de mon ſang.

567.0 822.0 653.0 89.0 D. RODRIGVE.

912.0 897.0 638.0 97.0 Plonge-le dans le mien,

259.0 940.0 1123.0 112.0 Et fay luy perdre ainſi la teinture du tien.

659.0 1023.0 536.0 85.0 CHIMENE.

257.0 1074.0 1106.0 104.0 Ah quelle cruauté, qui tout en vn iour tuë

252.0 1144.0 982.0 102.0 Le pere par le fer, la fille par la veuë!

259.0 1210.0 1075.0 104.0 Oſte moy cét obiet, ie ne le puis ſouffrir,

254.0 1287.0 1179.0 90.0 Tu veux que ie t’écoute & tu me fais mourir.

620.0 1358.0 617.0 87.0 D. RODRIGVE,

247.0 1408.0 1232.0 102.0 Ie fay ce que tu veux, mais ſans quitter l'enuie

242.0 1476.0 1128.0 107.0 De finir par tes mains ma déplorable vie;

242.0 1549.0 1128.0 97.0 Car en fin n'attends pas de mon affection

245.0 1615.0 1043.0 92.0 Vn laſche repentir d’vne bonne action;

237.0 1685.0 1160.0 90.0 De la main de ton pere vn coup irreparable

235.0 1743.0 1188.0 104.0 Deshonoroit du mien la vieilleſſe honorable,

237.0 1813.0 1349.0 105.0 Tu ſçais comme vn ſoufflet touche vn homme de

371.0 1893.0 174.0 66.0 cœur;

232.0 1937.0 1296.0 107.0 I'auois part à l’affront, i’en ay cherché l’autheur,

235.0 2024.0 1310.0 112.0 Ie l'ay veu, l’ay vengé mon honneur & mon pere,

232.0 2085.0 971.0 85.0 Ie le ferois encor, ſi j’auois à le faire.

232.0 2150.0 1269.0 88.0 Ce n’est pas qu’en effet contre mon pere & moy

228.0 2216.0 1353.0 95.0 Ma flame aſſez long-tẽps n’ait combatu pour toy,

230.0 2284.0 1147.0 82.0 Iuge de ſon pouuoir dans vne telle offenſe

228.0 2349.0 1324.0 88.0 I’ay pû douter encor ſi i’en prendrois vengeance,

230.0 2412.0 1155.0 93.0 Reduit à te déplaire, ou ſouffrir vn affront,

228.0 2485.0 1346.0 146.0 I’ay retenu ma main, i'ay creu mon bras trop prõpt,

698.0 89.0 405.0 88.0 LE CID,

252.0 92.0 77.0 97.0 46
