1681 2922
90.0 209.0 996.0 83.0 Ie me suis accuſé de trop de violence:

87.0 250.0 1194.0 107.0 Et ta beauté ſans doute emportoit la balance,

87.0 353.0 1097.0 68.0 Si ie n’euſſe opposé contre tous tes appas,

90.0 413.0 1264.0 76.0 Qu’vn homme ſans honneur ne te meritoit pas,

85.0 477.0 1354.0 85.0 Qu’apres m'auoir chery quãd ie viuois ſans blaſme

92.0 557.0 1099.0 66.0 Qui m’ayma genereux, me haïroit infame,

90.0 616.0 1008.0 70.0 Qu'écouter ton amour, obeïr à ſa voix,

85.0 679.0 1347.0 73.0 C’eſtoit m’en rendre indigne & diffamer ton choix.

85.0 749.0 1142.0 74.0 Ie te le dis encore, & veux, tant que i’expire,

87.0 813.0 1011.0 70.0 Sans ceſſe le penſer, & sans ceſſe le dire,

87.0 874.0 1221.0 85.0 Ie t’ay fait vne offence, & i’ay deu m’y porter,

82.0 949.0 1089.0 68.0 Pour effacer ma honte & pour te meriter,

1279.0 937.0 155.0 80.0 [pere,

87.0 1012.0 1347.0 76.0 Mais quitte enuers l’honneur, & quitte enuers mon

87.0 1076.0 1199.0 80.0 C’eſt maintenant à toy que ie viens ſatisfaire

90.0 1146.0 1347.0 71.0 C’eſt pour t’offrir mõ ſang qu’en ce lieu tu me vois,

97.0 1215.0 1182.0 73.0 l’ay fait ce que i’ay deu, ie fais ce que ie dois.

85.0 1280.0 1345.0 142.0 Ie ſçay qu'vn pere mort t'arme contre mon crime,

87.0 1344.0 1026.0 75.0 Ie ne t'ay pas voulu dérober ta victime,

87.0 1414.0 1135.0 71.0 Immole auec courage au ſang qu’il a perdu

92.0 1478.0 1092.0 75.0 Celuy qui met ſa gloire à l’auoir répandu.

477.0 1546.0 534.0 70.0 CHIMENE.

87.0 1604.0 1296.0 112.0 Ah Rodrigue ! il eſt vray, quoy que ton ennemie

85.0 1680.0 1125.0 70.0 Ie ne te puis blaſmer d’auoir fuy l'infamie,

85.0 1743.0 1208.0 80.0 Et de quelque façon qu’éclatent mes douleurs,

85.0 1814.0 1155.0 68.0 Ie ne t’accuſe point, ie pleure mes malheurs.

87.0 1877.0 1160.0 78.0 Ie ſçay ce que l’honneur apres vn tel outrage

85.0 1943.0 1206.0 73.0 Demandoit à l’ardeur d’vn geneteux courage,

90.0 2006.0 1252.0 97.0 Tu n’as fait le deuoir que d’vn nomme de bien,

85.0 2074.0 1162.0 76.0 Mais auſſi le faiſant tu m’as appris le mien.

87.0 2135.0 1109.0 83.0 Ta funeſte valeur m’inſtuit par ta victoire;

85.0 2210.0 1130.0 69.0 Elle a vangé ton pere & ſouſtenu ta gloire,

85.0 2262.0 1218.0 102.0 Meſme ſoin me regarde, & i’ay pour m'affliger,

82.0 2340.0 1167.0 75.0 Ma gloire à ſouſtenir, & mon pere à vanger.

87.0 2396.0 972.0 97.0 Helas! ton interest icy me deſeſpere,

85.0 2461.0 1289.0 105.0 Si quelque autre malheur m’auoit rauy mon pere,

82.0 2534.0 1243.0 129.0 Mon ame auroit trouué dans le bien te voir

285.0 133.0 906.0 86.0 TRAGI-COMEDIE.

1352.0 131.0 82.0 105.0 47
