1733 2910
308 196 1216 92 L’vnique allegement qu’elle euſt peu receuoir.

305 271 1289 85 Et contre ma douleur i’aurois ſenty des charmes

308 334 1279 92 Quand vne main si chere euſt eſſuyé mes larmes;

308 397 1199 87 Mais il me faut te perdre apres l’auoir perdu,

293 468 1245 82 Et pour mieux tourmenter mon eſprit éperdu,

305 533 1187 78 Auec tant de rigueur mon aſtre me domine,

308 591 1284 100 Qu’il me faut trauailler moy-meſme à ta ruyne;

298 666 1090 85 Car enfin n’attends pas de mon affection

300 729 1061 80 De laſches ſentimens pour ta punition:

298 800 1330 75 Dequoy qu’en ta faueur noſtre amour m’entretien¬

300 860 1083 85 Ma generoſité doit répondre à la tienne,

1548 880 90 68 [ne

298 923 1238 93 Tu t'es en m’offençant monſtré digne de moy,

296 994 1252 92 Ie me dois par ta mort monſtrer digne de toy.

631 1062 662 80 D. RODRIGVE.

296 1125 1301 94 Ne differe donc plus ce que l’honneur t’ordonne,

291 1190 1111 90 Il demande ma teſte, & ie te l’abandonne,

291 1253 1029 88 Fais en vn ſacrifice à ce noble intereſt,

291 1324 1233 92 Le coup m’en ſera doux auſſi bien que l’arreſt,

298 1399 1168 68 Attendre apres mon crime vne lente iuſtice

291 1457 1257 80 C’eſt reculer ta gloire autant que mon ſupplice,

283 1527 1350 112 Ie mouray trop heureux mourant d’vn coup ſi beau.

815 1590 413 83 CHIMENE.

293 1658 1216 78 Va ie ſuis ta patrie, & non pas ton bourreau:

300 1726 1294 75 Si tu m’offres ta teſte, eſt ce à moy de la prendre,

296 1789 1211 78 Ie la dois attaquer, mais tu dois la défendre,

298 1859 1286 73 C’eſt d’vn autre que toy qu’il me faut l’obtenir,

291 1925 1150 78 Et ie dois te pourſuiure & non pas te punir.

623 1993 631 75 D. RODRIGVE.

276 2058 1347 73 De quoy qu'en ma faueur noſtre amour t'entretien¬

281 2124 1102 77 Ta generoſité doit répondre à la mienne.

1548 2121 83 85 [ne

279 2189 1293 80 Et pour vanger vn pere emprunter d’autres bras,

276 2255 1238 77 Ma Chimene croy moy, c’eſt n’y reſpondre pas:

279 2320 1267 78 Ma main seule du mien a ſçeu vanger l’offence,

291 2386 1303 85 Ta main ſeule du tien doit prendre la vengeance.

742 2454 413 84 CHIMENE.

281 2512 1175 119 Cruel, à quel propos ſur ce point t'obſtiner?

1453 2536 165 136 Tu t'es

754 123 403 92 LE CID,

303 126 78 80 48
