1681 2922
82.0 226.0 1265.0 97.0 Tu t’es vangé ſans ayde & tu m’en veux donner:

82.0 304.0 1228.0 92.0 Ie ſuiuray ton exemple, & i’ay trop de courage

75.0 367.0 1218.0 93.0 Pour ſouffrir qu’auec toy ma gloire ſe partage,

77.0 433.0 1304.0 92.0 Mon pere & mon honneur ne veulent rien deuoir

77.0 501.0 1165.0 95.0 Aux traits de ton amour, ny de ton deſeſpoir.

406.0 608.0 619.0 85.0 D. RODRIGVE.

77.0 693.0 1333.0 122.0 Rigoureux point d’hõneur! helas quoy que ie faſſe

70.0 764.0 1145.0 95.0 Ne pourray-ie à la fin obtenir cette grace?

73.0 827.0 1154.0 100.0 Au nom d’vn pere mort, ou de noſtre amitié.

73.0 893.0 1262.0 102.0 Puny- moy par vangeance ou du moins par pitié,

75.0 959.0 1306.0 105.0 Ton malheureux amant aura bien moins de peine

73.0 1025.0 1235.0 104.0 A mourir par ta main, qu’à viure auec ta haine.

453.0 1093.0 523.0 92.0 CHIMENE.

73.0 1151.0 545.0 85.0 Va, ie ne te hay point.

345.0 1224.0 646.0 93.0 D. RODRIGVE.

760.0 1297.0 290.0 90.0 Tu le dois.

501.0 1353.0 405.0 95.0 CHIMENE

1062.0 1434.0 277.0 104.0 Ie me puis.

372.0 1473.0 675.0 104.0 D. RODRIGVE.

70.0 1529.0 1286.0 129.0 Crains-tu ſi peu le blaſme, & ſi peu les faux bruits?

77.0 1616.0 1287.0 105.0 Quand on ſçaura mon crime & que ta flame dure

80.0 1682.0 1206.0 105.0 Que ne publieront point l’enuie & l'imposture?

65.0 1738.0 1082.0 115.0 Force-les au ſilence, & ſans plus diſcourir,

68.0 1809.0 1086.0 112.0 Sauue ta renommée en me faisant moûrir.

543.0 1887.0 416.0 85.0 CHIMENE.

65.0 1930.0 1128.0 117.0 Elle éclate bien mieux en te laiſſant en vie,

63.0 2008.0 1150.0 108.0 Et ie veux que la voix de la plus noire enuie

63.0 2077.0 1211.0 114.0 Eſleue au Ciel ma gloire, & plaigne mes ennuis,

70.0 2145.0 1155.0 104.0 Sçachant que ie t’adore & que ie te pourſuis.

70.0 2208.0 1216.0 110.0 Va-t’en, ne monſtre plus à ma douleur extréme

65.0 2271.0 1209.0 115.0 Ce qu’il faut que ie perde, encore que ie l’ayme.

63.0 2337.0 1206.0 117.0 Dans l’ombre de la nuit cache bien ton depart,

60.0 2403.0 1287.0 119.0 Si l’on ce voit ſortir, mon honneur court hazard,

63.0 2469.0 999.0 109.0 La ſeule occasion qu’aura la mediſance

70.0 2537.0 1221.0 131.0 C'eſt de ſçauoir qu’icy i'ay ſouffert ta preſence.

1103.0 2649.0 46.0 85.0 E

265.0 138.0 926.0 117.0 TRAGI-COMEDIE.

1339.0 165.0 81.0 115.0 49
