1733 2910
247.0 744.0 51.0 129.0 I

563.0 429.0 657.0 106.0 SCENE V.

582.0 589.0 726.0 87.0 D. DIEGVE ſeul.

303.0 725.0 1250.0 89.0 Amais nous ne gouſtions de parfaite allegreſſe,

308.0 805.0 1247.0 72.0 Nos plus heureux ſuccez ſont meſlez de triſteſſe,

249.0 870.0 1156.0 73.0 Touſiours quelques ſoucis en ces éuenemens

245.0 938.0 1111.0 70.0 Troublent la pureté de nos contentemens:

240.0 1003.0 1357.0 71.0 Au milieu du bon-heur mon ame en ſent l'atteinte,

240.0 1067.0 1218.0 82.0 Ie nage dans la ioye, & ie tremble de crainte,

247.0 1142.0 1199.0 68.0 I'ay veu mort l’ennemy qui m’auoit outragé,

240.0 1205.0 1226.0 70.0 Et ie ne ſçaurois voir la main qui m’a vangé.

240.0 1268.0 1170.0 73.0 En vain ie m’y trauaille & d’vn ſoin inutile

247.0 1331.0 1151.0 77.0 Tout caſſé que ie ſuis ie cours toute la ville,

245.0 1399.0 1288.0 77.0 Si peu que mes vieux ans m’ont laiſſé de vigueur,

247.0 1467.0 1277.0 75.0 Se conſomme ſans fruit à chercher ce vainqueur.

249.0 1532.0 1338.0 75.0 A toute heure, en tous lieux dãs vne nuit ſi ſombre,

245.0 1598.0 1298.0 80.0 Ie penſe l’embraſſer, & n’embraſſe qu’vne ombre,

247.0 1665.0 1185.0 76.0 Et mon amour deceu par cét objet trompeur,

249.0 1729.0 1260.0 97.0 Se forme des ſoupçons qui redoublent ma peur.

245.0 1796.0 1167.0 76.0 Ie ne découure point de marques de ſa fuite,

247.0 1864.0 1189.0 71.0 Ie crains du Comte mort les amis & la ſuite;

252.0 1932.0 1272.0 73.0 Leur ombre m’épouuante & confond ma raiſon;

254.0 1995.0 1119.0 78.0 Rodrigue ne vit plus, ou reſpire en priſon.

249.0 2066.0 1369.0 75.0 Iuſtes Cieux! me trompay-je encore à l'apparence,

259.0 2126.0 1134.0 78.0 Ou ſi ie vois en fin mon vnique eſperance?

252.0 2192.0 1337.0 80.0 C’eſt luy, n en doutõs plus,mes vœux sont exaucez

249.0 2257.0 1166.0 109.0 Ma crainte eſt diſſipée, & mes ennuis ceſſez.

655.0 143.0 449.0 77.0 LE CID,

252.0 145.0 53.0 92.0 52
