1681 2922
87.0 754.0 78.0 151.0 R

343.0 409.0 772.0 124.0 SCENE VI.

192.0 543.0 1108.0 126.0 D. DIEGVE. D. RODRIGVE.

436.0 701.0 550.0 83.0 D. DIEGVE.

168.0 762.0 1184.0 104.0 Odrigue, enfin le Ciel permet que ie te voye!

409.0 852.0 633.0 97.0 D. RODRIGVE.

80.0 910.0 175.0 90.0 Helas!

460.0 969.0 543.0 85.0 D. DIEGVE.

333.0 1047.0 1016.0 99.0 Ne meſle point de ſouſpirs à ma joye,

73.0 1105.0 1137.0 97.0 Laiſſe moy prendre haleine afin de te loüer.

77.0 1178.0 1087.0 88.0 Ma valeur n’a point lieu de te deſaduoüer,

75.0 1241.0 1033.0 83.0 Tu l'as bien imitée, & ton illuſtre audace

73.0 1312.0 1230.0 78.0 Fait bien reuiure en toy les Heros de ma race;

75.0 1370.0 1330.0 98.0 C’eſt d’eux que tu deſcends, c’eſt de moy que eu viẽs,

73.0 1441.0 1208.0 90.0 Ton premier coup d’eſpée égale tous les miens,

70.0 1502.0 1038.0 90.0 Et d’vne belle ardeur ta ieuneſſe animée

73.0 1570.0 1252.0 93.0 Par cette grande eſpreuue atteint ma renommée.

75.0 1636.0 1204.0 87.0 Appuy de ma vieilleſſe, & comble de mon heur,

70.0 1697.0 1333.0 102.0 Touche ces cheueux blãcs à qui tu rends l’honneur,

73.0 1762.0 1079.0 98.0 Vien baiſer cette jouë & recognoy la place

75.0 1828.0 1143.0 102.0 Où fut iadis l’affront que ton courage efface.

319.0 1901.0 735.0 81.0 D. RODRIGVE.

1179.0 1906.0 236.0 93.0 [moins

68.0 1955.0 1262.0 95.0 L’honneur vous en eſt deu, les Cieux me ſont reſ¬

80.0 2033.0 1252.0 95.0 Qu’eſtant ſorty de vous ie ne pouuois pas moins,

68.0 2103.0 1176.0 76.0 Ie me tiens trop heureux, & mon ame eſt rauie

65.0 2164.0 1223.0 85.0 Que mon coup d’eſſay plaiſe à qui ie dois la vie:

68.0 2228.0 1184.0 102.0 Mais parmy vos plaiſirs ne ſoyez point ialoux

68.0 2288.0 1108.0 95.0 Si i'oſe ſatisfaire à moy-meſme apres vous;

65.0 2357.0 1123.0 95.0 Souffrez qu’en liberté mon deſeſpoir éclate,

65.0 2420.0 1248.0 102.0 Aſſez & trop long temps voſtre diſcours le flate,

77.0 2488.0 1065.0 107.0 Ie ne me repens point de vous auoir ſeruy,

935.0 2564.0 173.0 104.0 E iij

294.0 114.0 870.0 114.0 TRAGI-COMEDIE.

1369.0 141.0 63.0 114.0 53
