1733 2910
262 174 1259 73 Mais rendez-moy le bien que ce coup m’a rauy,

269 235 1345 75 Mon bras pour vous vanger armé contre ma flame

266 300 1185 78 Par ce coup glorieux m’a priué de mon ame,

264 371 1286 72 Ne me dites plus rien, pour vous i’ay tout perdu,

266 436 1209 75 Ce que ie vous deuois, je vous l’ay bien rendu.

752 499 524 73 D. DIEGVE.

262 565 1228 75 Porte encore plus haut le fruict de ta victoire,

264 635 1221 70 Ie t'ay donné la vie, & tu me rends ma gloire,

264 700 1330 73 Er d’autãt que l'hõneur m’eſt plus cher que le iour,

259 768 1255 71 D’autant plus maintenant ie te dois de retour!

259 834 1248 75 Mais d’vn ſi braue cœur eſloigne ces foibleſſes,

262 899 1354 83 Nous n’auons qu’vn honneur, il eſt tant de mai¬

400 969 204 81 ſtreſſes,

257 1025 1359 90 L’amour n’eſt qu'vn plaiſir, & l'honneur vn deuoir.

621 1098 643 73 D. RODRIGVE.

259 1161 670 87 Ah! que me dites-vous?

662 1219 556 83 D. DIEGVE.

861 1292 612 78 Ce que tu dois ſçauoir.

609 1360 764 75 D. RODRIGVE.

259 1423 1279 82 Mon honneur offenſé sur moy-meſme ſe vange,

254 1496 1226 75 Et vous m’oſez pouſſer à la honte du change!

257 1561 1056 78 L’infamie est pareille & ſuit également

257 1634 1192 68 Le guerrier ſans courage & le perfide amant.

257 1697 1022 73 A ma fidelité ne faites point d’iniure,

254 1745 1250 90 Souffrez moy genereux ſans me rendre pariure,

252 1828 1308 75 Mes liens ſont trop forts pour eſtre ainsi rompus,

254 1891 1114 85 Ma foy m'engage encor ſi ie n’eſpere plus,

249 1959 1195 75 Et ne pouuant quitter ny poſſeder Chimene,

249 2012 1314 100 Le treſpas que ie cherche est ma plus douce peine.

628 2087 607 80 D. DIEGVE.

247 2158 1238 75 Il n’eſt pas temps encor de chercher le treſpas,

249 2221 1248 82 Ton Prince & ton pays ont beſoin de ton bras.

249 2277 1357 94 La flotte qu’on craignoit dans ce grãd fleuue entrée

249 2354 1207 83 Vient ſurprendre la Ville & piller la contrée,

247 2415 1226 87 Les Mores vont deſcendre & le flux & la nuit

245 2478 1298 133 Dans vne heure à nos murs les amene ſans bruit.

716 75 388 97 LE CID,

257 113 68 68 54
