1681 2922
75.0 163.0 1235.0 90.0 La Cour eſt en deſordre & le peuple en alarmes,

77.0 216.0 1338.0 102.0 On n’entẽd que des cris, on ne void que des larmes:

70.0 304.0 1301.0 80.0 Dans ce mal-heur public mon bon-heur a permis

70.0 365.0 1291.0 97.0 Que i’ay trouué chez moy cinq cens de mes amis,

75.0 440.0 1306.0 78.0 Qui ſçachant mon affront pouſſé d’vn meſme zele

75.0 504.0 1281.0 80.0 Venoient m'offrir leur vie à vanger ma querelle,

73.0 564.0 1171.0 86.0 Tu les a preuenus, mais leurs vaillantes mains

73.0 628.0 1276.0 90.0 Se tremperont bien mieux au ſang des Africains,

73.0 701.0 1303.0 75.0 Va marcher à leur teſte où l’honneur te demande,

73.0 767.0 1344.0 77.0 C’eſt toy que veut pour Chef leur genereuſe bande:

73.0 835.0 1120.0 78.0 De ces vieux ennemis va ſouſtenir l’abord,

77.0 896.0 1145.0 82.0 Là ſi tu veux mourir trouue vne belle mort,

77.0 964.0 1153.0 80.0 Prends en l’occaſion puis qu’elle t’eſt offerte,

77.0 1034.0 1097.0 81.0 Fay deuoir à ton Roy ſon ſalut à ta perte.

75.0 1081.0 1255.0 97.0 Mais reuiens-en pluſtoſt les palmes ſur le front,

75.0 1166.0 1138.0 73.0 Ne borne pas ta gloire à vanger vn affront,

75.0 1229.0 1104.0 81.0 Pouſſe-la plus auant, force par ta vaillance

75.0 1297.0 1121.0 78.0 La iuſtice au pardon & Chimene au ſilence,

75.0 1353.0 1250.0 86.0 Si tu l’aimes, apprends que retourner vainqueur

77.0 1429.0 1165.0 80.0 C’eſt l’vnique moyen de regaigner ſon cœur.

75.0 1492.0 1338.0 78.0 Mais le tẽps eſt trop cher pour le perdre en paroles,

73.0 1560.0 1201.0 81.0 Ie t'arreſte en diſcours, & ie veux que tu voles,

80.0 1629.0 1320.0 77.0 Vien,ſuy moy, va combatre, & monſtrer à ton Roy

82.0 1697.0 1282.0 95.0 Que ce qu’il perd au Comte, il le recouure en toy.

350.0 1862.0 770.0 166.0 Fin du troiſieſme Acte.

304.0 82.0 858.0 98.0 TRAGI-COMEDIE.

1364.0 87.0 61.0 107.0 55
