1733 2946
341 510 1239 192 ACTE IV.

668 846 612 121 SCENE I.

447 999 924 110 CHIMENE. ELVIRE.

616 1131 529 98 CHIMENE.

447 1269 1150 105 'Eſt-ce point vn faux bruit ? le ſçais tu bien

562 1345 219 78 Eluire?

243 1254 214 211 N

715 1406 420 89 ELVIRE.

238 1468 1295 103 Vous ne croiriez iamais comme chacun l’admire,

226 1534 1160 101 Et porte iuſqu’au Ciel d’vne commune voix

226 1603 1044 95 De ce ieune Heros les glorieux exploits.

223 1674 1308 91 Les Mores deuant luy n’ont paru qu’à leur honte,

221 1735 1312 106 Leur abord fur bien prompt, leur fuite encore plus

356 1814 253 68 prompte.

216 1863 1239 101 Trois heures de combat laiſſent à nos guerriers

216 1934 1241 96 Vne victoire entiere, & deux Roys priſonniers,

201 1993 1379 110 La valeur de leur Chef ne trouuoit point d’obstacles.

690 2079 445 78 CHIMENE.

199 2133 1293 101 Et la main de Rodrigue a fait tous ces miracles!

668 2216 440 72 ELVIRE.

196 2258 1301 108 De ſes nobles efforts ces deux Roys ſont le prix,

194 2334 1150 96 Sa main les a vaincus, & ſa main les a pris.

614 2410 546 81 CHIMENE.

181 2467 1279 130 De qui peux-tu ſçauoir ces nouvelles eſtranges?

730 88 395 98 LE CID,

280 78 71 101 56
