1681 2922
453.0 277.0 411.0 80.0 ELVIRE.

53.0 396.0 1247.0 98.0 Du peuple qui par tout fait ſonner les loüanges,

63.0 479.0 1133.0 71.0 Le nomme de ſa ioye, & l’obiet, & l’autheur,

58.0 545.0 960.0 78.0 Son Ange tutelaire, & ſon liberateur.

489.0 606.0 412.0 70.0 CHIMENE.

56.0 676.0 1237.0 83.0 Et le Roy, de quel œil voit-il tant de vaillance?

489.0 742.0 412.0 71.0 ELVIRE.

60.0 813.0 1192.0 70.0 Rodrigue n’oſe encor paroiſtre en ſa preſence,

60.0 881.0 1219.0 68.0 Mais Don Diegue rauy luy preſente enchaiſnez

60.0 947.0 1238.0 70.0 Au nom de ce vainqueur ces captifs couronnez,

56.0 1010.0 1135.0 76.0 Et demande pour grace à ce genereux Prince

63.0 1081.0 1252.0 70.0 Qu’il daigne voir la main qui ſauue sa Prouince.

475.0 1142.0 414.0 75.0 CHIMENE.

63.0 1200.0 662.0 92.0 Mais n’eſt-il point bleſſé?

504.0 1275.0 412.0 73.0 ELVIRE.

716.0 1331.0 587.0 91.0 Ie n’en ay rien appris.

70.0 1407.0 1174.0 75.0 Vous changez de couleur, reprenez vos eſprits.

448.0 1473.0 502.0 73.0 CHIMENE.

68.0 1536.0 1067.0 75.0 Reprenons donc auſſi ma colere affoiblie.

65.0 1604.0 1175.0 78.0 Pour auoir ſoin de luy faut-il que ie m’oublie?

65.0 1670.0 1233.0 80.0 On le vante, on le louë & mon cœur y conſens!

65.0 1743.0 1233.0 71.0 Mon honneur eſt muet, mon deuoir impuiſſant?!

65.0 1809.0 1055.0 70.0 Silence mon amour, laiſſe agir ma colere,

65.0 1872.0 1077.0 73.0 S’il a vaincu deux Roys, il a tué mon pere,

68.0 1938.0 1145.0 75.0 Ces triſtes veſtemens où ie lis mon mal-heur

68.0 2001.0 1232.0 76.0 Sont les premiers effets qu’ait produit ſa valeur,

63.0 2067.0 1284.0 92.0 Et combien que pour luy tout vn peuple s’anime.

70.0 2137.0 1140.0 76.0 lcy tous les obiets me parlent de ſon crime.

70.0 2198.0 1143.0 93.0 Vous qui rendez la force à mes reſſentimens,

70.0 2266.0 1040.0 76.0 Voille, creſpes, habits, lugubres ornemens,

63.0 2335.0 1118.0 70.0 Pompe, où m’enſeuelit ſa premiere victoire,

68.0 2403.0 1142.0 70.0 Contre ma paſſion ſouſtenez bien ma gloire,

63.0 2461.0 1245.0 127.0 Et lors que mon amour prendra plus de pouuoir

75.0 2529.0 1057.0 112.0 Parlez à mon eſprit de mon triſte deuoir.

336.0 92.0 738.0 136.0 TRAGI-COMEDIE.

1308.0 112.0 56.0 119.0 57
