1733 2946
324.0 1112.0 52.0 140.0 I

671.0 635.0 663.0 113.0 SCENE II.

526.0 783.0 936.0 103.0 L'INFANTE. CHIMENE.

599.0 856.0 784.0 98.0 LEONOR, ELVIRE.

779.0 989.0 484.0 93.0 L’INFANTE.

383.0 1114.0 1069.0 98.0 E ne viens pas icy conſoler tes douleurs

388.0 1185.0 1246.0 101.0 Ie viens pluſtoſt meſler mes ſoupirs à tes pleurs?

808.0 1261.0 413.0 74.0 CHIMENE.

326.0 1320.0 1178.0 89.0 Prenez bien pluſtoſt parr à la commune ioye,

324.0 1387.0 1261.0 93.0 Et gouſtez le bon heur que le Ciel vous enuoye:

322.0 1453.0 1229.0 96.0 Madame, autre que moy n’a droit de ſoupirer,

322.0 1522.0 1125.0 88.0 Le peril dont Rodrigue a ſceu vous retirer,

319.0 1581.0 1190.0 98.0 Et le ſalut public que vous rendent les armes;

319.0 1649.0 1335.0 96.0 A moy ſeul aujourd huy permet encor les larmes;

322.0 1716.0 970.0 90.0 Il a ſauué la ville, il a ſeruy son Roy,

314.0 1779.0 1195.0 99.0 Et ſon bras valeureux n’eſt funeste qu’à moy.

779.0 1853.0 474.0 79.0 L’INFANTE.

309.0 1909.0 1360.0 96.0 Ma Chimene, il eſt vray qu’il a fait des merueilles:

811.0 1988.0 418.0 76.0 CNIMENE.

312.0 2035.0 1194.0 100.0 Deſia ce bruit faſcheux a frappé mes oreilles.

309.0 2113.0 1124.0 84.0 Et ie l'entends par tout publier hautement

309.0 2182.0 1185.0 91.0 Auſſi braue guerrier, que malheureux amant.

685.0 2243.0 603.0 84.0 L’INFANTE.

314.0 2310.0 1269.0 81.0 Qu’a de faſcheux pour toy ce diſcours populaire?

307.0 2381.0 1258.0 91.0 Ce ieune Mars qu’il louë a ſçeu iadis te plaire,

304.0 2437.0 1129.0 84.0 Il poſſedoit ton ame, il viuoit ſous tes loix.

302.0 2506.0 1155.0 118.0 Et vanter ſa valeur c'eſt honorer ton choix.

344.0 191.0 1315.0 118.0 Attaquez ſans rien craindre vne main triomphãte.

813.0 267.0 411.0 86.0 ELVIRE.

339.0 324.0 1199.0 108.0 Moderez ces tranſports, voicy venir l’Infante.

823.0 112.0 366.0 108.0 LE CID,

366.0 125.0 56.0 76.0 58
