1681 2922
367 226 531 92 CHIMENE.

34 326 1089 104 I'accorde que chacun la vante auec iuſtice,

46 394 1301 93 Mais pour moy ſa loüange eſt vn nouueau supplice,

56 469 1062 93 On aigrit ma douleur en l’éleuant si haut,

38 535 1275 88 Ie voy ce que je perds quand ie voy ce qu’il vaut.

53 603 1101 88 Ah cruels déplaiſirs à l’eſprit d’vne amante

51 662 1301 102 Plus i’apprends ſon merite, & plus mon feu s’aug¬

155 759 176 64 mente,

58 788 1206 103 Cependant mon deuoir eſt touſiours le plus fort

51 864 1162 100 Et malgré mon amour va poursuiure ſa mort.

353 932 584 83 L’INFANTE.

58 995 1074 91 Hier ce deuoir te mit en vne haute eſtime,

58 1064 1021 90 L'effort que tu te fis parut ſi magnanime,

56 1127 1227 92 Si digne d’vn grand cœur, que chacun à la Cour

63 1200 1196 83 Admiroit ton courage & plaignoit ton amour,

63 1266 1130 85 Mais croirois-tu l’aduis d’vne amitié fidelle?

504 1334 419 68 CHIMENE.

63 1392 1086 93 Ne vous obeyr pas me rendroit criminelle.

489 1465 453 69 L'INFANTE.

63 1526 1184 85 Ce qui fut bon alors ne l’eſt plus aujourd’huy,

63 1594 1213 88 Rodrigue maintenant eſt noſtre vnique appuy,

65 1665 1211 78 L’eſperance & l’amour d’vn peuple qui l’adore,

65 1731 1138 78 Le ſouſtien de Castille & la terreur du More,

68 1789 1254 88 Ses faits nous ont rendu ce qu’ils nous ont oſté,

63 1867 1043 71 Et ton pere en luy ſeul ſe voit reſſuſcité,

68 1918 1288 93 Et ſi tu veux en fin qu’en deux mots ie m’explique,

70 1996 1053 78 Tu pourſuis en ſa mort la ruïne publique.

80 2050 1216 104 Quoy? pour vanger vn pere eſt-il iamais permis

65 2133 1109 68 De liurer sa patrie aux mains des ennemis?

68 2186 1098 88 Contre nous ta pourſuite eſt-elle legitime?

68 2254 1172 83 Et pour eſtre punis auons nous part au crime?

68 2322 1133 83 Ce n’eſt pas qu’apres tout tu doiues eſpouſer

70 2383 1157 93 Celuy qu’vn pere mort t’obligeoit d’accuſer,

65 2459 1250 75 Ie te voudrois moy-meſme en arracher l’enuie;

112 2512 1120 120 Oſte-luy ton amour,mais laiſſe nous ſa vie.

214 116 877 103 TRAGI-COMEDIE.

1271 129 64 85 59
