1733 2946
823.0 196.0 415.0 88.0 CHIMENE.

326.0 243.0 1114.0 120.0 Ah ? Madame. ſouffrez qu’auecque liberté

331.0 319.0 1030.0 108.0 Ie pouſſe iuſqu’au bout ma generoſité.

329.0 402.0 1340.0 86.0 Quoy que mon cœur pour luy contre moy s’inte¬

1499.0 326.0 170.0 120.0 [reſſe,

326.0 461.0 1338.0 101.0 Quoy qu’vn peuple l'adore, & qu'vn Roy le careſſe,

329.0 525.0 1266.0 105.0 Qu’il ſoit enuironné des plus vaillans guerriers,

324.0 586.0 1160.0 113.0 I’iray ſous mes Cyprés accabler ſes lauriers.

698.0 662.0 597.0 89.0 L’INFANTE.

319.0 716.0 1165.0 111.0 C’eſt generoſité, quand pour vanger vn pere

314.0 788.0 1082.0 100.0 Noſtre deuoir attaqve vne teſte ſi chere:

314.0 854.0 1239.0 103.0 Mais c’en eſt vne encor d’vn plus illuſtre rang,

322.0 920.0 1256.0 106.0 Quand on donne au public les intereſts du ſang,

314.0 989.0 1350.0 108.0 Non, croy moy, c’eſt aſſez que d’eſteindre ta flame,

307.0 1050.0 1207.0 108.0 Il ſera trop puny ſ’il n’eſt plus dans ton ame;

309.0 1119.0 1052.0 101.0 Que le bien du pays t’impoſe cette loy;

309.0 1185.0 1210.0 108.0 Auſſi bien que crois-tu que t’accorde le Roy?

712.0 1264.0 534.0 83.0 CHIMENE.

302.0 1315.0 1163.0 101.0 Il peut me refuſer, mais ie ne me puis taire.

727.0 1389.0 475.0 86.0 L’INFANTE.

299.0 1441.0 1239.0 113.0 Penſe bien ma Chimene à ce que tu veux faire,

294.0 1519.0 1055.0 93.0 Adieu, tu pourras ſeule y songer à loiſir.

698.0 1593.0 516.0 78.0 CHIMENE.

299.0 1652.0 1185.0 105.0 Apres mon pere mort ie n’ay point à choiſir.

1310.0 2585.0 332.0 117.0 SCENE

818.0 122.0 384.0 94.0 LE CID,

326.0 117.0 94.0 74.0 60
