1681 2922
289.0 448.0 907.0 109.0 SCENE III.

87.0 606.0 1335.0 112.0 LE ROY. D. DIEGVE. D. ARIAS.

182.0 679.0 1153.0 117.0 D. RODRIGVE. D. SANCHE.

511.0 801.0 461.0 95.0 LE ROY.

182.0 910.0 1036.0 98.0 Enereux heritiers d'vne illuſtre famille,

185.0 981.0 1245.0 95.0 Qui fut touſiours la gloire & l'apuy de Caſtille,

99.0 1061.0 1016.0 73.0 Race de tant d'ayeux en valeur ſignalez

102.0 1120.0 1008.0 90.0 Que l'eſſay de la tienne a ſi toſt égalez,

99.0 1183.0 1165.0 90.0 Pour te recompenser ma force eſt trop petite,

97.0 1246.0 1216.0 100.0 Et i'ay moins de pouuoir que tu n’as de merite.

107.0 1329.0 947.0 71.0 Le pays deliuré d’vn ſi rude ennemy,

104.0 1368.0 1299.0 100.0 Mon ſceptre dans ma main par la tienne affermy.

107.0 1441.0 1152.0 95.0 Et les Mores défaits auant qu’en ces alarmes

107.0 1507.0 1249.0 95.0 I'euſſe peu donner ordre à repouſſer leurs armes,

107.0 1570.0 1276.0 95.0 Ne ſont point des exploits qui laiſſent à ton Roy

109.0 1643.0 1160.0 90.0 Le moyen ny l’eſpoir de s’acquitter vers toy.

112.0 1709.0 1303.0 88.0 Mais deux Roys tes captifs, ſeront ta recompenſe,

114.0 1770.0 1301.0 87.0 Ils t’ont nõmé tous deux leur Cid en ma preſence.

114.0 1835.0 1337.0 91.0 Puiſque Cid en leur langue eſt autant que Seigneur,

114.0 1911.0 1145.0 83.0 Ie ne t’enuieray pas ce beau titre d’honneur.

114.0 1965.0 1340.0 92.0 Sois deſormais le Cid, qu’à ce grand nom tout cede,

119.0 2038.0 1167.0 85.0 Qu’il deuienne l’effroy de Grenade & Tolede,

112.0 2098.0 1244.0 93.0 Et qu’il marque à tous ceux qui viuent ſous mes

114.0 2184.0 1043.0 56.0 Et ce que tu me vaux & ce que ie te dois.

1283.0 2147.0 166.0 117.0 [loix

487.0 2237.0 597.0 76.0 D. RODRIGVE.

129.0 2296.0 1162.0 92.0 Que voſtre Maieſté, Sire, eſpargne ma honte,

126.0 2371.0 1204.0 76.0 D’vn ſi foible ſeruice elle a fait trop de conte,

126.0 2437.0 1167.0 78.0 Et me force à rougir deuant vn ſi grand Roy

148.0 2498.0 1096.0 117.0 De meriter ſi peu l’honneur que i'en recoy.

1123.0 2560.0 76.0 94.0 F

267.0 143.0 880.0 122.0 TRAGI-COMEDIE.

1352.0 141.0 70.0 104.0 61

104.0 949.0 68.0 127.0 G
