1733 2946
292.0 196.0 1268.0 130.0 Ie ſçay trop que ie dois au bien de voſtre Empire

287.0 287.0 1207.0 98.0 Et le ſang qui m’anime & l’air que ie reſpire,

287.0 348.0 1212.0 115.0 Et quand ie les perdray pour vn si digne objet,

282.0 414.0 1062.0 104.0 Ie feray ſeulement le deuoir d’vn ſuiet.

732.0 491.0 435.0 81.0 LE ROY.

285.0 554.0 1214.0 99.0 Tous ceux que ce deuoir à mon ſeruice engage

282.0 616.0 1146.0 100.0 Ne s’en acquitent pas auec meſme courage,

277.0 677.0 1190.0 106.0 Et lors que la valeur ne va point dans l’excez

287.0 748.0 1040.0 96.0 Elle ne produit point de ſi rares ſuccez.

285.0 812.0 1226.0 103.0 Souffre-donc qu’on te louë, & de cette victoire

290.0 878.0 1248.0 111.0 Appren-moy plus au long la veritable hiſtoire.

658.0 954.0 612.0 84.0 D. RODRIGVE.

280.0 1009.0 1177.0 103.0 Sire, vous auez ſçeu qu’en ce danger preſſant

287.0 1085.0 1136.0 81.0 Qui ietta dans la ville vn effroy si puiſſant,

282.0 1144.0 1195.0 103.0 V ne troupe d’amis chez mon pere aſſemblée

280.0 1212.0 1099.0 91.0 Sollicita mon ame encor toute troublée.

280.0 1276.0 1000.0 91.0 Mais, Sire, pardonnez à ma temerité,

280.0 1340.0 1074.0 96.0 Si i'oſay l’employer sans voſtre autorité;

275.0 1406.0 1177.0 101.0 Le peril aprochoit, leur brigade eſtoit preſte,

275.0 1477.0 1145.0 91.0 St pareſtre à la Cour euſt hazardé ma teſte,

282.0 1541.0 1303.0 96.0 Qu’à deffendre l’Eſtat i'aimois bien mieux donner,

280.0 1610.0 1266.0 101.0 Qu’aux plaintes de Chimene ainſi l’abandonner.

784.0 1681.0 400.0 79.0 LE ROY.

272.0 1730.0 1067.0 101.0 I’excuse ta chaleur à vanger ton offenſe,

275.0 1806.0 1086.0 81.0 Et I’Eſtat défendu me parle en ta defenſe:

277.0 1870.0 1227.0 96.0 Croy que d’oresnauant Chimene a beau parler,

280.0 1939.0 1059.0 93.0 Je ne l’écoute plus que pour la conſoler.

277.0 2005.0 386.0 86.0 Mais pourſuy.

653.0 2064.0 610.0 91.0 D. RODRIGVE.

580.0 2133.0 990.0 96.0 Sous moy donc cette troupe s'auance,

272.0 2192.0 1136.0 96.0 Et porte ſur le front vne maſle aſſeurance:

270.0 2278.0 1298.0 78.0 Nous partiſmes cinq cens, mais par vn prompt

412.0 2337.0 200.0 73.0 renfort

280.0 2398.0 1310.0 106.0 Nous nous viſmes trois mille en arriuant au port,

282.0 2467.0 1175.0 88.0 Tant à nous voir marcher en ſi bon equipage

277.0 2531.0 1207.0 113.0 Les plus épouuantez reprenoient de courage.

759.0 154.0 440.0 84.0 LE CID,

285.0 142.0 61.0 86.0 62
