1681 2922
85 226 1162 85 I'en cache les deux tiers; auſſi toſt qu’arriuez,

82 297 1352 85 Dans le fonds des vaiſſeaux qui lors furent trouuez;

87 362 1340 90 Le reſte, dont le nombre augmentoit à toute heure,

87 435 1233 71 Bruſlant d’impatience autour de moy demeure,

85 499 1262 90 Se couche contre terre, & ſans faire aucun bruit,

82 567 1050 73 Paſſe vne bonne part d’vne ſi belle nuit.

82 628 1350 95 Par mon commandement la garde en fait, de meſ¬

197 696 90 66 me,

80 757 1057 80 Et ſe tenant cachée aide mon ſtratagéme,

77 825 1116 75 Et ie feins hardiment d’auoir receu de vous

80 886 1347 97 L'ordre qu’on me voit ſuiure & que ie donne à tous.

80 956 1123 78 Cette obſcure clarté qui tombe des eſtoilles

80 1017 1160 86 Enfin auec le flux nous fit voir trente voiles,

80 1083 1296 90 L’onde s’enfloit deſſous, & d’vn commun effort

80 1154 1133 78 Les Mores, & la mer entrerent dans le port.

82 1215 1250 85 On les laiſſe paſſer, tout leur paroiſt tranquille,

80 1280 1350 98 Point de soldats au port, point aux murs de la ville,

80 1351 1121 80 Noſtre profond ſilence abuſant leurs eſprits

75 1414 1152 81 Ils n’oſent plus douter de nous auoir ſurpris,

75 1478 1311 95 Ils abordent ſans peur, ils ancrent, ils deſcendent,

73 1548 1240 81 Et courent ſe liurer aux mains qui les attendent:

77 1616 1270 93 Nous nous leuons alors, & tous en meſme temps

75 1680 1160 80 Pouſſons iuſques au Ciel mille cris éclatans,

77 1743 1275 90 Les noſtres au signal de nos vaisseaux reſpondent,

75 1804 1184 92 Ils paroiſſent armez, les Mores ſe confondent,

75 1872 1077 83 L'eſpouuante les prend à demy deſcendus,

75 1935 1172 88 Auant que de combatre ils s'eſtiment perdus,

75 2006 1289 90 Ils couroient au pillage, & rencontrent la guerre,

73 2069 1247 93 Nous les preſſons ſur l’eau, nous les preſſons ſur

185 2135 139 75 terre,

68 2186 1215 102 Et nous faiſons courir des ruiſſeaux de leur ſang

75 2266 1172 88 Auant qu’aucun reſiſte, ou reprenne ſon rang.

75 2335 1338 112 Mais bien-toſt malgré nous leurs Princes, les r’al¬

187 2391 144 78 lient,

73 2454 1279 102 Leur courage renaiſt, & leurs terreurs s’oublient,

80 2532 1028 117 La honte de mourir ſans auoir combatu

1011 2605 109 78 F ij

380 148 852 100 TRAGI-COMEDIE.

1371 133 80 129 53
