1733 2916
252 204 1250 102 Reſtablit leur deſordre, & leur rend leur vertu:

247 277 1182 82 Contre nous de pied ferme ils tirent les épées,

243 347 1273 78 Des plus braues ſoldats les trames ſont coupées,

240 415 1228 73 Et la terre, & le fleuue, & leur flotte, & le port

245 481 1342 77 Sont des champs de carnage où triomphe la mort.

250 544 1293 78 O combien d’actions, combien d’exploits celebres

240 609 1160 76 Furent enſeuelis dans l’horreur des tenebres,

240 675 1356 90 Où chacun ſeul témoin des grands coups qu'il don¬

376 743 136 68 noit,

243 804 1103 78 Ne pouuoit diſcerner où le sort inclinoit!

240 872 1184 92 I'allois de tous coſtez encourager les noſtres,

243 945 1147 70 Faire auancer les vns, & ſouſtenir les autres,

247 1008 1296 73 Renger ceux qui venoient, les pouſſer à leur tour,

240 1074 1303 77 Et n’en pûx rien ſçauoir iuſques au point du iour:

240 1139 1252 107 Mais en fin sa clarté monſtra noſre aduantage,

240 1205 1087 75 Le More vit ſa perte & perdit le courage,

233 1273 1162 70 Et voyant vn renfort qui nous vint ſecourir

243 1336 1246 73 Change l’ardeur de vaincre à la peur de mourir

240 1404 1337 78 Ils gaignent leurs vaiſſeaux, ils en coupent les cha¬

369 1467 129 71 bles,

243 1533 1346 80 Nous laiſſent pour Adieux des cris eſpouuantables,

245 1601 1128 75 Font retraite en tumulte, & ſans conſiderer

238 1666 1127 71 Si leurs Roys auec eux ont peu ſe retirer.

245 1732 1169 71 Ainſi leur deuoir cede à la frayeur plus forte,

247 1798 1077 75 Le flux les apporta, le reflux les emporte,

245 1863 1261 76 Cependant que leurs Roys engagez parmy nous,

240 1931 1274 66 Et quelque peu des leurs tous percez de nos coups

245 1995 1320 70 Diſputent, vaillamment, & vendent bien leur vie.

250 2060 1215 73 A ſe rendre moy-meſme, en vain ie les conuie,

250 2128 1181 66 Le cimeterre au poing ils ne m’eſcoutent pas;

247 2187 1347 77 Mais voyant à leurs pieds tomber tous leurs soldats

247 2259 1242 68 Et que ſeuls deſormais en vain ils ſe défendent,

245 2325 1349 68 Ils demandent le Chef, ie me nomme, ils ſe rendent.

250 2388 1276 93 Ie vous les enuoy ay tous deux en meſme temps,

245 2454 1040 68 Et le combat ceſſa faute de combatans.

252 2517 1133 107 C’eſt de cette façon que pour voſtre ſeruice.

692 119 375 102 LE CID,

255 138 77 87 64
