1733 2916
627.0 393.0 607.0 112.0 SCENE V.

264.0 556.0 1347.0 90.0 LE ROY, D. DIEGVE, D. ARIAS.

444.0 629.0 1014.0 78.0 D. SANCHE, D. ALONSE,

546.0 692.0 817.0 112.0 CHIMENE, ELVIRE.

751.0 818.0 413.0 85.0 LE ROY.

1013.0 952.0 520.0 85.0 N fin ſoyez contens,

264.0 1018.0 1157.0 77.0 Chimene, le ſuccez reſpond à voſtre attente,

264.0 1091.0 1070.0 70.0 Si de nos ennemis Rodrigue a le deſſus,

260.0 1161.0 1227.0 68.0 II eſt mort à nos yeux des coups qu’il a receus,

262.0 1222.0 1176.0 75.0 Rendez graces au Ciel qui vous en a vangée.

262.0 1285.0 1120.0 83.0 Voyez comme deſia ſa couleur eſt changée.

692.0 1353.0 469.0 66.0 D. DIEGVE.

250.0 1414.0 1320.0 78.0 Mais voyez qu'elle paſme, & d'vn amour parfait,

252.0 1484.0 1182.0 71.0 Dans cette paſmoiſon, Sire, admirez l’effect,

255.0 1550.0 1074.0 75.0 Sa douleur a trahy les ſecrets de ſon ame

250.0 1615.0 1203.0 81.0 Et ne vous permet pas de douter de ſa flame.

636.0 1679.0 542.0 109.0 CHIMENE.

257.0 1730.0 861.0 99.0 Quoy? Rodrigue eſt donc mort?

741.0 1810.0 360.0 70.0 LE ROY.

916.0 1851.0 661.0 107.0 Noc, non, il voit le iour,

243.0 1919.0 1115.0 93.0 Et te conſerue encor vn immuable amour,

250.0 2009.0 1077.0 73.0 Tu le poſſederas, reprends ton allegreſſe.

682.0 2072.0 533.0 71.0 CHIMENE.

245.0 2131.0 1159.0 80.0 Sire, on paſme de joye, ainsi que de tristeſſe.

247.0 2204.0 1289.0 72.0 Vn excez de plaiſir nous rend tous languiſſants,

243.0 2274.0 1232.0 70.0 Et quand il ſurprend l’ame, il accable les ſens.

702.0 2327.0 357.0 83.0 LE ROY.

240.0 2398.0 1317.0 75.0 Tu veux qu’en ta faueur nous croyons l’impoſſible,

233.0 2461.0 1091.0 100.0 Ta triſteſſe, Chimene, a paru trop viſible.

748.0 94.0 360.0 90.0 LE CID,

255.0 104.0 70.0 83.0 66

921.0 908.0 82.0 112.0 E
