1681 2922
501.0 168.0 427.0 68.0 CHIMENE.

70.0 219.0 1296.0 107.0 Et bien, Sire, adioustez ce comble à mes malheurs,

75.0 292.0 1218.0 97.0 Nommez ma paſmoiſon l’effet de mes douleurs,

75.0 362.0 1055.0 90.0 Vn iuste déplaiſir à ce point m’a reduitte,

73.0 426.0 1142.0 87.0 Son trépas deſroboit sa teſte à ma pourſuite;

75.0 489.0 1243.0 92.0 S’il meurt des coups receus pour le bien du pays,

73.0 557.0 1276.0 95.0 Ma vangeance est perduë & mes deſſeins trahis.

75.0 625.0 943.0 88.0 Vne si belle fin m’eſt trop iniurieuſe,

75.0 689.0 1128.0 90.0 Ie demande sa mort, mais non pas glorieuse,

75.0 759.0 1087.0 83.0 Non pas dans vn eſclat qui l’eſleue ſi haut,

75.0 820.0 1274.0 90.0 Non pas au lit d’honneur, mais ſur vn eſchaffaut,

85.0 888.0 1276.0 90.0 Qu’il meure pour mon pere, & non pour la patrie.

80.0 956.0 1140.0 83.0 Que ſon nom ſoit taché, ſa memoire fleſtrie!

77.0 1025.0 1102.0 80.0 Mourir pour le pays n'eſt pas vn triſte ſort,

77.0 1083.0 1029.0 83.0 C’eſt s’immortaliſer par vne belle mort:

77.0 1144.0 1197.0 92.0 I'aime donc ſa victoire, & ie le puis ſans crime,

77.0 1219.0 1094.0 83.0 Elle aſſeure l’eſtat, & me rend ma victime.

77.0 1275.0 1301.0 88.0 Mais noble, mais fameuſe entre tous les guerriers.

77.0 1353.0 1182.0 76.0 Le chef au lieu de fleurs couronné de lauriers,

77.0 1419.0 1143.0 78.0 Et pour dire en vn mot ce que i’en conſidere,

77.0 1470.0 1238.0 93.0 Digne d’eſtre immolée aux Manes de mon pere.

85.0 1551.0 1123.0 75.0 Helas! à quel eſpoir me laiſſay-je emporter!

85.0 1616.0 1057.0 78.0 Rodrigue de ma part n’a rien à redouter,

80.0 1670.0 1279.0 105.0 Que pourroient contre luy des larmes qu’on meſ¬

194.0 1750.0 139.0 73.0 priſe?

80.0 1806.0 1333.0 83.0 Pour luy tout voſtre Empire eſt vn lieu de franchiſe,

85.0 1877.0 1213.0 95.0 Là ſous voſtre pouuoir tout luy deuient permis,

75.0 1940.0 1099.0 83.0 Il triomphe de moy, comme des ennemis,

87.0 1999.0 1123.0 92.0 Dans leur ſang reſpandu la iuſtice eſtouffée,

92.0 2074.0 1240.0 85.0 Aux crimes du vainqueur ſert d’vn nouueau tro¬

197.0 2140.0 131.0 75.0 phée,

82.0 2201.0 1289.0 78.0 Nous en croiſſons la pompe, & le meſpris des loix

77.0 2266.0 1292.0 86.0 Nous fait ſuiure ſon char au milieu de deux Roys.

560.0 2332.0 343.0 83.0 LE ROY.

77.0 2396.0 1163.0 82.0 Ma fille ces tranſports ont trop de violence,

85.0 2452.0 1262.0 114.0 Quand on rend la luſtice on met tout en balance:

908.0 2534.0 188.0 83.0 F iiij

336.0 82.0 840.0 112.0 TRAGI-COMEDIE.

1327.0 75.0 66.0 144.0 67
