1733 2916
247.0 174.0 1012.0 76.0 On a tué ton pere, il eſtoit l'agreſſeur,

243.0 230.0 1132.0 93.0 Et la meſme équité m’ordonne la douceur.

238.0 294.0 1186.0 102.0 Auant que d’accuſer ce que i’en fais pareſtre,

238.0 359.0 1358.0 107.0 Conſulte bien ton cœur, Rodrigue en eſt le maiſtre,

233.0 425.0 1132.0 97.0 Et ta flame en ſecret rend graces à ton Roy

233.0 495.0 1273.0 100.0 Dont la faueur conſerue vn tel amant pour toy.

717.0 566.0 410.0 77.0 CHIMENE.

230.0 626.0 1218.0 93.0 Pour moy mon ennemy! l’obiet de ma colere!

228.0 690.0 1312.0 104.0 L’autheur de mes maheurs l’aſſaſſin de mon pete!

228.0 760.0 1096.0 92.0 De ma iuſte pourſuite on fait ſi peu de cas

235.0 826.0 1213.0 94.0 Qu’on me croit obliger en ne m’eſcoutant pas:

223.0 894.0 1177.0 95.0 Puiſque vous refuſez la iuſtice à mes larmes,

221.0 957.0 1154.0 95.0 Sire, permertez moy de recourir aux armes,

223.0 1020.0 1230.0 102.0 C’eſt par là ſeulement qu’il a ſçeu m’outrager,

218.0 1091.0 1099.0 92.0 Et c’eſt auſſi par la que ie me dois vanger,

221.0 1159.0 1081.0 85.0 A tous vos Caualiers ie demande sa teſte:

221.0 1222.0 1315.0 99.0 Ouy, qu’vn d’eux me l’apporte, & ie ſuis ſa con¬

398.0 1297.0 190.0 78.0 queſte,

218.0 1351.0 1177.0 85.0 Qu’ils le combatent, Sire, & le combat finy,

211.0 1423.0 1201.0 88.0 I’espouſe le vainqueur, ſi Rodrigue est puny.

213.0 1489.0 1199.0 92.0 Sous voſtre authorité ſouffrez qu’on le publie.

714.0 1560.0 370.0 77.0 LE ROY.

211.0 1618.0 1164.0 92.0 Cette vieille couſtume en ces lieux eſtablie,

211.0 1683.0 1086.0 90.0 Sous couleur de punir vn iniuſte attentat

206.0 1754.0 1138.0 85.0 Des meilleurs combatans affoiblit vn Estat.

206.0 1817.0 1048.0 83.0 Souuent de cét abus le ſuccés déplorable

213.0 1883.0 1187.0 92.0 Opprime l’innocent & ſouſtient le coupable.

213.0 1948.0 1228.0 95.0 I'en diſpenſe Rodrigue, il m’eſt trop precieux.

201.0 2014.0 1225.0 95.0 Pour l’expoſer aux coups d’vn ſort capricieux!

199.0 2082.0 1337.0 92.0 Et quoy qu’ait peu commettre vn cœur ſi magnani¬

189.0 2152.0 1196.0 86.0 Les Mores en fuyant ont emporté ſon crime.

1436.0 2169.0 97.0 76.0 [me

644.0 2223.0 478.0 73.0 D. DIEGVE.

199.0 2284.0 1278.0 82.0 Quoy, Sire! pour luy ſeul vous renuerſez des loix

199.0 2354.0 1210.0 95.0 Qu'a veu toute la cour obſeruer tant de fois?

196.0 2422.0 1145.0 76.0 Que croira voſtre peuple & que dira l’enuie

209.0 2485.0 1037.0 129.0 Si ſous, voſtre défence il meſnage sa vie,

627.0 92.0 454.0 90.0 LE CID,

245.0 85.0 78.0 80.0 68
