1681 2922
73 226 1076 90 Et s’en ſert d’vn pretexte à ne pareſtre pas

77 292 1209 100 Où tous les gens d’honneur cherchent vn beau

214 382 190 61 treſpas?

75 416 1238 92 Sire, oſtez ces faueurs qui terniroient ſa gloire;

75 487 1250 94 Qu’il gouſte ſans rougir les fruits de ſa victoire,

63 555 1189 87 Le Comte eut a de l'audace, il en a ſceu punir,

77 616 1209 92 Il l’a fait en braue homme, & le doit souſtenir.

555 684 343 78 LE ROY.

82 742 1187 100 Puiſque vous le voulez i'accorde qu’il le faſſe,

82 813 1231 104 Mais d’vn guerrier vaincu mille prendroient la

204 900 151 74 place,

80 942 1252 95 Et le prix que Chimene au vainqueur a promis,

82 1017 1070 76 De tous mes Caualiers feroit ses ennemis.

85 1081 1125 87 L’oppoſer ſeul à tous ſeroit trop d’iniuſtice,

85 1149 1008 85 Il ſuffit qu’vne fois il entre dans la lice,

87 1205 1269 90 Choiſy qui tu voudras, Chimene, & choiſy bien,

87 1283 1155 83 Mais apres ce combat ne demande plus rien.

479 1346 466 80 D. DIEGVE.

90 1397 1276 98 N'excuſez point par là ceux que son bras eſtonne,

87 1480 1199 75 Laissez vn camp ouuert où n’entrera perſonne.

92 1546 1226 78 Apres ce que Rodrigue a fait voir auiourd’huy,

97 1604 1228 90 Quel courage assez vain s’oſeroit prendre à luy?

92 1677 1128 68 Qui ſe hazarderoit contre vn tel aduerſaires?

92 1738 1155 85 Qui ſeroit ce vaillant, ou bien ce temeraire?

458 1809 553 78 D. SANCHE.

92 1867 1179 83 Faites ouurir le camp, vous voyez l’aſſaillant

95 1940 1115 76 Ie ſuis ce temeraire, ou pluſtoſt ce vaillant.

99 2006 1177 73 Accordez cette grace à l’ardeur qui me preſſe,

99 2052 1260 100 Madame, vous ſçauez quelle est voſtre promeſſe.

584 2137 346 78 LE ROY.

102 2184 1138 117 Chimene, remets-tu ta querelle en ſa main?

516 2271 426 83 CHIMENE.

112 2325 484 97 Sire, ie l’ay promis.

523 2403 407 75 LE ROY.

774 2430 565 134 Soyez preſt à demain.

358 148 752 90 TRAGI-COMEDIE.

1335 150 63 130 69
