<alto xmlns:xsi="http://www.w3.org/2001/XMLSchema-instance" xmlns="http://www.loc.gov/standards/alto/ns-v4#" xsi:schemaLocation="http://www.loc.gov/standards/alto/ns-v4# http://www.loc.gov/standards/alto/v4/alto-4-2.xsd">
  <Description>
    <MeasurementUnit>pixel</MeasurementUnit>
    <sourceImageInformation>
      <fileName>87_8ba3d_default.jpg</fileName>
    </sourceImageInformation>
  </Description>
  <Tags>
    <OtherTag ID="BT1" LABEL="Title" DESCRIPTION="block type Title"/>
    <OtherTag ID="BT2" LABEL="Main" DESCRIPTION="block type Main"/>
    <OtherTag ID="BT1206" LABEL="Damage" DESCRIPTION="block type Damage"/>
    <OtherTag ID="BT1207" LABEL="Decoration" DESCRIPTION="block type Decoration"/>
    <OtherTag ID="BT1208" LABEL="DropCapital" DESCRIPTION="block type DropCapital"/>
    <OtherTag ID="BT1209" LABEL="Figure" DESCRIPTION="block type Figure"/>
    <OtherTag ID="BT1210" LABEL="Margin" DESCRIPTION="block type Margin"/>
    <OtherTag ID="BT1211" LABEL="MusicNotation" DESCRIPTION="block type MusicNotation"/>
    <OtherTag ID="BT1212" LABEL="Numbering" DESCRIPTION="block type Numbering"/>
    <OtherTag ID="BT1213" LABEL="RunningTitle" DESCRIPTION="block type RunningTitle"/>
    <OtherTag ID="BT1214" LABEL="Seal" DESCRIPTION="block type Seal"/>
    <OtherTag ID="BT1215" LABEL="Signatures" DESCRIPTION="block type Signatures"/>
    <OtherTag ID="BT1216" LABEL="Stamp" DESCRIPTION="block type Stamp"/>
    <OtherTag ID="BT1217" LABEL="Table" DESCRIPTION="block type Table"/>
    <OtherTag ID="LT398" LABEL="Default" DESCRIPTION="line type Default"/>
    <OtherTag ID="LT399" LABEL="DropCapitalLine" DESCRIPTION="line type DropCapitalLine"/>
    <OtherTag ID="LT400" LABEL="Interlinear" DESCRIPTION="line type Interlinear"/>
    <OtherTag ID="LT401" LABEL="MusicLine" DESCRIPTION="line type MusicLine"/>
    <OtherTag ID="LT402" LABEL="Rubric" DESCRIPTION="line type Rubric"/>
  </Tags>
  <Layout>
    <Page WIDTH="1733" HEIGHT="2916" PHYSICAL_IMG_NR="76" ID="eSc_dummypage_">
      <PrintSpace HPOS="0" VPOS="0" WIDTH="1733" HEIGHT="2916">
        <TextBlock HPOS="262.0" VPOS="223.0" WIDTH="1383.0" HEIGHT="2185.0" ID="eSc_textblock_5fe37771" TAGREFS="BT2">
          <Shape>
            <Polygon POINTS="1626 252 1645 2155 1616 2378 447 2408 262 2359 272 262 311 233 707 223"/>
          </Shape>
          <TextLine ID="eSc_line_c27cf15d" TAGREFS="LT398" BASELINE="656 267 1269 281" HPOS="651.0" VPOS="223.0" WIDTH="617.0" HEIGHT="73.0">
            <Shape>
              <Polygon POINTS="653 245 658 223 758 233 882 223 911 235 938 223 1001 223 1032 238 1103 223 1268 225 1266 296 1229 284 1190 296 1154 279 1139 289 1118 267 1057 291 1020 279 1008 289 926 284 899 262 862 286 838 281 816 260 755 257 717 257 690 284 651 281"/>
            </Shape>
            <String CONTENT="D. DIEGVE." HPOS="651.0" VPOS="223.0" WIDTH="617.0" HEIGHT="73.0"/>
          </TextLine>
          <TextLine ID="eSc_line_8f755c05" TAGREFS="LT398" BASELINE="281 340 644 328 1290 340 1443 352" HPOS="281.0" VPOS="277.0" WIDTH="1162.0" HEIGHT="87.0">
            <Shape>
              <Polygon POINTS="281 340 281 277 330 286 350 279 364 294 393 277 420 298 459 279 525 279 556 298 578 279 622 279 658 298 678 291 690 301 707 301 724 284 741 284 758 301 804 284 850 301 947 284 1042 284 1059 301 1103 294 1125 303 1164 286 1190 306 1329 306 1344 296 1353 306 1441 306 1443 352 1441 364 1412 354 1397 364 1346 364 1336 354 1307 364 1215 364 1200 352 1171 349 1159 359 1137 347 1105 357 991 349 979 359 962 349 933 359 913 345 887 359 826 359 809 347 797 357 753 347 729 359 702 345 675 359 627 342 566 342 554 354 537 342 507 354 471 342 405 357 381 347 281 349"/>
            </Shape>
            <String CONTENT="Non, Sire, il ne faut pas differer dauantage," HPOS="281.0" VPOS="277.0" WIDTH="1162.0" HEIGHT="87.0"/>
          </TextLine>
          <TextLine ID="eSc_line_fd79f0d0" TAGREFS="LT398" BASELINE="284 403 1020 400 1604 420" HPOS="284.0" VPOS="354.0" WIDTH="1320.0" HEIGHT="95.0">
            <Shape>
              <Polygon POINTS="284 403 284 366 298 354 347 366 454 354 481 369 556 357 610 357 619 366 644 357 714 371 806 371 821 362 845 371 896 362 913 371 974 362 986 374 1028 374 1037 364 1135 374 1154 362 1200 364 1220 376 1237 364 1266 376 1339 364 1351 376 1380 379 1562 379 1594 366 1604 420 1601 449 1521 449 1502 432 1468 447 1417 427 1346 437 1334 430 1324 439 1283 430 1271 439 1244 422 1210 430 1183 417 1115 425 1062 415 1013 434 996 417 943 425 911 408 816 430 782 413 746 422 719 408 641 430 602 410 585 425 573 413 551 422 495 413 486 422 469 405 444 420 335 417 284 437"/>
            </Shape>
            <String CONTENT="On eſt touſiours trop preſt quand on a du courage." HPOS="284.0" VPOS="354.0" WIDTH="1320.0" HEIGHT="95.0"/>
          </TextLine>
          <TextLine ID="eSc_line_490f2cd6" TAGREFS="LT398" BASELINE="792 459 1139 473" HPOS="792.0" VPOS="415.0" WIDTH="347.0" HEIGHT="80.0">
            <Shape>
              <Polygon POINTS="792 459 792 415 816 430 850 420 911 434 950 420 989 437 1120 427 1139 442 1137 495 792 478"/>
            </Shape>
            <String CONTENT="LE ROY." HPOS="792.0" VPOS="415.0" WIDTH="347.0" HEIGHT="80.0"/>
          </TextLine>
          <TextLine ID="eSc_line_2b0aa91b" TAGREFS="LT398" BASELINE="277 539 1001 532 1448 554" HPOS="277.0" VPOS="481.0" WIDTH="1171.0" HEIGHT="82.0">
            <Shape>
              <Polygon POINTS="277 539 277 481 342 503 374 493 381 500 398 483 430 495 444 483 522 483 673 505 758 486 799 486 823 505 862 486 909 505 977 505 1030 486 1050 503 1091 498 1108 507 1132 498 1166 507 1186 488 1203 500 1222 488 1271 488 1295 503 1312 490 1341 490 1368 507 1392 493 1409 505 1443 503 1448 554 1446 563 1310 563 1280 554 1261 563 1210 554 1115 554 1091 563 1057 546 1020 561 1001 546 981 556 950 546 845 556 826 546 814 558 785 551 770 561 758 551 709 558 658 544 646 556 622 544 602 558 578 544 493 544 469 554 452 544 422 558 277 556"/>
            </Shape>
            <String CONTENT="Sortir d’vne bataille &amp; combatre à l’inſtant!" HPOS="277.0" VPOS="481.0" WIDTH="1171.0" HEIGHT="82.0"/>
          </TextLine>
          <TextLine ID="eSc_line_403c977a" TAGREFS="LT398" BASELINE="675 600 1229 600" HPOS="675.0" VPOS="561.0" WIDTH="554.0" HEIGHT="63.0">
            <Shape>
              <Polygon POINTS="675 600 675 583 687 575 787 583 821 566 838 583 860 571 884 583 906 568 918 578 967 561 994 578 1042 561 1076 580 1101 561 1135 561 1154 575 1171 561 1203 561 1227 578 1229 600 1227 624 1186 622 1169 607 1137 607 1120 624 1098 607 1030 624 923 624 872 607 843 624 809 607 758 607 743 619 726 609 709 624 675 624"/>
            </Shape>
            <String CONTENT="D. D.IEGVE." HPOS="675.0" VPOS="561.0" WIDTH="554.0" HEIGHT="63.0"/>
          </TextLine>
          <TextLine ID="eSc_line_3334e15d" TAGREFS="LT398" BASELINE="274 670 624 663 1477 675" HPOS="274.0" VPOS="614.0" WIDTH="1203.0" HEIGHT="90.0">
            <Shape>
              <Polygon POINTS="274 670 274 614 415 614 464 619 478 631 507 622 590 631 610 617 685 634 712 622 734 634 770 619 799 634 819 619 857 619 877 634 947 626 955 636 1120 636 1135 622 1161 636 1251 626 1273 639 1353 639 1363 629 1431 639 1472 629 1477 675 1470 694 1448 702 1414 687 1361 692 1348 704 1310 690 1147 699 1125 685 1023 685 994 697 981 685 947 685 930 697 887 682 738 682 685 697 648 680 617 697 571 697 549 680 512 697 376 694 354 682 335 694 274 694"/>
            </Shape>
            <String CONTENT="Rodrigue a pris haleine en vous la racontant." HPOS="274.0" VPOS="614.0" WIDTH="1203.0" HEIGHT="90.0"/>
          </TextLine>
          <TextLine ID="eSc_line_4296bf1c" TAGREFS="LT398" BASELINE="802 726 1156 733" HPOS="802.0" VPOS="680.0" WIDTH="354.0" HEIGHT="80.0">
            <Shape>
              <Polygon POINTS="802 726 802 680 840 697 884 682 933 702 977 687 996 702 1042 690 1076 704 1105 687 1130 704 1154 704 1156 733 1154 760 1105 758 1081 741 1037 755 1020 738 960 755 940 738 921 746 911 736 857 753 845 743 802 753"/>
            </Shape>
            <String CONTENT="LE ROY." HPOS="802.0" VPOS="680.0" WIDTH="354.0" HEIGHT="80.0"/>
          </TextLine>
          <TextLine ID="eSc_line_e9caf953" TAGREFS="LT398" BASELINE="272 804 410 794 1623 806" HPOS="272.0" VPOS="748.0" WIDTH="1351.0" HEIGHT="102.0">
            <Shape>
              <Polygon POINTS="272 804 272 748 306 748 328 765 403 765 418 753 456 760 498 748 544 767 619 767 644 750 729 750 763 767 792 750 823 770 879 770 899 755 916 770 960 770 977 753 1003 753 1020 770 1081 760 1118 770 1144 755 1164 772 1183 763 1195 772 1237 770 1251 758 1288 772 1368 772 1400 758 1487 758 1536 772 1572 758 1589 775 1621 775 1623 806 1621 850 1526 850 1494 823 1460 838 1404 816 1353 848 1307 818 1234 823 1217 835 1200 818 1105 833 1074 816 1040 823 1006 814 984 823 967 811 904 826 879 816 855 828 840 816 814 823 804 814 770 814 753 831 695 811 658 814 629 831 593 814 546 828 529 811 483 809 444 826 427 811 398 821 369 814 337 835 325 826 272 835"/>
            </Shape>
            <String CONTENT="Du moins, vne heure, ou deux, ie veux qu’il ſe de¬" HPOS="272.0" VPOS="748.0" WIDTH="1351.0" HEIGHT="102.0"/>
          </TextLine>
          <TextLine ID="eSc_line_88b93c31" TAGREFS="LT398" BASELINE="415 857 556 865" HPOS="415.0" VPOS="814.0" WIDTH="141.0" HEIGHT="70.0">
            <Shape>
              <Polygon POINTS="415 857 418 818 427 814 439 823 510 814 534 828 556 826 554 884 415 877"/>
            </Shape>
            <String CONTENT="laſſe." HPOS="415.0" VPOS="814.0" WIDTH="141.0" HEIGHT="70.0"/>
          </TextLine>
          <TextLine ID="eSc_line_4113b40e" TAGREFS="LT398" BASELINE="269 930 1084 928 1623 950" HPOS="269.0" VPOS="874.0" WIDTH="1354.0" HEIGHT="107.0">
            <Shape>
              <Polygon POINTS="269 930 269 874 398 874 415 891 442 874 473 894 571 894 588 877 614 877 644 891 665 884 680 896 719 879 765 896 799 896 814 882 855 896 882 879 923 899 955 882 994 882 1011 899 1032 899 1047 884 1096 899 1156 884 1193 901 1290 901 1319 884 1336 901 1387 903 1429 903 1451 886 1485 903 1506 894 1526 903 1543 891 1587 894 1621 903 1623 950 1621 981 1472 981 1438 959 1402 972 1324 967 1285 952 1263 962 1215 954 1193 942 1125 962 1110 947 1071 959 1011 940 964 952 940 974 887 959 870 942 826 952 789 940 755 954 707 937 651 964 627 942 515 962 488 945 469 952 420 933 357 957 325 945 269 947"/>
            </Shape>
            <String CONTENT="Mais de peur qu’en exemple vn tel combat ne paſſe." HPOS="269.0" VPOS="874.0" WIDTH="1354.0" HEIGHT="107.0"/>
          </TextLine>
          <TextLine ID="eSc_line_24886bea" TAGREFS="LT398" BASELINE="274 996 809 993 1502 1010" HPOS="274.0" VPOS="950.0" WIDTH="1228.0" HEIGHT="85.0">
            <Shape>
              <Polygon POINTS="274 996 274 950 318 962 437 964 495 952 517 964 532 952 563 964 576 952 612 952 651 967 724 954 741 964 755 954 802 964 840 957 853 969 889 957 913 969 1059 959 1093 972 1147 959 1176 972 1190 962 1251 962 1276 974 1324 967 1363 976 1380 967 1395 976 1414 967 1426 976 1499 976 1502 1010 1499 1035 1441 1035 1426 1020 1395 1032 1348 1018 1280 1030 1263 1015 1232 1015 1220 1027 1181 1015 1149 1032 1103 1027 1081 1010 1050 1020 1013 1010 972 1030 935 1008 909 1020 855 1008 836 1020 823 1010 797 1018 753 1006 741 1015 648 1013 634 1025 614 1025 600 1010 554 1020 527 1008 515 1020 495 1006 469 1015 459 1006 439 1018 418 1003 376 1015 352 1008 337 1018 274 1018"/>
            </Shape>
            <String CONTENT="Pour teſmoigner à tous, qu’à regret ie permets" HPOS="274.0" VPOS="950.0" WIDTH="1228.0" HEIGHT="85.0"/>
          </TextLine>
          <TextLine ID="eSc_line_63d30f13" TAGREFS="LT398" BASELINE="272 1059 950 1059 1482 1076" HPOS="272.0" VPOS="1015.0" WIDTH="1210.0" HEIGHT="80.0">
            <Shape>
              <Polygon POINTS="272 1059 274 1015 332 1015 354 1027 401 1015 415 1027 488 1030 512 1018 534 1030 627 1023 685 1032 836 1020 850 1032 884 1035 913 1023 950 1023 967 1035 996 1023 1062 1023 1096 1037 1198 1025 1215 1037 1273 1030 1285 1040 1409 1040 1434 1027 1446 1040 1480 1040 1482 1076 1480 1095 1378 1095 1344 1083 1322 1095 1280 1081 1232 1093 1198 1093 1188 1083 1122 1093 1081 1078 1062 1091 1035 1078 943 1078 884 1091 853 1076 700 1088 668 1074 648 1086 605 1074 486 1086 415 1074 342 1083 272 1069"/>
            </Shape>
            <String CONTENT="Vn ſanglant procedé qui ne me pleut iamais," HPOS="272.0" VPOS="1015.0" WIDTH="1210.0" HEIGHT="80.0"/>
          </TextLine>
          <TextLine ID="eSc_line_a6a0d7ff" TAGREFS="LT398" BASELINE="269 1122 559 1137 753 1125 1477 1137" HPOS="269.0" VPOS="1076.0" WIDTH="1208.0" HEIGHT="87.0">
            <Shape>
              <Polygon POINTS="269 1122 269 1083 281 1076 311 1078 325 1093 393 1093 403 1083 435 1093 444 1083 471 1095 610 1095 619 1086 675 1093 695 1083 714 1098 731 1086 763 1100 823 1086 838 1100 916 1100 930 1088 1032 1088 1088 1105 1098 1095 1147 1100 1181 1091 1220 1108 1385 1095 1400 1110 1475 1110 1477 1137 1472 1161 1409 1151 1395 1163 1319 1159 1307 1149 1229 1161 1171 1146 1115 1159 1035 1144 1023 1156 994 1156 977 1144 918 1156 845 1142 770 1142 753 1151 734 1139 687 1139 668 1151 610 1142 595 1151 520 1142 452 1149 425 1137 393 1146 340 1146 325 1134 306 1144 269 1139"/>
            </Shape>
            <String CONTENT="De moy, ny de ma Cour il n’aura la preſence." HPOS="269.0" VPOS="1076.0" WIDTH="1208.0" HEIGHT="87.0"/>
          </TextLine>
          <TextLine ID="eSc_line_c31f7acb" TAGREFS="LT398" BASELINE="274 1190 1494 1200" HPOS="274.0" VPOS="1149.0" WIDTH="1220.0" HEIGHT="73.0">
            <Shape>
              <Polygon POINTS="274 1190 279 1149 323 1159 364 1149 376 1161 405 1161 422 1149 488 1161 510 1149 556 1149 583 1163 663 1163 687 1154 721 1163 775 1151 787 1163 865 1156 887 1166 909 1154 1015 1154 1042 1166 1062 1156 1135 1166 1171 1154 1190 1168 1261 1168 1288 1156 1334 1156 1358 1168 1485 1163 1494 1200 1489 1222 1225 1222 1088 1210 1042 1219 906 1210 887 1219 872 1210 804 1207 712 1207 685 1217 605 1207 580 1217 546 1205 461 1215 452 1205 352 1205 296 1215 274 1202"/>
            </Shape>
            <String CONTENT="Vous ſeul des combatans iugerez la vaillance:" HPOS="274.0" VPOS="1149.0" WIDTH="1220.0" HEIGHT="73.0"/>
          </TextLine>
          <TextLine ID="eSc_line_6cf50af8" TAGREFS="LT398" BASELINE="269 1256 1144 1261 1475 1278" HPOS="269.0" VPOS="1212.0" WIDTH="1206.0" HEIGHT="90.0">
            <Shape>
              <Polygon POINTS="269 1256 269 1217 289 1212 340 1224 447 1215 459 1227 483 1215 517 1227 566 1227 576 1217 614 1227 631 1217 648 1229 719 1219 748 1229 785 1217 884 1219 909 1232 933 1219 1008 1219 1020 1232 1064 1234 1127 1234 1137 1224 1205 1234 1220 1224 1261 1236 1288 1227 1307 1236 1460 1236 1470 1227 1475 1278 1472 1302 1397 1302 1319 1280 1280 1290 1246 1278 1190 1300 1152 1280 1118 1285 1103 1273 1069 1287 1018 1270 977 1273 955 1292 916 1275 892 1295 845 1273 823 1283 775 1268 753 1283 678 1275 665 1287 636 1270 576 1292 534 1268 525 1278 473 1270 439 1283 415 1270 362 1270 328 1287 294 1275 269 1280"/>
            </Shape>
            <String CONTENT="Avez ſoin que tous deux faſſent en gens cœur," HPOS="269.0" VPOS="1212.0" WIDTH="1206.0" HEIGHT="90.0"/>
          </TextLine>
          <TextLine ID="eSc_line_5b1f25b8" TAGREFS="LT398" BASELINE="264 1324 1373 1334" HPOS="264.0" VPOS="1283.0" WIDTH="1109.0" HEIGHT="70.0">
            <Shape>
              <Polygon POINTS="264 1324 267 1297 323 1297 345 1283 371 1295 430 1287 439 1297 471 1287 490 1297 534 1283 578 1300 605 1300 624 1285 663 1295 675 1287 687 1300 726 1300 746 1285 787 1300 945 1290 984 1300 1018 1287 1071 1287 1101 1302 1149 1290 1183 1304 1263 1295 1370 1304 1373 1334 1363 1353 1127 1353 1118 1343 1098 1353 1086 1341 872 1341 862 1351 806 1338 719 1338 709 1348 427 1336 374 1346 264 1341"/>
            </Shape>
            <String CONTENT="Et le combat finy m’amenez le vainqueur." HPOS="264.0" VPOS="1283.0" WIDTH="1109.0" HEIGHT="70.0"/>
          </TextLine>
          <TextLine ID="eSc_line_1ad95eea" TAGREFS="LT398" BASELINE="274 1404 405 1392 1098 1392 1538 1411" HPOS="274.0" VPOS="1341.0" WIDTH="1264.0" HEIGHT="99.0">
            <Shape>
              <Polygon POINTS="274 1404 279 1341 335 1358 381 1343 422 1358 473 1358 490 1343 532 1343 546 1355 641 1346 685 1360 726 1360 743 1346 772 1358 804 1346 831 1360 870 1348 896 1363 926 1363 947 1348 972 1363 1020 1363 1057 1348 1103 1363 1118 1351 1149 1353 1161 1365 1261 1365 1273 1355 1322 1365 1361 1353 1375 1368 1424 1368 1438 1353 1538 1353 1536 1440 1453 1440 1429 1419 1390 1436 1368 1419 1283 1421 1256 1406 1234 1421 1210 1411 1176 1431 1088 1404 1013 1421 994 1406 977 1416 918 1409 892 1428 862 1406 850 1419 814 1404 692 1409 682 1399 665 1416 631 1406 576 1419 549 1404 527 1411 488 1399 447 1426 393 1411 337 1431 306 1426 274 1404"/>
            </Shape>
            <String CONTENT="Quel qu’il ſoit, meſme prix eſt acquis à ſa peine." HPOS="274.0" VPOS="1341.0" WIDTH="1264.0" HEIGHT="99.0"/>
          </TextLine>
          <TextLine ID="eSc_line_1cd41b32" TAGREFS="LT398" BASELINE="269 1453 1115 1458 1421 1475" HPOS="269.0" VPOS="1409.0" WIDTH="1152.0" HEIGHT="92.0">
            <Shape>
              <Polygon POINTS="269 1453 269 1409 306 1423 369 1426 452 1426 481 1411 546 1423 568 1411 617 1428 782 1428 811 1416 833 1431 867 1431 977 1416 996 1428 1050 1433 1069 1421 1081 1433 1144 1419 1166 1433 1188 1421 1268 1421 1290 1436 1314 1423 1419 1436 1421 1475 1419 1501 1346 1501 1278 1482 1210 1484 1173 1470 1127 1484 1110 1472 991 1484 921 1472 879 1492 843 1477 804 1484 792 1472 738 1487 702 1470 682 1489 610 1467 583 1479 529 1470 507 1484 493 1472 459 1482 447 1475 396 1492 364 1472 347 1482 303 1467 269 1477"/>
            </Shape>
            <String CONTENT="Ie le veux de ma main preſenter à Chimene," HPOS="269.0" VPOS="1409.0" WIDTH="1152.0" HEIGHT="92.0"/>
          </TextLine>
          <TextLine ID="eSc_line_8f3ce84f" TAGREFS="LT398" BASELINE="262 1526 1096 1523 1348 1538" HPOS="262.0" VPOS="1482.0" WIDTH="1086.0" HEIGHT="73.0">
            <Shape>
              <Polygon POINTS="262 1526 262 1482 303 1494 352 1484 391 1496 437 1484 447 1494 505 1484 532 1496 597 1496 612 1482 772 1496 828 1482 855 1494 952 1482 969 1494 1059 1496 1074 1482 1103 1482 1120 1496 1173 1496 1190 1482 1215 1482 1227 1494 1263 1482 1278 1496 1346 1496 1348 1538 1344 1555 1249 1552 1239 1543 1127 1550 1105 1540 1047 1555 1011 1540 875 1540 862 1552 780 1540 763 1555 743 1555 729 1540 658 1543 641 1555 568 1540 529 1555 486 1543 471 1555 262 1545"/>
            </Shape>
            <String CONTENT="Et que pour récompence il recoiue ſa foy." HPOS="262.0" VPOS="1482.0" WIDTH="1086.0" HEIGHT="73.0"/>
          </TextLine>
          <TextLine ID="eSc_line_70d84f58" TAGREFS="LT398" BASELINE="746 1584 1176 1591" HPOS="746.0" VPOS="1543.0" WIDTH="430.0" HEIGHT="68.0">
            <Shape>
              <Polygon POINTS="746 1584 746 1550 811 1543 899 1555 935 1545 996 1555 1023 1545 1035 1557 1171 1547 1176 1591 1169 1611 746 1603"/>
            </Shape>
            <String CONTENT="CHIMENE." HPOS="746.0" VPOS="1543.0" WIDTH="430.0" HEIGHT="68.0"/>
          </TextLine>
          <TextLine ID="eSc_line_0b055850" TAGREFS="LT398" BASELINE="262 1652 1348 1662" HPOS="262.0" VPOS="1606.0" WIDTH="1086.0" HEIGHT="102.0">
            <Shape>
              <Polygon POINTS="262 1652 262 1606 315 1606 332 1620 369 1606 391 1620 410 1611 422 1618 435 1606 473 1620 515 1606 568 1623 593 1608 619 1623 646 1611 704 1608 731 1623 806 1625 843 1613 860 1625 930 1625 962 1611 991 1623 1030 1611 1050 1625 1098 1625 1120 1613 1135 1628 1193 1628 1234 1613 1259 1628 1285 1618 1297 1628 1346 1628 1348 1662 1346 1708 1254 1708 1203 1679 1188 1686 1088 1671 1042 1686 1028 1671 969 1679 955 1666 918 1683 816 1679 804 1669 768 1681 670 1669 619 1679 573 1671 554 1686 529 1662 500 1683 444 1666 391 1683 350 1669 325 1683 303 1674 294 1683 262 1681"/>
            </Shape>
            <String CONTENT="Sire, c’eſt me donner vne trop dure Loy." HPOS="262.0" VPOS="1606.0" WIDTH="1086.0" HEIGHT="102.0"/>
          </TextLine>
          <TextLine ID="eSc_line_15f3fea1" TAGREFS="LT398" BASELINE="721 1715 1081 1722" HPOS="721.0" VPOS="1676.0" WIDTH="360.0" HEIGHT="76.0">
            <Shape>
              <Polygon POINTS="721 1715 721 1676 758 1691 802 1676 843 1693 875 1679 906 1679 918 1691 960 1679 991 1696 1025 1681 1074 1686 1081 1722 1079 1752 1042 1752 1013 1730 991 1730 974 1747 938 1735 894 1735 882 1744 840 1725 804 1744 775 1735 748 1744 721 1730"/>
            </Shape>
            <String CONTENT="LE ROY." HPOS="721.0" VPOS="1676.0" WIDTH="360.0" HEIGHT="76.0"/>
          </TextLine>
          <TextLine ID="eSc_line_bd08ffe7" TAGREFS="LT398" BASELINE="262 1783 957 1788 1142 1805 1489 1793" HPOS="262.0" VPOS="1737.0" WIDTH="1227.0" HEIGHT="78.0">
            <Shape>
              <Polygon POINTS="262 1783 262 1737 328 1747 345 1739 364 1754 384 1737 410 1752 464 1754 495 1754 512 1737 566 1737 595 1749 629 1742 646 1754 729 1752 780 1737 819 1756 870 1754 884 1742 904 1754 940 1742 952 1754 967 1744 991 1756 1025 1739 1081 1739 1098 1749 1118 1739 1203 1739 1225 1756 1266 1742 1283 1756 1339 1756 1351 1744 1378 1756 1487 1749 1489 1793 1482 1815 1242 1815 1210 1805 1181 1815 1054 1815 1040 1805 998 1815 957 1805 933 1815 870 1805 826 1815 811 1803 768 1812 721 1812 709 1803 695 1812 607 1803 546 1803 532 1812 306 1803 286 1812 262 1803"/>
            </Shape>
            <String CONTENT="Tu t'en plains, mais ton feu loing d’aduoüer ta" HPOS="262.0" VPOS="1737.0" WIDTH="1227.0" HEIGHT="78.0"/>
          </TextLine>
          <TextLine ID="eSc_line_19fef8a3" TAGREFS="LT398" BASELINE="410 1861 612 1854" HPOS="408.0" VPOS="1810.0" WIDTH="202.0" HEIGHT="70.0">
            <Shape>
              <Polygon POINTS="410 1861 408 1820 430 1812 469 1820 503 1810 539 1824 610 1820 607 1875 439 1866 410 1880"/>
            </Shape>
            <String CONTENT="plainte," HPOS="408.0" VPOS="1810.0" WIDTH="202.0" HEIGHT="70.0"/>
          </TextLine>
          <TextLine ID="eSc_line_1df45d9a" TAGREFS="LT398" BASELINE="262 1917 1525 1932 1605 1930" HPOS="257.0" VPOS="1861.0" WIDTH="1447.0" HEIGHT="97.0">
            <Shape>
              <Polygon POINTS="260 1895 260 1861 296 1861 330 1878 354 1868 379 1880 425 1880 442 1866 461 1883 505 1883 534 1868 576 1883 658 1875 682 1885 714 1866 746 1866 828 1888 981 1888 1013 1871 1042 1888 1062 1875 1101 1890 1137 1878 1152 1890 1239 1892 1254 1878 1285 1890 1314 1875 1334 1892 1356 1892 1382 1873 1421 1878 1438 1895 1458 1895 1482 1875 1704 1898 1572 1951 1571 1952 1499 1958 1431 1946 1402 1953 1385 1944 1280 1953 1271 1944 1205 1951 1193 1941 1159 1953 1076 1953 1042 1941 981 1939 952 1951 938 1939 872 1939 855 1951 819 1951 785 1936 712 1946 687 1936 619 1944 597 1934 578 1946 495 1946 476 1934 459 1946 367 1944 328 1931 311 1944 257 1944"/>
            </Shape>
            <String CONTENT="Si Rodrigue est vainqueur, l’accepte ſans contrain¬" HPOS="257.0" VPOS="1861.0" WIDTH="1447.0" HEIGHT="97.0"/>
          </TextLine>
          <TextLine ID="eSc_line_b47bf8e7" TAGREFS="LT398" BASELINE="403 1982 476 1982" HPOS="403.0" VPOS="1948.0" WIDTH="70.0" HEIGHT="54.0">
            <Shape>
              <Polygon POINTS="403 1982 403 1948 473 1953 473 2002 403 1999"/>
            </Shape>
            <String CONTENT="te." HPOS="403.0" VPOS="1948.0" WIDTH="70.0" HEIGHT="54.0"/>
          </TextLine>
          <TextLine ID="eSc_line_25bf568e" TAGREFS="LT398" BASELINE="262 2046 1417 2060" HPOS="262.0" VPOS="1999.0" WIDTH="1155.0" HEIGHT="81.0">
            <Shape>
              <Polygon POINTS="262 2046 267 1999 386 1999 401 2014 420 2014 435 1999 456 2016 573 2016 583 2007 622 2016 636 2007 648 2019 717 2019 734 2004 755 2004 770 2019 892 2007 911 2021 1015 2014 1045 2024 1113 2024 1159 2009 1205 2019 1225 2009 1254 2024 1271 2012 1346 2026 1400 2014 1414 2026 1417 2060 1402 2080 262 2063"/>
            </Shape>
            <String CONTENT="Ceſſe de murmurer contre vn arreſt ſi doux," HPOS="262.0" VPOS="1999.0" WIDTH="1155.0" HEIGHT="81.0"/>
          </TextLine>
          <TextLine ID="eSc_line_5040f9f4" TAGREFS="LT398" BASELINE="260 2133 469 2118 736 2116 1142 2138 1273 2128 1485 2133" HPOS="260.0" VPOS="2067.0" WIDTH="1225.0" HEIGHT="105.0">
            <Shape>
              <Polygon POINTS="260 2133 260 2080 277 2067 478 2084 505 2072 525 2084 593 2072 607 2084 631 2072 648 2087 678 2087 690 2075 770 2087 782 2075 809 2075 865 2089 960 2077 984 2092 1067 2080 1079 2092 1307 2094 1387 2084 1400 2094 1458 2084 1485 2097 1482 2172 1431 2172 1409 2157 1351 2167 1295 2143 1251 2143 1205 2169 1169 2152 1149 2162 1118 2143 1030 2160 986 2157 950 2138 882 2155 857 2138 811 2165 789 2150 780 2160 760 2155 741 2135 685 2148 641 2133 571 2133 556 2148 534 2135 520 2145 478 2133 447 2157 260 2152"/>
            </Shape>
            <String CONTENT="Qui que ce ſoit des deux, i’en feray ton eſpoux." HPOS="260.0" VPOS="2067.0" WIDTH="1225.0" HEIGHT="105.0"/>
          </TextLine>
          <TextLine ID="eSc_line_1cc50c64" TAGREFS="LT398" BASELINE="456 2342 670 2340 828 2352 1419 2337" HPOS="456.0" VPOS="2247.0" WIDTH="963.0" HEIGHT="168.0">
            <Shape>
              <Polygon POINTS="456 2342 456 2259 559 2259 580 2281 614 2289 624 2279 641 2296 712 2276 731 2286 760 2274 814 2281 833 2272 862 2286 879 2272 889 2281 916 2284 928 2274 974 2289 1001 2267 1047 2281 1086 2252 1142 2289 1249 2286 1305 2255 1317 2264 1358 2247 1392 2276 1417 2269 1419 2403 1222 2408 1203 2391 1159 2410 1144 2400 1030 2410 1003 2395 926 2388 904 2408 887 2400 872 2412 860 2403 845 2415 806 2391 741 2391 721 2403 600 2393 571 2410 529 2395 505 2412 471 2405 459 2415"/>
            </Shape>
            <String CONTENT="Fin du quatrieſme Acte." HPOS="456.0" VPOS="2247.0" WIDTH="963.0" HEIGHT="168.0"/>
          </TextLine>
        </TextBlock>
        <TextBlock HPOS="723.0" VPOS="150.0" WIDTH="446.0" HEIGHT="71.0" ID="eSc_textblock_5460d4ef" TAGREFS="BT1213">
          <Shape>
            <Polygon POINTS="726 150 1142 155 1169 221 723 219 728 169"/>
          </Shape>
          <TextLine ID="eSc_line_4ac429fa" TAGREFS="LT398" BASELINE="755 201 1054 201 1156 213" HPOS="755.0" VPOS="140.0" WIDTH="401.0" HEIGHT="88.0">
            <Shape>
              <Polygon POINTS="755 201 755 140 802 155 831 145 848 157 862 145 884 160 950 157 962 145 998 155 1047 145 1154 162 1156 213 1154 228 1040 228 1013 216 964 228 906 213 836 225 755 213"/>
            </Shape>
            <String CONTENT="LE CID," HPOS="755.0" VPOS="140.0" WIDTH="401.0" HEIGHT="88.0"/>
          </TextLine>
        </TextBlock>
        <TextBlock HPOS="272.0" VPOS="145.0" WIDTH="114.0" HEIGHT="85.0" ID="eSc_textblock_f5f71b21" TAGREFS="BT1212">
          <Shape>
            <Polygon POINTS="376 155 386 221 272 230 291 145"/>
          </Shape>
          <TextLine ID="eSc_line_77db3537" TAGREFS="LT398" BASELINE="270 202 370 205" HPOS="267.0" VPOS="143.0" WIDTH="102.0" HEIGHT="100.0">
            <Shape>
              <Polygon POINTS="269 182 269 150 281 143 296 153 313 143 369 155 367 228 332 228 301 243 267 238"/>
            </Shape>
            <String CONTENT="70" HPOS="267.0" VPOS="143.0" WIDTH="102.0" HEIGHT="100.0"/>
          </TextLine>
        </TextBlock>
      </PrintSpace>
    </Page>
  </Layout>
</alto>