1681 2922
73.0 1073.0 182.0 215.0 Q

141.0 438.0 1150.0 173.0 ACTE V.

453.0 715.0 611.0 112.0 SCENE I.

187.0 840.0 1087.0 129.0 D. RODRIGVE. CHIMENE,

404.0 988.0 529.0 100.0 CHIMENE.

267.0 1071.0 1167.0 90.0 Voy, Rodrigue, en plein iour! d'où te vient

397.0 1156.0 377.0 63.0 cette audace?

1196.0 1146.0 226.0 81.0 [grace.

275.0 1210.0 1130.0 87.0 Va, tu me perds d’honneur, retire toy, de

384.0 1278.0 636.0 78.0 D. RODRIGVE.

70.0 1344.0 1296.0 78.0 Ie vay mourir, Madame, & vous viens en ce lieu.

70.0 1412.0 1184.0 78.0 Auant le coup mortel, dire vn dernier Adieu,

75.0 1458.0 1303.0 97.0 Mon amour vous le doit, & mon cœur qui ſouſpire

73.0 1543.0 1259.0 78.0 N’oſe ſans voſtre adueu ſortir de voſtre Empire.

526.0 1609.0 421.0 85.0 CHIMENE,

75.0 1672.0 370.0 78.0 Tu vas mourir!

375.0 1709.0 645.0 107.0 D. RODRIGVE.

465.0 1797.0 840.0 92.0 I’y cours, & le Comte est vangé,

77.0 1867.0 1107.0 88.0 Auſſi-toſt que de vous i’en auray le congé.

528.0 1943.0 419.0 70.0 CHIMENE.

82.0 1996.0 1231.0 83.0 Tu vas mourir! Don Sanche eſt-il ſi redoutable,

82.0 2069.0 1267.0 76.0 Qu’il donne l’eſpouuante à ce cœur indomtable?

87.0 2128.0 1170.0 85.0 Qui t'a rendu ſi foible, ou qui le rend ſi fort ?

85.0 2201.0 1181.0 73.0 Rodeigue va combatre, & ſe croit deſia mort!

85.0 2266.0 1252.0 78.0 Celuy qui n’a pas craint les Mores, ny mon pere!

95.0 2327.0 1162.0 83.0 Va combattre Don Sanche, & deſia deſeſpere!

90.0 2396.0 1045.0 77.0 Ainſi donc au beſoin ton courage s’abat?

358.0 2469.0 660.0 70.0 D. RODRIGVE.

92.0 2527.0 1191.0 105.0 Ie cours à mon ſupplice, & non pas au combat.

248.0 143.0 894.0 95.0 TRAGI-COMEDIE.

1335.0 155.0 70.0 100.0 71
