1733 2916
284 238 1152 77 Et ma fidelle ardeur ſçait bien oſter l’enuie,

289 308 1337 75 Quand vous chercnez ma mort, de defendre ma vie.

289 374 1261 87 I'ay touſiours meſme cœur, mais ie n’ay point de

422 444 122 71 bras

281 505 1296 78 Quand il faut conſeruer ce qui ne vous plaiſt pas,

279 573 1091 78 Et deſia cette nuit m’auroit eſté mortelle

286 646 1070 68 Si i'euſſe combatu par ma ſeule querelle:

281 707 1264 75 Mais defendant mon Roy, ſon peuple, & le pays,

284 772 1033 73 A me defendre mal ie les aurois trahis,

281 821 1145 92 Mon eſprit genereux ne hait pas tant la vie

281 901 1060 73 Qu’'̀ en veuille ſortir par vne perfidie.

291 964 1189 80 Maintenant qu’il s’agit de mon ſeul intereſt;

289 1030 1225 78 Vous demandez ma mort, i’en accepte l’arreſt;

284 1088 1252 88 Voſtre reſſentiment choiſit la main d’vn autre,

279 1166 1125 70 Ie ne meritois pas de mourir de la voſtre;

289 1222 1188 85 On ne me verra point en repouſſer les coups,

289 1285 1234 87 Ie dois plus de reſpect à qui combat pour vous,

281 1348 1352 92 Et rauy de penſer que c’eſt de vous qu’ils viennent.

289 1421 1351 83 Puiſque c’eſt voſtre honneur que ſes armes souſtien¬

289 1492 1123 75 Ie luy vay preſenter mon estomac ouuert,

1475 1484 165 88 [nent,

291 1550 1135 92 Adorant en ſa main la voſtre qui me perd.

775 1623 418 70 CHIMENE.

294 1671 967 93 Si d’vn triſte deuoir la iuſte violence,

303 1742 1274 97 Qui me fait malgré moy pourſuiure ta vaillance,

296 1827 977 68 Preſcrit à ton amour vne ſi forte loy

298 1873 1349 95 Qu’il te rend ſans defence à qui combat pour moy:

301 1953 1218 80 En cét aueuglement ne perds pas là memoire,

308 2021 1079 76 Qu’ainſi que de ta vie, il y va de ta gloire,

303 2075 1349 94 Et que dans quelque eſclat que Rodrigue ait veſcu.

311 2143 1220 92 Quand on le ſçaura mort, on le croira vaincu,

311 2208 1317 88 L'honneur te fut plus cher que ie ne te ſuis chere,

313 2281 1342 80 Puis qu’il trempa tes mains dãs le ſang de mon pere,

308 2344 936 88 Et te fit renonc r malgré ta paſſion

320 2405 1050 93 A l’eſpoir le plus doux de ma poſſeſſion:

323 2468 1132 93 Ie t’en voy cependant faire ſi peu de conte,

325 2534 1318 129 Que ſans rendre combat tu veux qu’on te ſurmõte.

1482 2573 209 124 Quelle

753 172 369 78 LE CID,

286 177 73 75 72
