1681 2922
24.0 243.0 884.0 83.0 QuelIe inégalité rauale ta vertu?

51.0 311.0 1313.0 81.0 Pourquoy ne l’as-tu plus, ou pour quoy l’auois-tus;

60.0 384.0 1335.0 76.0 Quoy? n’es tu genereux que pour me faire outrage?

48.0 450.0 1287.0 71.0 S’il ne faut m’offencer n’as tu point de courage?

51.0 516.0 1123.0 70.0 Et traites-tu mon pere auec tant de rigueur

36.0 579.0 1320.0 78.0 Qu’apres l'avoir vaincu tu ?

56.0 645.0 1339.0 75.0 Non ſans vouloir mourir laiſſe-moy te pourſuiure

34.0 711.0 1249.0 75.0 Et defends ton honneur ſi tu ne veux plus viure.

338.0 774.0 733.0 73.0 D. RODRIGVE.

53.0 842.0 1201.0 73.0 Apres la mort du Comte, & les Mores deffaits,

56.0 913.0 1164.0 70.0 Mon honneur appuvé ſur de ſi grands effets,

58.0 976.0 1206.0 75.0 Contre vn autre ennemy n’a plus à ſe defendre:

60.0 1047.0 1272.0 68.0 On ſçait que mon courage oſe tout entreprendre,

65.0 1107.0 1311.0 76.0 Que ma valeur peut tout, & que deſſous les Cieux,

35.0 1176.0 1290.0 78.0 Quand mon honneur y va, rien ne m’est precieux.

58.0 1244.0 1255.0 73.0 Non, non, en ce combat, quoy, que vous veuïllez

163.0 1314.0 170.0 69.0 croire,

65.0 1368.0 1177.0 80.0 Rodrigus peut mourir ſans hazatder ſa gloire,

58.0 1443.0 1245.0 69.0 Sans qu’on l’oſe accuſer d’auoir manqué de cœur,

60.0 1504.0 1321.0 81.0 Sans paſſer pour vaincu, ſans ſouff ir vn vainqueur.

63.0 1575.0 1001.0 68.0 On dira ſeulement, il adoroit Chimene,

30.0 1636.0 1076.0 75.0 II n’a pas voulu viure & meriter sa haine,

56.0 1706.0 981.0 71.0 Il a cedé luy-meſme à la rigueur du ſort

24.0 1767.0 1218.0 73.0 Qui forçoit ſa maiſtreſſe à pourſuiure ſa mort,

60.0 1835.0 1141.0 74.0 Elle vouloit ſa teſte, & son cœur magnanime

53.0 1904.0 1189.0 68.0 S’il l’en euſt refuſée euſt penſé faire vn crime:

60.0 1967.0 1172.0 75.0 Pour vanger ſon honneur il perdit ſon amour,

63.0 2033.0 1111.0 73.0 Pour vanger ſa maiſtreſſe il a quitté le iour,

63.0 2098.0 952.0 74.0 Preferant ( en dépit de ſon ame rauie )

58.0 2164.0 1179.0 71.0 Son honneur à Chimene, & Chimene à ſa vie.

63.0 2230.0 1174.0 73.0 Ainsi donc vous verrez ma mort en ce combat,

46.0 2288.0 1235.0 83.0 Loin d’obſcurcir ma gloire en rehauſſer l’eſclat,

46.0 2364.0 1164.0 63.0 Et cét honneur ſuiura mon treſpas volontaire,

51.0 2422.0 1284.0 88.0 Que tout autre que moy n’euſt peu vous satiſfaire.

406.0 2498.0 519.0 68.0 CHIMENE.

46.0 2556.0 1147.0 98.0 Puiſque pour t'empeſcher de courir au treſpas

1028.0 2634.0 60.0 85.0 G

260.0 160.0 855.0 110.0 TRAGICOMEDIE.

1325.0 177.0 70.0 90.0 73
