1733 2916
274 235 1135 80 Ta vie & ton honneur sont de foibles apas,

272 306 1295 77 Si iamais ie t’aimay, cher Rodrigue, en reuanche

264 374 1225 82 Deffends toy maintenant pour m’oſter à Don

391 444 209 73 Sanche,

267 505 1164 75 Combats pour m’affranchir d’vne condition

269 568 1031 80 Qui me liure à l’obiet de mon auersion.

267 639 1208 72 Te diray-ie encor plus? va, ſonge à ta defenſe

262 707 1283 70 Pour forcer mon deuoir, pour m’impoſer ſilence,

255 770 1076 73 Et ſi iamais l’amour eſchauffa tes eſprits,

262 818 1293 98 Sors vainqueur d’vn combat dont Chimene eſt le

393 906 141 80 prix.

260 962 1210 82 Adieu, ce mot laſché me fait rougir de honte.

544 1032 783 73 D. RODRIGVE ſeul.

243 1095 1324 81 Eſt-il quelque ennemy qu’à preſent ie ne dompte?

255 1168 1135 73 Parroiſſez Nauarrois, Mores, & Caſtillans,

252 1234 1208 75 Et tout ce que l’Eſpagne a nourry de vaillans,

252 1295 1135 82 Vniſſez vous enſemble, & faites vne armée

252 1353 1177 87 Pour combatre vne main de la ſotte animée,

247 1431 1308 70 Ioignez tous vos efforts contre vn eſpoir ſi doux,

250 1501 1283 97 Pour en venir à bout, c'eſt trop peu que de vous.

768 165 435 75 LE CID,

269 177 76 80 74
