1681 2922
99.0 771.0 105.0 142.0 O

406.0 387.0 697.0 117.0 SCENE III.

270.0 545.0 899.0 95.0 L'INFANTE, LEONOR.

450.0 669.0 609.0 95.0 L’INFANTE.

197.0 774.0 524.0 73.0 V viens-tu Leonor?

443.0 803.0 507.0 100.0 LEONOR.

689.0 869.0 743.0 112.0 Vous teſmoigner, Madame,

90.0 969.0 1128.0 73.0 L’aiſe que ie reſſens du repos de voſtre ame.

531.0 1034.0 472.0 71.0 L’INFANTE.

87.0 1093.0 1301.0 83.0 D’où viendroit ce repos dans vn comble d’ennuy?

511.0 1166.0 478.0 70.0 LEONOR.

90.0 1227.0 1171.0 70.0 Si l'amour vit d’eſpoir, & s’il meurt auec luy,

95.0 1295.0 1230.0 75.0 Rodrigue ne peut plus charmer voſtre courage,

85.0 1358.0 1167.0 81.0 Vous ſçauez le combat où Chimene l’engage,

77.0 1426.0 1340.0 76.0 Puis qu’il faut qu’il y meure, ou qu’il soir ſon mary,

82.0 1490.0 1299.0 95.0 Voſtre eſperance eſt morte & voſtre eſprit guery.

509.0 1555.0 484.0 95.0 L’INFANTE.

82.0 1616.0 590.0 90.0 O qu’il s’en faut encor!

501.0 1687.0 468.0 80.0 LEONOR.

652.0 1760.0 751.0 78.0 Que pouuez-vous pretendre?

472.0 1821.0 500.0 80.0 L'INFANTE.

70.0 1879.0 1338.0 95.0 Mais pluſtoſt quel eſpoir me pourrois-tu defendre

77.0 1948.0 1065.0 92.0 Si Rodrigue combat ſous ces conditions,

75.0 2013.0 1191.0 93.0 Pour en rompre l’effet i’ay trop d’inuentions,

75.0 2079.0 1272.0 93.0 L’amour, ce doux autheur de mes cruels supplices,

75.0 2142.0 1252.0 100.0 Aux eſprits des amans apprend trop d’artifices.

470.0 2218.0 480.0 78.0 LEONOR.

75.0 2259.0 1320.0 115.0 Pourrez-vous quelque chose apres qu’vn pere mort

77.0 2340.0 1180.0 95.0 N'a peu dans leurs eſprits allumer de diſcord?

80.0 2400.0 1223.0 98.0 Car Chimene aiſément monſtre par ſa conduite

77.0 2469.0 1328.0 112.0 Que la haine auiourd'huy ne fait pas sa poursuite.

962.0 2561.0 153.0 76.0 G iij

384.0 70.0 726.0 102.0 TRAGI-COMEDIE.

1381.0 85.0 73.0 104.0 77
