1733 2916
260 177 1263 95 Elle obtient vn combat, & pour ſon combatant,

257 243 1339 104 C’eſt le premier offert qu’elle accepte à l’instant:

262 313 1196 92 Elle ne choiſit point de ces mains genereuſes

274 381 1293 97 Que tant d’exploits fameux rendent ſi glorieuſes,

260 451 1154 78 Don Sanche luy ſuffit,c'eſt la premiere fois

277 520 1105 75 Que ce ieune Seigneur endoſſe le harnois.

269 583 1101 82 Elle aime en ce düel ſon peu d’experience,

272 646 1237 90 Comme il eſt ſans renom, elle eſt ſans défiance,

274 709 1347 95 Vn tel choix, & ſi prompt vous dois bien faire vois

281 777 1276 100 Qu’elle cherche vn combat qui force ſon deuoir,

277 840 1079 93 Et Iiurant à Rodrigue vne victoire aiſée,

277 908 1040 102 Puiſſe l’authoriſer à paroiſtre appaiſée.

702 979 479 73 L’INFANTE.

279 1040 1186 92 Ie le remarque aſſez, & toutesfois mon cœur

281 1110 1089 85 A l’enuy de Chimene adore ce vainqueur.

286 1180 1184 90 A quoy me reſoudray-je, amante infortunée?

697 1241 457 83 LEONOR.

289 1309 1089 78 A vous reſſouuenir de qui vous eſtes née,

286 1375 1225 97 Le Ciel vous doit vn Roy, vous aimez vn ſujet.

656 1438 573 83 L'INEANTE.

291 1504 1060 80 Mon inclinaiton a bien changé d’obiet.

289 1572 1349 92 Ie n'ayme plus Rodrigue, vn simple Gentil-homme,

294 1645 1339 75 Vne ardeur bien plus digne à preſent me conſõme?

296 1708 1344 78 Si i’ayme, c’eſt l’autheur de tant de beaux exploits,

294 1773 1266 78 C’eſt le valeureux Cid, le maiſtre de deux Rois.

296 1844 1342 75 Ie me vaincray pourtant, non de peur d’aucun blas¬

291 1905 1186 77 Mais pour ne troubler pas vne ſi belle flame,

1504 1909 134 76 [ me.

294 1973 1251 80 Et quand pour m’obliger on l’auroit couronné,

303 2038 1330 100 Ie ne veux point reprendre vn bien que i’ay donné.

303 2106 1247 73 Puis qu’en vn tel combat sa victoire eſt certaine

306 2174 1171 71 Allons encor vn coup le donner à Chimene:

298 2235 1330 92 Et toy, qui voit les traits dont mon cœur eſt percé,

308 2303 1211 85 Vien me voir acheuer comme i'ay commené.

668 109 467 85 GIR.

262 109 70 73 78
