<alto xmlns:xsi="http://www.w3.org/2001/XMLSchema-instance" xmlns="http://www.loc.gov/standards/alto/ns-v4#" xsi:schemaLocation="http://www.loc.gov/standards/alto/ns-v4# http://www.loc.gov/standards/alto/v4/alto-4-2.xsd">
  <Description>
    <MeasurementUnit>pixel</MeasurementUnit>
    <sourceImageInformation>
      <fileName>96_8db9d_default.jpg</fileName>
    </sourceImageInformation>
  </Description>
  <Tags>
    <OtherTag ID="BT1" LABEL="Title" DESCRIPTION="block type Title"/>
    <OtherTag ID="BT2" LABEL="Main" DESCRIPTION="block type Main"/>
    <OtherTag ID="BT1206" LABEL="Damage" DESCRIPTION="block type Damage"/>
    <OtherTag ID="BT1207" LABEL="Decoration" DESCRIPTION="block type Decoration"/>
    <OtherTag ID="BT1208" LABEL="DropCapital" DESCRIPTION="block type DropCapital"/>
    <OtherTag ID="BT1209" LABEL="Figure" DESCRIPTION="block type Figure"/>
    <OtherTag ID="BT1210" LABEL="Margin" DESCRIPTION="block type Margin"/>
    <OtherTag ID="BT1211" LABEL="MusicNotation" DESCRIPTION="block type MusicNotation"/>
    <OtherTag ID="BT1212" LABEL="Numbering" DESCRIPTION="block type Numbering"/>
    <OtherTag ID="BT1213" LABEL="RunningTitle" DESCRIPTION="block type RunningTitle"/>
    <OtherTag ID="BT1214" LABEL="Seal" DESCRIPTION="block type Seal"/>
    <OtherTag ID="BT1215" LABEL="Signatures" DESCRIPTION="block type Signatures"/>
    <OtherTag ID="BT1216" LABEL="Stamp" DESCRIPTION="block type Stamp"/>
    <OtherTag ID="BT1217" LABEL="Table" DESCRIPTION="block type Table"/>
    <OtherTag ID="LT398" LABEL="Default" DESCRIPTION="line type Default"/>
    <OtherTag ID="LT399" LABEL="DropCapitalLine" DESCRIPTION="line type DropCapitalLine"/>
    <OtherTag ID="LT400" LABEL="Interlinear" DESCRIPTION="line type Interlinear"/>
    <OtherTag ID="LT401" LABEL="MusicLine" DESCRIPTION="line type MusicLine"/>
    <OtherTag ID="LT402" LABEL="Rubric" DESCRIPTION="line type Rubric"/>
  </Tags>
  <Layout>
    <Page WIDTH="1681" HEIGHT="2922" PHYSICAL_IMG_NR="85" ID="eSc_dummypage_">
      <PrintSpace HPOS="0" VPOS="0" WIDTH="1681" HEIGHT="2922">
        <TextBlock HPOS="77.0" VPOS="418.0" WIDTH="1379.0" HEIGHT="2170.0" ID="eSc_textblock_9e715a68" TAGREFS="BT2">
          <Shape>
            <Polygon POINTS="1447 418 1456 2588 116 2568 77 448 136 418"/>
          </Shape>
          <TextLine ID="eSc_line_4bf8f3c1" TAGREFS="LT398" BASELINE="341 489 1113 494" HPOS="341.0" VPOS="421.0" WIDTH="772.0" HEIGHT="100.0">
            <Shape>
              <Polygon POINTS="341 489 341 430 350 428 387 428 404 445 423 445 458 421 489 421 516 445 533 445 560 421 592 421 616 445 645 445 677 421 696 438 723 423 767 445 794 423 833 423 862 448 935 448 957 428 1057 426 1084 448 1110 448 1113 494 1110 521 1047 521 1006 504 950 521 913 501 845 501 828 518 779 501 740 501 728 513 706 499 679 518 626 504 594 518 562 511 531 518 516 504 499 518 477 518 448 504 426 513 411 499 372 518 341 516"/>
            </Shape>
            <String CONTENT="SCENE IV." HPOS="341.0" VPOS="421.0" WIDTH="772.0" HEIGHT="100.0"/>
          </TextLine>
          <TextLine ID="eSc_line_e6a00cb0" TAGREFS="LT398" BASELINE="202 630 1093 640" HPOS="197.0" VPOS="569.0" WIDTH="894.0" HEIGHT="93.0">
            <Shape>
              <Polygon POINTS="199 608 199 579 226 569 265 581 448 572 467 584 501 584 523 572 540 584 589 574 599 584 669 586 704 574 716 586 789 577 799 586 859 579 881 589 916 577 964 589 976 577 1040 577 1091 589 1088 662 1057 662 1042 647 1018 647 1001 662 952 662 937 647 867 645 830 655 767 645 733 657 691 645 648 655 626 642 604 657 557 657 538 642 518 655 462 642 423 655 406 640 387 655 197 652"/>
            </Shape>
            <String CONTENT="CHIMENE. ELVIRE." HPOS="197.0" VPOS="569.0" WIDTH="894.0" HEIGHT="93.0"/>
          </TextLine>
          <TextLine ID="eSc_line_81151f87" TAGREFS="LT398" BASELINE="540 762 974 764" HPOS="535.0" VPOS="708.0" WIDTH="437.0" HEIGHT="73.0">
            <Shape>
              <Polygon POINTS="538 740 538 713 562 718 574 708 740 720 816 708 828 720 847 711 862 720 928 711 969 720 972 742 964 781 535 779"/>
            </Shape>
            <String CONTENT="CHIMENE." HPOS="535.0" VPOS="708.0" WIDTH="437.0" HEIGHT="73.0"/>
          </TextLine>
          <TextLine ID="eSc_line_6ac3fef4" TAGREFS="LT399" BASELINE="158 898 455 886 989 886 1348 900" HPOS="153.0" VPOS="827.0" WIDTH="1194.0" HEIGHT="88.0">
            <Shape>
              <Polygon POINTS="153 876 153 849 236 849 246 840 260 849 341 849 382 827 445 827 467 847 506 827 540 849 611 830 672 830 711 837 728 852 803 852 813 842 867 849 881 840 898 852 928 852 991 844 1008 832 1074 844 1093 830 1196 830 1210 840 1240 830 1283 852 1347 842 1344 905 1330 915 1149 915 1120 905 1103 915 1059 905 913 905 898 915 869 905 823 915 682 905 638 915 626 905 560 903 475 903 450 913 250 903 233 913 172 913 153 903"/>
            </Shape>
            <String CONTENT="Luire, que ie ſouffre, &amp; que ie ſuis à plaindre!" HPOS="153.0" VPOS="827.0" WIDTH="1194.0" HEIGHT="88.0"/>
          </TextLine>
          <TextLine ID="eSc_line_cda36515" TAGREFS="LT398" BASELINE="175 961 292 956 458 969 521 959 855 954 1430 961" HPOS="170.0" VPOS="908.0" WIDTH="1257.0" HEIGHT="78.0">
            <Shape>
              <Polygon POINTS="170 939 170 908 207 922 233 913 246 922 416 922 436 910 492 922 518 908 579 920 616 910 674 925 716 925 740 910 772 925 796 925 818 910 833 920 872 910 894 925 933 910 981 910 1040 913 1067 927 1123 927 1137 913 1171 927 1210 927 1225 913 1308 913 1318 922 1337 913 1425 913 1427 939 1425 986 1364 986 1347 976 1335 986 1293 976 1269 986 1249 974 1227 986 1125 974 1074 983 1059 974 993 971 918 971 896 981 869 971 777 981 725 971 713 983 643 983 630 971 565 983 548 969 518 981 494 971 479 981 421 971 409 981 326 981 299 969 272 981 170 976"/>
            </Shape>
            <String CONTENT="Ie ne ſçay qu’eſperer, &amp; ie vois tout à craindre;" HPOS="170.0" VPOS="908.0" WIDTH="1257.0" HEIGHT="78.0"/>
          </TextLine>
          <TextLine ID="eSc_line_91b39f6d" TAGREFS="LT398" BASELINE="92 1030 270 1032 1225 1030" HPOS="87.0" VPOS="981.0" WIDTH="1133.0" HEIGHT="66.0">
            <Shape>
              <Polygon POINTS="90 1008 87 991 102 981 180 993 489 993 514 981 565 981 579 993 596 981 626 993 640 981 665 993 684 981 704 993 752 993 772 981 869 981 881 993 898 981 935 991 947 981 957 991 1042 993 1071 981 1084 993 1203 988 1218 993 1220 1008 1218 1047 1045 1047 1013 1037 984 1047 757 1047 725 1034 701 1047 655 1047 635 1034 565 1034 548 1047 477 1034 265 1034 231 1047 204 1034 163 1034 148 1047 90 1042"/>
            </Shape>
            <String CONTENT="Aucun vœu ne m'échappe où i'oſe conſentir," HPOS="87.0" VPOS="981.0" WIDTH="1133.0" HEIGHT="66.0"/>
          </TextLine>
          <TextLine ID="eSc_line_0875eca0" TAGREFS="LT398" BASELINE="87 1090 1432 1095" HPOS="87.0" VPOS="1044.0" WIDTH="1345.0" HEIGHT="73.0">
            <Shape>
              <Polygon POINTS="87 1090 87 1061 109 1056 297 1061 321 1044 358 1061 401 1061 421 1044 470 1061 570 1044 628 1061 652 1044 669 1061 721 1044 762 1064 784 1064 801 1047 833 1064 859 1049 913 1064 933 1047 1006 1047 1045 1061 1057 1051 1076 1064 1093 1064 1110 1047 1145 1047 1159 1061 1193 1049 1208 1064 1232 1054 1291 1061 1313 1047 1352 1056 1361 1047 1427 1047 1432 1095 1415 1115 1383 1105 1352 1117 1244 1117 1227 1107 1193 1115 1169 1105 1093 1115 1081 1105 947 1105 935 1117 847 1105 750 1105 723 1115 691 1105 679 1115 652 1103 540 1103 521 1115 496 1105 426 1105 406 1115 382 1105 216 1115 194 1105 182 1115 153 1103 133 1115 87 1112"/>
            </Shape>
            <String CONTENT="Et mes plus doux ſouhaits ſont pleins d’vn repẽtir." HPOS="87.0" VPOS="1044.0" WIDTH="1345.0" HEIGHT="73.0"/>
          </TextLine>
          <TextLine ID="eSc_line_80cffcaf" TAGREFS="LT398" BASELINE="95 1159 621 1154 725 1163 789 1154 1020 1154 1432 1166" HPOS="95.0" VPOS="1107.0" WIDTH="1337.0" HEIGHT="78.0">
            <Shape>
              <Polygon POINTS="95 1159 95 1107 104 1107 114 1117 177 1110 202 1124 297 1124 316 1112 328 1124 535 1124 572 1112 592 1127 723 1127 757 1112 784 1127 806 1112 881 1112 940 1127 1003 1115 1028 1129 1091 1115 1106 1129 1135 1129 1149 1117 1186 1115 1198 1127 1249 1129 1261 1117 1303 1129 1320 1117 1354 1129 1430 1129 1432 1166 1430 1185 1383 1185 1364 1171 1325 1183 1315 1173 1288 1183 1235 1176 1222 1185 1142 1185 1113 1171 986 1171 928 1183 908 1168 859 1183 828 1173 816 1183 791 1168 760 1183 630 1183 587 1168 516 1178 499 1171 489 1180 333 1168 260 1180 158 1176 148 1166 95 1178"/>
            </Shape>
            <String CONTENT="A deux riuaux pour moy ie fais prendre les armes," HPOS="95.0" VPOS="1107.0" WIDTH="1337.0" HEIGHT="78.0"/>
          </TextLine>
          <TextLine ID="eSc_line_80773389" TAGREFS="LT398" BASELINE="99 1224 168 1217 1330 1227" HPOS="99.0" VPOS="1176.0" WIDTH="1231.0" HEIGHT="75.0">
            <Shape>
              <Polygon POINTS="99 1224 107 1176 131 1190 187 1190 202 1176 236 1190 277 1190 299 1176 324 1190 355 1176 370 1190 416 1193 504 1193 531 1178 567 1193 599 1185 728 1195 757 1185 823 1195 838 1180 925 1180 981 1195 1023 1180 1103 1198 1132 1183 1154 1198 1188 1185 1259 1198 1300 1183 1327 1188 1330 1227 1327 1246 1313 1251 1291 1239 1181 1251 1137 1239 1045 1246 1023 1236 998 1246 959 1236 937 1246 925 1236 840 1236 813 1249 791 1249 779 1236 721 1244 711 1234 687 1234 674 1246 623 1234 560 1234 550 1244 535 1236 518 1246 426 1234 406 1244 163 1244 151 1234 141 1244 99 1241"/>
            </Shape>
            <String CONTENT="Le plus heureux ſuccez me couſtera des larmes," HPOS="99.0" VPOS="1176.0" WIDTH="1231.0" HEIGHT="75.0"/>
          </TextLine>
          <TextLine ID="eSc_line_4b7a3017" TAGREFS="LT398" BASELINE="95 1290 1249 1290" HPOS="95.0" VPOS="1249.0" WIDTH="1154.0" HEIGHT="63.0">
            <Shape>
              <Polygon POINTS="95 1290 95 1254 121 1249 155 1258 255 1258 282 1249 292 1258 338 1249 365 1258 438 1258 448 1249 460 1258 511 1249 533 1258 560 1249 594 1249 604 1258 691 1258 704 1249 721 1258 806 1258 818 1249 920 1249 933 1258 1086 1249 1130 1258 1159 1249 1179 1258 1196 1249 1247 1258 1249 1290 1247 1312 1210 1302 1137 1312 1123 1300 1074 1312 1057 1302 962 1310 947 1300 908 1312 879 1302 840 1312 821 1300 803 1312 733 1300 677 1310 587 1300 560 1312 492 1312 467 1300 440 1312 392 1300 345 1312 253 1312 231 1300 211 1312 131 1312 121 1302 95 1310"/>
            </Shape>
            <String CONTENT="Et quoy qu’en ma faueur en ordonne le ſort," HPOS="95.0" VPOS="1249.0" WIDTH="1154.0" HEIGHT="63.0"/>
          </TextLine>
          <TextLine ID="eSc_line_506b27c9" TAGREFS="LT398" BASELINE="97 1351 1447 1366" HPOS="92.0" VPOS="1302.0" WIDTH="1352.0" HEIGHT="90.0">
            <Shape>
              <Polygon POINTS="95 1329 95 1310 116 1307 158 1319 309 1312 316 1322 360 1322 387 1302 431 1322 477 1302 555 1324 723 1322 740 1312 767 1327 789 1314 811 1327 859 1317 869 1327 930 1327 962 1307 984 1307 1006 1329 1071 1319 1103 1327 1115 1317 1147 1329 1164 1312 1181 1327 1210 1312 1237 1312 1254 1327 1269 1312 1439 1312 1444 1344 1439 1392 1425 1383 1395 1390 1369 1373 1220 1380 1205 1370 1184 1373 1164 1392 1054 1392 1030 1378 1020 1387 989 1385 969 1368 879 1390 835 1368 786 1378 738 1366 691 1387 604 1366 501 1378 484 1366 445 1375 404 1368 367 1378 350 1363 328 1380 316 1370 297 1380 265 1363 246 1383 163 1383 141 1368 92 1373"/>
            </Shape>
            <String CONTENT="Mon pere eſt ſans vangeance, où mon amant eſt" HPOS="92.0" VPOS="1302.0" WIDTH="1352.0" HEIGHT="90.0"/>
          </TextLine>
          <TextLine ID="eSc_line_81771d81" TAGREFS="LT398" BASELINE="219 1414 377 1419" HPOS="219.0" VPOS="1383.0" WIDTH="158.0" HEIGHT="78.0">
            <Shape>
              <Polygon POINTS="219 1414 219 1387 297 1383 375 1395 377 1419 375 1461 219 1436"/>
            </Shape>
            <String CONTENT="mort." HPOS="219.0" VPOS="1383.0" WIDTH="158.0" HEIGHT="78.0"/>
          </TextLine>
          <TextLine ID="eSc_line_b161c0e6" TAGREFS="LT398" BASELINE="543 1475 974 1485" HPOS="543.0" VPOS="1419.0" WIDTH="431.0" HEIGHT="90.0">
            <Shape>
              <Polygon POINTS="543 1475 545 1419 582 1422 601 1441 626 1434 713 1443 755 1429 808 1443 847 1431 872 1448 918 1443 942 1429 974 1441 972 1509 937 1499 867 1509 833 1490 803 1504 757 1492 738 1504 711 1502 694 1487 613 1497 599 1485 582 1502 543 1495"/>
            </Shape>
            <String CONTENT="ELVIRE." HPOS="543.0" VPOS="1419.0" WIDTH="431.0" HEIGHT="90.0"/>
          </TextLine>
          <TextLine ID="eSc_line_5a054e20" TAGREFS="LT398" BASELINE="97 1546 1218 1553" HPOS="97.0" VPOS="1495.0" WIDTH="1121.0" HEIGHT="78.0">
            <Shape>
              <Polygon POINTS="97 1546 97 1497 131 1507 165 1497 190 1512 216 1495 243 1507 255 1495 270 1507 294 1495 360 1495 401 1514 472 1517 562 1517 606 1497 628 1497 643 1512 657 1499 674 1517 740 1517 760 1497 794 1497 847 1519 972 1519 996 1502 1023 1519 1042 1499 1171 1499 1191 1519 1215 1519 1218 1553 1210 1570 1149 1573 1032 1563 1003 1573 881 1573 842 1560 772 1570 730 1570 721 1560 677 1570 650 1560 635 1570 596 1560 587 1570 518 1570 494 1560 472 1570 440 1558 431 1568 416 1558 397 1568 382 1558 328 1568 267 1558 97 1565"/>
            </Shape>
            <String CONTENT="D’vn &amp; d’autre coſté ie vous voy ſoulagée," HPOS="97.0" VPOS="1495.0" WIDTH="1121.0" HEIGHT="78.0"/>
          </TextLine>
          <TextLine ID="eSc_line_66ee1d61" TAGREFS="LT398" BASELINE="109 1609 1308 1619" HPOS="109.0" VPOS="1565.0" WIDTH="1199.0" HEIGHT="76.0">
            <Shape>
              <Polygon POINTS="109 1609 109 1577 121 1573 231 1580 250 1565 292 1565 311 1580 392 1565 406 1580 436 1582 492 1568 616 1568 633 1582 711 1585 777 1570 823 1570 855 1585 923 1585 933 1575 942 1585 991 1585 1008 1570 1069 1587 1286 1575 1305 1582 1308 1619 1305 1641 1281 1631 1230 1641 1171 1631 1096 1631 1079 1641 1059 1631 1032 1641 1020 1631 903 1638 891 1629 806 1629 782 1638 767 1629 475 1636 450 1626 433 1636 380 1624 348 1633 109 1626"/>
            </Shape>
            <String CONTENT="Ou vous auez Rodrigue, ou vous eſtes vangée," HPOS="109.0" VPOS="1565.0" WIDTH="1199.0" HEIGHT="76.0"/>
          </TextLine>
          <TextLine ID="eSc_line_cefc9032" TAGREFS="LT398" BASELINE="99 1672 1296 1682" HPOS="99.0" VPOS="1631.0" WIDTH="1197.0" HEIGHT="73.0">
            <Shape>
              <Polygon POINTS="99 1672 99 1631 148 1646 197 1636 207 1646 285 1638 399 1648 414 1638 443 1648 492 1633 582 1633 596 1648 667 1648 696 1633 706 1643 779 1636 794 1650 864 1650 901 1636 974 1650 1098 1638 1113 1653 1210 1653 1257 1638 1293 1653 1296 1682 1293 1697 1276 1702 925 1694 913 1704 825 1704 799 1692 786 1704 735 1694 713 1704 572 1689 548 1702 538 1692 526 1702 401 1702 316 1699 304 1687 277 1699 148 1699 136 1687 99 1697"/>
            </Shape>
            <String CONTENT="Et quoy que le deſtin puiſſe ordonner de vous," HPOS="99.0" VPOS="1631.0" WIDTH="1197.0" HEIGHT="73.0"/>
          </TextLine>
          <TextLine ID="eSc_line_fe7381a1" TAGREFS="LT398" BASELINE="97 1741 1449 1755" HPOS="92.0" VPOS="1692.0" WIDTH="1355.0" HEIGHT="87.0">
            <Shape>
              <Polygon POINTS="95 1719 95 1702 129 1692 168 1694 192 1711 231 1711 250 1692 304 1711 338 1714 367 1702 384 1714 460 1714 477 1697 518 1692 550 1716 577 1716 613 1697 650 1716 669 1702 696 1716 713 1706 747 1716 760 1704 786 1704 806 1719 903 1704 923 1716 967 1719 993 1697 1045 1721 1127 1711 1137 1721 1181 1711 1257 1719 1281 1702 1447 1704 1444 1779 1388 1779 1374 1765 1330 1765 1315 1779 1288 1779 1274 1765 1220 1762 1125 1762 1103 1777 1074 1777 1057 1765 1006 1775 996 1762 962 1760 842 1760 818 1775 760 1762 701 1767 689 1758 667 1770 621 1772 484 1770 455 1760 445 1770 397 1760 331 1767 258 1755 229 1765 92 1765"/>
            </Shape>
            <String CONTENT="Il ſouſtient voſtre gloire &amp; vous donne vn eſpoux." HPOS="92.0" VPOS="1692.0" WIDTH="1355.0" HEIGHT="87.0"/>
          </TextLine>
          <TextLine ID="eSc_line_caa84108" TAGREFS="LT398" BASELINE="577 1809 998 1809" HPOS="577.0" VPOS="1767.0" WIDTH="421.0" HEIGHT="66.0">
            <Shape>
              <Polygon POINTS="577 1809 577 1777 609 1767 718 1767 728 1777 840 1767 859 1777 935 1777 972 1767 996 1777 998 1809 996 1831 986 1833 867 1823 838 1833 816 1823 764 1833 735 1823 701 1833 577 1826"/>
            </Shape>
            <String CONTENT="CHIMENE." HPOS="577.0" VPOS="1767.0" WIDTH="421.0" HEIGHT="66.0"/>
          </TextLine>
          <TextLine ID="eSc_line_c0b8582e" TAGREFS="LT398" BASELINE="116 1882 540 1870 1213 1874 1364 1887" HPOS="116.0" VPOS="1821.0" WIDTH="1248.0" HEIGHT="78.0">
            <Shape>
              <Polygon POINTS="116 1882 116 1821 151 1823 177 1840 233 1840 263 1821 311 1826 326 1840 348 1821 501 1821 531 1840 557 1821 582 1823 599 1840 628 1826 645 1840 716 1828 735 1840 859 1840 872 1828 957 1828 974 1840 1008 1840 1025 1826 1098 1840 1120 1821 1162 1840 1205 1840 1227 1821 1242 1835 1271 1821 1361 1833 1364 1887 1361 1899 1322 1889 1244 1899 1184 1887 1164 1899 1076 1887 923 1899 908 1889 872 1899 596 1889 572 1899 535 1887 116 1896"/>
            </Shape>
            <String CONTENT="Quoy? l’objet de haine, ou bien de ma colere!" HPOS="116.0" VPOS="1821.0" WIDTH="1248.0" HEIGHT="78.0"/>
          </TextLine>
          <TextLine ID="eSc_line_b3930ee3" TAGREFS="LT398" BASELINE="112 1933 830 1943 923 1952 1006 1943 1310 1945" HPOS="112.0" VPOS="1889.0" WIDTH="1198.0" HEIGHT="83.0">
            <Shape>
              <Polygon POINTS="112 1933 112 1894 129 1889 165 1909 190 1909 211 1894 226 1909 246 1909 260 1894 294 1891 341 1911 384 1894 409 1904 453 1894 479 1911 533 1894 730 1916 743 1906 757 1916 821 1916 859 1899 901 1916 940 1906 962 1918 989 1901 1008 1916 1103 1911 1159 1921 1218 1904 1227 1913 1240 1904 1308 1904 1310 1945 1308 1960 1205 1960 1193 1972 1152 1972 1142 1962 1118 1972 1096 1957 1057 1967 1006 1960 993 1969 959 1957 896 1967 850 1955 740 1967 718 1952 701 1965 557 1965 526 1952 472 1952 458 1962 443 1952 423 1962 362 1962 350 1950 324 1960 248 1950 233 1960 170 1960 136 1948 112 1955"/>
            </Shape>
            <String CONTENT="L’aſſaſſin de Rodrigue, ou celuy de mon pere!" HPOS="112.0" VPOS="1889.0" WIDTH="1198.0" HEIGHT="83.0"/>
          </TextLine>
          <TextLine ID="eSc_line_1a5acef3" TAGREFS="LT398" BASELINE="112 1996 1162 2008 1310 2023" HPOS="112.0" VPOS="1957.0" WIDTH="1198.0" HEIGHT="81.0">
            <Shape>
              <Polygon POINTS="112 1996 112 1965 124 1957 151 1969 214 1972 280 1972 297 1960 309 1969 360 1960 397 1974 419 1962 448 1974 557 1962 579 1977 652 1965 665 1977 740 1969 772 1979 903 1979 942 1967 959 1982 1098 1969 1142 1984 1205 1982 1220 1972 1252 1984 1271 1972 1305 1972 1310 2023 1308 2038 1123 2023 1008 2035 986 2025 947 2033 884 2023 806 2033 794 2021 772 2033 721 2021 694 2030 601 2030 567 2016 548 2028 462 2018 409 2028 394 2016 345 2025 314 2013 285 2025 233 2025 187 2011 170 2023 112 2023"/>
            </Shape>
            <String CONTENT="De tous les deux coſtez on ne donne vn mary" HPOS="112.0" VPOS="1957.0" WIDTH="1198.0" HEIGHT="81.0"/>
          </TextLine>
          <TextLine ID="eSc_line_88237812" TAGREFS="LT398" BASELINE="112 2069 589 2069 738 2084 1330 2072" HPOS="112.0" VPOS="2023.0" WIDTH="1218.0" HEIGHT="78.0">
            <Shape>
              <Polygon POINTS="112 2069 112 2035 126 2030 172 2042 194 2030 243 2033 267 2047 289 2038 348 2042 362 2033 397 2045 436 2028 531 2028 545 2038 557 2028 652 2028 684 2042 701 2025 728 2042 855 2042 884 2025 911 2042 962 2042 991 2025 1006 2040 1042 2040 1076 2023 1093 2040 1162 2040 1186 2025 1201 2040 1327 2038 1330 2072 1327 2096 1274 2098 1247 2089 1176 2096 1149 2081 1127 2096 1093 2096 1084 2086 1071 2098 996 2091 959 2101 920 2101 898 2089 708 2101 682 2089 628 2094 618 2084 596 2098 543 2084 472 2084 450 2096 431 2084 372 2096 333 2086 112 2096"/>
            </Shape>
            <String CONTENT="Encor tout teint du ſang que i’ay le plus chery." HPOS="112.0" VPOS="2023.0" WIDTH="1218.0" HEIGHT="78.0"/>
          </TextLine>
          <TextLine ID="eSc_line_7b7a6b75" TAGREFS="LT398" BASELINE="112 2130 1242 2145" HPOS="112.0" VPOS="2089.0" WIDTH="1130.0" HEIGHT="83.0">
            <Shape>
              <Polygon POINTS="112 2130 116 2091 170 2103 250 2094 260 2101 275 2091 302 2106 324 2094 397 2106 421 2089 436 2101 455 2091 489 2108 506 2098 555 2108 582 2091 630 2091 650 2108 674 2094 689 2111 779 2111 796 2101 806 2111 901 2113 964 2113 981 2096 1015 2096 1035 2113 1074 2098 1220 2101 1240 2111 1242 2145 1240 2172 1213 2159 1159 2159 1132 2172 1091 2159 1057 2172 1045 2157 1020 2169 989 2157 925 2169 908 2157 850 2167 818 2154 772 2167 711 2154 684 2167 640 2154 492 2164 445 2150 387 2150 360 2162 299 2150 265 2159 148 2159 112 2150"/>
            </Shape>
            <String CONTENT="De tous les deux costez mon ame se rebelle," HPOS="112.0" VPOS="2089.0" WIDTH="1130.0" HEIGHT="83.0"/>
          </TextLine>
          <TextLine ID="eSc_line_10dd99b6" TAGREFS="LT398" BASELINE="114 2196 1381 2208" HPOS="114.0" VPOS="2152.0" WIDTH="1267.0" HEIGHT="80.0">
            <Shape>
              <Polygon POINTS="114 2196 114 2157 124 2152 160 2172 243 2159 255 2169 277 2154 304 2172 321 2164 370 2174 406 2159 423 2174 496 2162 521 2174 560 2174 604 2154 626 2176 750 2176 779 2162 801 2172 828 2157 852 2167 896 2159 920 2179 964 2179 986 2159 1030 2176 1081 2167 1135 2181 1235 2181 1254 2162 1381 2162 1378 2223 1364 2230 1264 2223 1237 2232 1203 2223 1145 2232 1110 2220 1096 2230 1050 2220 1006 2220 996 2230 881 2230 867 2220 633 2228 557 2215 523 2225 479 2215 458 2225 370 2225 345 2215 285 2223 275 2213 241 2223 226 2213 121 2223 114 2213"/>
            </Shape>
            <String CONTENT="Ie crains plus que la mort la fin de ma querelle;" HPOS="114.0" VPOS="2152.0" WIDTH="1267.0" HEIGHT="80.0"/>
          </TextLine>
          <TextLine ID="eSc_line_a0d1f243" TAGREFS="LT398" BASELINE="124 2262 1449 2271" HPOS="124.0" VPOS="2220.0" WIDTH="1325.0" HEIGHT="78.0">
            <Shape>
              <Polygon POINTS="124 2262 126 2220 197 2220 214 2237 233 2230 248 2240 394 2228 419 2237 431 2225 494 2223 514 2242 791 2245 821 2232 852 2237 864 2225 911 2245 1059 2225 1086 2242 1096 2235 1140 2247 1174 2237 1225 2247 1266 2228 1318 2228 1330 2240 1369 2228 1413 2240 1449 2228 1447 2286 1437 2296 1408 2286 1335 2286 1322 2298 1288 2298 1279 2288 1266 2298 1254 2286 1227 2298 1188 2288 1123 2296 1096 2284 1079 2293 976 2284 930 2296 760 2293 747 2284 733 2293 545 2293 531 2284 518 2293 482 2284 460 2293 448 2279 399 2291 333 2291 319 2279 124 2286"/>
            </Shape>
            <String CONTENT="Allez vangeance, amour, qui troublez mes eſprits," HPOS="124.0" VPOS="2220.0" WIDTH="1325.0" HEIGHT="78.0"/>
          </TextLine>
          <TextLine ID="eSc_line_5aa44d1b" TAGREFS="LT398" BASELINE="126 2325 838 2344 1449 2337" HPOS="126.0" VPOS="2286.0" WIDTH="1323.0" HEIGHT="83.0">
            <Shape>
              <Polygon POINTS="126 2325 126 2288 177 2301 221 2291 263 2301 280 2286 304 2286 341 2303 455 2303 465 2293 499 2303 511 2291 538 2301 560 2291 596 2305 613 2296 696 2305 711 2296 767 2308 830 2308 847 2296 877 2308 891 2293 928 2308 957 2308 979 2293 996 2310 1008 2298 1037 2310 1103 2301 1193 2310 1208 2296 1252 2310 1286 2298 1300 2313 1434 2298 1449 2337 1444 2369 1420 2354 1322 2369 1308 2354 1101 2352 1081 2364 1057 2352 1032 2361 947 2361 925 2352 901 2364 886 2352 877 2361 830 2364 813 2354 757 2359 743 2347 682 2361 643 2352 628 2361 582 2361 557 2352 496 2359 479 2344 462 2359 419 2359 397 2347 309 2359 246 2354 231 2342 187 2342 177 2352 168 2342 126 2344"/>
            </Shape>
            <String CONTENT="Vous n’auez point pour moy de douceurs à ce prix," HPOS="126.0" VPOS="2286.0" WIDTH="1323.0" HEIGHT="83.0"/>
          </TextLine>
          <TextLine ID="eSc_line_dc0b9293" TAGREFS="LT398" BASELINE="116 2391 272 2403 1388 2408" HPOS="116.0" VPOS="2354.0" WIDTH="1272.0" HEIGHT="81.0">
            <Shape>
              <Polygon POINTS="116 2391 116 2354 153 2357 172 2376 231 2376 250 2357 306 2371 321 2357 416 2357 448 2371 523 2357 535 2369 606 2378 672 2366 694 2378 716 2359 745 2361 757 2374 782 2364 803 2374 828 2359 862 2376 879 2359 923 2359 940 2376 969 2381 1020 2381 1057 2364 1164 2381 1252 2361 1296 2376 1327 2366 1386 2381 1388 2408 1386 2435 1269 2435 1227 2415 1186 2415 1162 2430 1076 2415 1030 2422 1018 2435 993 2422 969 2435 906 2415 869 2425 842 2413 830 2422 786 2415 769 2427 757 2417 728 2427 704 2413 640 2425 540 2413 516 2425 504 2413 445 2422 426 2410 409 2420 355 2410 287 2430 267 2413 243 2427 199 2410 182 2417 116 2408"/>
            </Shape>
            <String CONTENT="Et toy puiſſant moteur du deſtin qui m’outrage," HPOS="116.0" VPOS="2354.0" WIDTH="1272.0" HEIGHT="81.0"/>
          </TextLine>
          <TextLine ID="eSc_line_742b7e1e" TAGREFS="LT398" BASELINE="126 2452 1244 2471" HPOS="126.0" VPOS="2413.0" WIDTH="1118.0" HEIGHT="87.0">
            <Shape>
              <Polygon POINTS="126 2452 126 2413 172 2430 233 2417 255 2430 275 2417 289 2432 370 2425 406 2435 453 2435 467 2420 584 2422 601 2437 669 2422 687 2439 760 2439 801 2425 830 2427 845 2442 952 2442 986 2430 1015 2444 1045 2432 1071 2428 1210 2432 1242 2447 1244 2471 1242 2500 1154 2500 1137 2486 1110 2493 1103 2483 1069 2483 1054 2495 1042 2483 984 2495 942 2481 877 2493 862 2483 745 2493 665 2478 635 2488 545 2478 523 2488 453 2488 423 2473 397 2486 285 2481 265 2471 126 2471"/>
            </Shape>
            <String CONTENT="Termine ce combat ſans aucun aduantage," HPOS="126.0" VPOS="2413.0" WIDTH="1118.0" HEIGHT="87.0"/>
          </TextLine>
          <TextLine ID="eSc_line_1591e9b7" TAGREFS="LT398" BASELINE="126 2534 324 2527 845 2549 1454 2551" HPOS="126.0" VPOS="2473.0" WIDTH="1328.0" HEIGHT="127.0">
            <Shape>
              <Polygon POINTS="126 2534 131 2476 170 2493 241 2498 270 2476 287 2483 304 2473 336 2500 455 2503 535 2503 572 2483 599 2505 650 2505 679 2483 711 2505 764 2498 774 2508 857 2498 894 2508 933 2488 969 2486 993 2510 1032 2503 1050 2512 1074 2498 1210 2508 1222 2495 1261 2500 1288 2488 1454 2491 1451 2600 1325 2600 1303 2598 1271 2573 1164 2571 1079 2573 1045 2595 991 2581 972 2593 855 2590 811 2566 764 2566 740 2590 652 2588 638 2573 601 2588 579 2566 550 2561 448 2561 387 2578 370 2571 358 2583 267 2566 250 2573 216 2556 197 2571 126 2573"/>
            </Shape>
            <String CONTENT="Sans faire aucun des deux, ny vaincu,ny vainqueur." HPOS="126.0" VPOS="2473.0" WIDTH="1328.0" HEIGHT="127.0"/>
          </TextLine>
        </TextBlock>
        <TextBlock HPOS="68.0" VPOS="262.0" WIDTH="1369.0" HEIGHT="125.0" ID="eSc_textblock_c499a428" TAGREFS="BT1207">
          <Shape>
            <Polygon POINTS="1427 272 1437 367 68 387 68 301 107 272 652 262"/>
          </Shape>
        </TextBlock>
        <TextBlock HPOS="250.0" VPOS="117.0" WIDTH="952.0" HEIGHT="94.0" ID="eSc_textblock_1b8cfc4e" TAGREFS="BT1213">
          <Shape>
            <Polygon POINTS="1178 117 1202 211 1147 211 268 207 272 172 250 122 874 126"/>
          </Shape>
          <TextLine ID="eSc_line_12ad05d8" TAGREFS="LT398" BASELINE="272 177 1176 177" HPOS="272.0" VPOS="112.0" WIDTH="904.0" HEIGHT="87.0">
            <Shape>
              <Polygon POINTS="272 177 272 129 292 114 319 129 384 119 404 129 494 121 609 129 630 112 669 112 694 129 845 129 864 112 991 112 1045 114 1069 129 1093 114 1137 126 1169 116 1176 177 1174 197 1140 189 1103 199 1042 199 1032 189 979 199 959 187 940 199 894 187 872 199 835 199 813 187 777 199 733 187 701 199 655 187 618 199 574 187 550 197 509 187 450 199 416 199 401 187 389 199 272 197"/>
            </Shape>
            <String CONTENT="TRAGI-COMEDIE." HPOS="272.0" VPOS="112.0" WIDTH="904.0" HEIGHT="87.0"/>
          </TextLine>
        </TextBlock>
        <TextBlock HPOS="1332.0" VPOS="126.0" WIDTH="95.0" HEIGHT="85.0" ID="eSc_textblock_ba4e4147" TAGREFS="BT1212">
          <Shape>
            <Polygon POINTS="1427 146 1408 211 1332 202 1332 146 1371 126"/>
          </Shape>
          <TextLine ID="eSc_line_6d05a39e" TAGREFS="LT398" BASELINE="1339 187 1408 187" HPOS="1339.0" VPOS="102.0" WIDTH="66.0" HEIGHT="102.0">
            <Shape>
              <Polygon POINTS="1339 187 1339 109 1400 102 1405 199 1339 204"/>
            </Shape>
            <String CONTENT="79" HPOS="1339.0" VPOS="102.0" WIDTH="66.0" HEIGHT="102.0"/>
          </TextLine>
        </TextBlock>
        <TextBlock HPOS="75.0" VPOS="855.0" WIDTH="81.0" HEIGHT="137.0" ID="eSc_textblock_d4f35d42" TAGREFS="BT1208">
          <Shape>
            <Polygon POINTS="75 992 85 874 156 855 156 987"/>
          </Shape>
          <TextLine ID="eSc_line_35e51950" TAGREFS="LT399" BASELINE="97 964 163 961" HPOS="87.0" VPOS="832.0" WIDTH="71.0" HEIGHT="146.0">
            <Shape>
              <Polygon POINTS="92 942 87 832 124 852 151 847 158 976 92 978"/>
            </Shape>
            <String CONTENT="E" HPOS="87.0" VPOS="832.0" WIDTH="71.0" HEIGHT="146.0"/>
          </TextLine>
        </TextBlock>
      </PrintSpace>
    </Page>
  </Layout>
</alto>