1733 2916
726.0 221.0 416.0 107.0 ELVIRE.

269.0 349.0 1133.0 83.0 Ce seroit vous traicter auec trop de rigueur.

1523.0 357.0 88.0 87.0 [ce

257.0 417.0 1366.0 95.0 Ce combat pour voſtre ame eſt vn nouueau suppli¬

262.0 483.0 1108.0 85.0 S’il vous laiſſe obligée à demander iuſtice,

262.0 556.0 1186.0 78.0 A témoigner touſiours ce haut reſſentiment,

257.0 624.0 1300.0 78.0 Et pour ſuiure touſiours la mort de voſtre amant.

257.0 682.0 1320.0 95.0 Non, non, il vaut bien mieux que sa rare vaillance

260.0 750.0 1203.0 88.0 Luy gaignant vn laurier vous impoſe ſilence,

262.0 818.0 1140.0 83.0 Que la loy du combat eſtouffe vos ſouſpirs,

250.0 884.0 1176.0 95.0 Et que le Roy vous force à ſuiure vos deſirs.

748.0 976.0 411.0 95.0 CHIMENE.

264.0 1071.0 1242.0 85.0 Quand il fera vaincu, crois-tu que ie me rende?

252.0 1146.0 1335.0 78.0 Mon deuoir eſt trop fort, & ma perte trop grande,

247.0 1210.0 1063.0 77.0 Et ce n’eſt pas aſſez pour leur faire la loy

247.0 1273.0 1148.0 87.0 Que celle du combat & le vouloir du Roy.

250.0 1336.0 1344.0 104.0 Il peut vaincre Don Sanche auec fort peu de peine,

252.0 1411.0 1162.0 78.0 Mais non pas auec luy la gloire de Chimene

247.0 1472.0 1315.0 92.0 Et quoy qu’à ſa victoire vn Monarque ait promis,

250.0 1540.0 1184.0 95.0 Mon honneur luy fera mille autres ennemis.

680.0 1608.0 428.0 73.0 ELVIRE.

250.0 1666.0 1259.0 88.0 Gardez pour vous punir de cét orgueil eſtrange,

250.0 1742.0 1266.0 95.0 Que le iel à la fin ne ſouffre qu’on vous vange,

250.0 1812.0 1208.0 66.0 Quoy? vous voulez encor refuſer le bon-heur

245.0 1875.0 1312.0 78.0 De pouuoir maintenant vous taire auec honneur?

252.0 1944.0 1250.0 70.0 Que pretend ce deuoir? & qu’est ce qu’il eſpere?

245.0 2007.0 1334.0 70.0 La mort de voſtre amãt vous rendra t'elle vn pere?

243.0 2077.0 1271.0 78.0 Eſt-ce trop peu pour vous que d’vn coup de mal¬

384.0 2138.0 150.0 66.0 heur?

240.0 2196.0 1237.0 78.0 Faut-il perteſur perte, & douleur ſur douleur?

247.0 2269.0 1306.0 73.0 Allez, dans le caprice où voſtre humeur s’obſtine,

252.0 2337.0 1269.0 73.0 Vous ne meritez pas l’amant qu’on vous deſtine,

247.0 2400.0 1019.0 73.0 Et le Ciel ennuié de vous eſtre ſi doux

247.0 2471.0 1308.0 107.0 Vous lairra par sa mort Don Sanche pour eſpoux.

707.0 72.0 430.0 95.0 LE CID,

257.0 87.0 85.0 129.0 80
