1757 2916
558 405 657 136 SCENE V.

396 541 1006 156 D. SANCHE, CHIMENE,

695 646 332 90 ELVIRE.

658 775 510 97 D. SANCHE.

362 891 1108 127 Adame à vos genoux i'apporte cette eſpée.

223 901 126 131 M

702 989 423 77 CHIMENE.

213 1027 1310 122 Quoy? du ſang de Rodrigue encor toute trempée,

208 1098 1172 107 Perfide, oſe-tu bien te monſtrer à mes yeux,

208 1163 1169 117 Apres m’auoir oſté ce que i’aimois le mieux,

201 1224 1291 124 Eſclate mon amour, tu n’as plus rien à craindre,

204 1292 1237 114 Mon pere eſt ſatisfait, ceſſe de te contraindre,

206 1363 1130 109 Vn meſme coup a mis ma gloire en ſeureté,

201 1421 1164 119 Mon ame au deſeſpoir, ma flame en liberté.

622 1511 491 87 D. SANCHE.

194 1555 595 104 D’vn eſprit plus raſſis.

575 1640 535 92 CHIMENE.

942 1710 545 95 Tu me parles encore,

187 1752 1105 109 Execrable aſſaſſin d’vn Heros que i'adore?

191 1829 1293 110 Va, tu l’as pris en traiſtre, vn guerrier ſi vaillant

184 1897 1215 100 N’euſt iamais ſuccombé ſous vn tel aſſaillant.

641 1980 411 78 ELVIRE.

182 2021 695 97 Mais, Madame, eſcoutez.

699 2106 416 83 CHIIMENE.

716 2179 688 78 Que veux tu que i'eſcoute?

174 2235 1298 88 Apres ce que ie voy puis je eſtre encore en doute?

174 2296 1339 102 I'ob iens pour mon malheur ce que i’ay demandé.

167 2361 1091 93 Et ma iuſte pourſuite a trop bien ſuccedé.

167 2427 1240 97 Pardonne, cher amant, à ſa rigueur ſanglante,

172 2498 1259 116 Songe que ie ſuis fille auſſi bien comme amantes,

714 102 394 109 LE CID,

247 106 64 95 82
