4267 7683
844 607 1058 778 rjg
1512 565 3324 787 ANDS-OMAQî/E.

834 855 967 972 Te
992 860 1231 1007 puis
1254 855 1667 967 l’aimer
1710 946 1738 992 ,
1772 855 2005 967 fans
2036 850 2303 973 eltre
2336 860 2763 987 Efolave
2802 870 2933 987 de
2966 876 3159 988 Ion
3200 890 3508 1023 Pere,

835 1015 982 1124 Et
1021 1030 1122 1169 je
1175 1016 1588 1171 fçauray
1631 1011 2227 1167 peut-cffre
2275 1030 2794 1146 accorder
2841 1073 2978 1147 en
3021 1051 3418 1192 cejour

831 1179 1028 1284 Les
1059 1180 1342 1288 foins
1401 1172 1532 1289 de
1561 1214 1744 1289 ma
1787 1179 2338 1334 grandeur
2385 1200 2417 1317 ,
2471 1201 2578 1303 8c
2621 1229 2884 1303 ceux
2947 1194 3084 1308 de
3131 1239 3418 1323 mon
3467 1240 3909 1378 amour*

835 1341 1136 1449 Vous
1180 1366 1604 1483 pouvez
1641 1340 2262 1484 cependanr
2297 1351 2538 1459 voir
2591 1355 2692 1464 îa
2747 1356 2982 1464 Fille
3017 1361 3609 1502 d’Helene.

826 1495 1027 1603 Du
1064 1487 1327 1654 fâng
1376 1497 1568 1652 qui
1606 1535 1869 1609 vous
1906 1505 2141 1611 unit
2172 1511 2277 1652 je
2326 1501 2547 1658 foay
2610 1507 3073 1628 l’étroite
3106 1516 3548 1657 chaîne.

834 1655 1183 1804 Apres
1220 1661 1518 1797 cela,
1556 1656 2159 1818 Seigneur,
2202 1676 2307 1812 je
2342 1706 2483 1778 ne
2516 1708 2779 1783 vous
2816 1681 3213 1788 retiens
3238 1691 3542 1833 plus,

835 1811 977 1922 Et
1029 1851 1297 1929 vous
1361 1851 1823 1968 pourrez
1891 1857 2095 1931 aux
2159 1831 2493 1939 Grecs
2541 1870 3123 1953 annoncer
3161 1885 3449 1959 mon
3481 1852 3809 1997 refus."

1561 2620 2597 2800 SCENE,
2805 2631 3203 2818 in.

1155 2987 2397 3178 PYRRHUS,
2540 3020 3729 3178 PHOENIX.

1927 3350 2900 3506 PHOENIX

1160 3555 1379 3678 ïnfi
1502 3601 1763 3683 vous
1886 3566 2439 3723 renvoyez
2566 3611 2773 3693 aux
2877 3580 3179 3739 pieds
3282 3585 3419 3709 de
3516 3586 3623 3713 fa

1452 3715 1813 3844 ftrefi'e
1850 3746 1903 3844 t

1896 3892 2922 4029 PYRRHUS.

815 4051 1018 4165 On
1071 4050 1228 4163 dit
1261 4052 1519 4199 qu’il
1561 4087 1628 4165 a
1665 4047 2363 4203 lonfr-temps
2415 4056 2759 4169 brulîé
2825 4097 3103 4208 pour
3161 4072 3275 4180 la
3327 4077 3893 4234 PrincefTe*

1930 4217 2008 4319 P
2060 4221 2170 4326 H
2216 4222 2324 4325 O
2380 4221 2460 4333 E
2504 4224 2912 4353 NIX.

811 4364 1108 4476 Mais
1145 4362 1230 4475 fi
1271 4403 1394 4479 ce
1437 4361 1673 4509 feu,
1727 4367 2331 4529 Seigneur,
2391 4382 2688 4490 vient
2725 4377 2790 4489 à
2831 4378 2930 4496 fo
2961 4391 3533 4539 rallumer,

806 4527 1008 4639 S’il
1052 4532 1227 4679 luy
1270 4546 1713 4645 rendort
1762 4532 1953 4643 fbn
2016 4542 2444 4678 Cœur,
2496 4541 2650 4650 s’il
2700 4548 2923 4660 s’en
2962 4542 3319 4665 faifoit
3358 4563 3703 4689 aimer
3742 4593 3779 4689 l

1927 4697 2913 4834 PYRRHUS.

810 4833 1004 4955 Ah
1045 4868 1073 4964 J
1129 4842 1433 5001 qu'ils
1480 4843 2059 4993 s’aiment,
2136 4848 2627 4974 Phoenix
2681 4953 2712 5003 ,
2797 4872 2937 5020 j’y
2992 4862 3492 5008 confêns.
3581 4886 3989 5045 Quelle

1125 5042 1478 5155 parte.

808 5166 1082 5309 Que
1125 5163 1644 5279 charmez
1685 5171 1908 5282 l'un
1955 5167 2088 5285 de
2131 5176 2572 5317 l’autre,
2621 5182 2742 5290 ils
2801 5218 3444 5308 retournent
3481 5194 3543 5308 à
3581 5213 3969 5354 Sparte.

804 5328 1107 5435 Tous
1154 5366 1363 5439 nos
1424 5336 1729 5439 Ports
1776 5323 2017 5439 font
2076 5351 2507 5448 ouverts
2560 5351 2663 5450 8c
2712 5378 2987 5489 pour
3036 5357 3223 5464 elle
3276 5368 3381 5465 &
3460 5397 3733 5506 pour
3786 5372 3939 5521 luv

803 5482 1230 5618 Qu’elle
1259 5482 2125 5645 m’épargneroit
2161 5491 2299 5604 de
2332 5506 2955 5624 contrainte
3005 5521 3112 5625 8c
3155 5516 3623 5673 d’ennuy
3676 5547 3693 5603 >

1907 5661 2897 5799 PHOENIX..

807 5803 1383 5956 Seigneur.
1442 5902 1653 5939 ...

1910 5976 2868 6101 PYRRHUS,

1329 6121 1593 6235 Une
1631 6163 1925 6239 autre
1961 6126 2175 6244 fois
2216 6148 2325 6291 je
2375 6144 2958 6308 t'ouvriray
3002 6190 3294 6274 mon
3356 6151 3648 6275 Ame
3682 6253 3723 6306 *

814 6271 1598 6439 Andromaque
1641 6286 2102 6445 paroift*
