4267 7849
1174 572 2520 734 TRAGEDIE,
3388 644 3436 733 i
3453 655 3588 799 $x

312 788 867 973 Centre
894 854 1101 936 vos
1130 823 1499 936 mains
1558 911 1590 967 ,
1640 823 2234 983 Seigneur,
2294 828 2369 943 il
2402 829 2783 943 voulut
2822 828 2931 947 la
2980 870 3532 987 remettre.

317 987 655 1126 Non,
690 1007 901 1147 qtïe
935 982 1075 1095 de
1115 976 1218 1096 là
1299 993 1779 1147 Conque
1789 980 1949 1100 lie
1983 990 2052 1100 il
2090 986 2552 1141 parodié
2591 992 2893 1131 Hâté.

318 1155 620 1264 Pour
646 1150 752 1259 la
798 1159 1166 1264 Veuve
1206 1150 1764 1264 d’Hector
1820 1145 1960 1264 lès
1998 1146 2244 1274 feux
2280 1191 2484 1270 ont
2550 1150 2940 1299 éclaté.

312 1309 417 1422 Il
444 1312 866 1443 faillie.
1006 1318 1305 1429 Mais
1358 1304 1663 1428 enfin
1696 1349 1973 1432 cette
2022 1330 2393 1439 Veuve
2442 1318 3115 1452 inhumaine

317 1461 550 1590 N'a
603 1467 882 1631 payé
915 1472 1674 1636 julqu’icyfbn
1713 1522 2112 1597 amour
2167 1523 2378 1646 que
2403 1487 2536 1600 de
2591 1482 2920 1613 haine
2979 1583 3011 1638 ,

322 1641 456 1750 Et
502 1635 932 1801 chaque
956 1656 1212 1796 jour
1248 1681 1658 1759 encore
1692 1682 1852 1760 on
1902 1647 2072 1800 luy
2110 1656 2342 1765 voit
2376 1681 2612 1769 tout
2658 1691 3088 1810 tenter,

323 1805 625 1914 Pour
649 1799 1033 1918 fléchir
1073 1799 1171 1918 là
1217 1810 1725 1960 Captive,
1783 1851 1933 1923 ou
1976 1850 2261 1964 pour
2311 1809 3109 1970 l'épouvanter.

321 1963 422 2076 Il
471 1966 656 2124 luy
695 1962 1034 2083 cache
1063 1953 1270 2086 fon
1323 1972 1520 2087 Fils
1585 2065 1618 2117 ,
1707 1976 1776 2086 il
1825 2014 2154 2088 mena
2167 1972 2312 2092 lié
2357 1973 2454 2091 fà
2483 1973 2817 2132 telle,

328 2135 467 2246 Et
492 2127 693 2244 fait
736 2136 1101 2250 couler
1138 2135 1321 2250 des
1360 2142 1713 2290 pleurs
1764 2228 1796 2280 ,
1854 2136 2593 2301 qu’aufii-tofl
2632 2151 2705 2261 il
2744 2145 3200 2291 arrefie,

323 2293 967 2412 Hermione
1027 2294 1709 2415 elle-incline
1737 2340 1801 2414 a
1841 2340 2051 2419 veu
2131 2309 2357 2459 plus
2387 2311 2525 2424 de
2551 2345 2801 2434 cent
2831 2310 3053 2438 fois

332 2463 554 2572 Cet
594 2463 1020 2576 Amant
1068 2468 1360 2580 irrité
1406 2468 1842 2582 revenir
1902 2467 2132 2581 fous
2168 2469 2316 2582 les
2352 2478 2658 2617 loix,

328 2625 467 2736 Et
506 2617 645 2736 de
680 2616 821 2736 les
858 2658 1213 2741 vœux
1262 2626 1755 2742 troublez
1788 2636 1963 2788 luy
2008 2669 2669 2787 rapportant
2694 2638 3389 2816 l’hommage
3434 2732 3478 2801 J

317 2785 856 2934 Soupirer
893 2790 958 2898 à
997 2790 1146 2904 les
1179 2789 1490 2944 pieds
1523 2796 1904 2904 moins
1957 2796 2474 2910 d'amour
2509 2840 2714 2966 que
2755 2806 2894 2920 de
2937 2847 3247 2971 rage,

328 2939 641 3062 Ainlî
674 2953 1305 3069 n'attendez
1350 2989 1622 3108 pas,
1708 2990 1912 3112 que
1932 2963 2168 3073 l’on
2202 2959 3298 3134 puilFeaujourd’huy

327 3117 641 3230 Vous
685 3107 1253 3272 répondre
1299 3117 1559 3231 d'un
1617 3121 2055 3266 Cœur,
2111 3117 2190 3235 fi
2224 3158 2429 3276 peu
2473 3128 2919 3252 maillre
2965 3133 3099 3252 de
3127 3142 3349 3298 luy.

328 3271 432 3390 Il
491 3310 752 3427 peut
829 3367 866 3425 ,
975 3285 1530 3446 Seigneur
1599 3373 1632 3431 ,
1723 3286 1796 3400 il
1859 3317 2112 3441 peut
2167 3287 2438 3405 dans
2499 3338 2622 3415 ce
2677 3292 3186 3425 defbrdre
3235 3297 3580 3426 extrê¬

484 3480 677 3558 me
726 3530 762 3585 ,

343 3598 820 3763 Epoufer
889 3642 1014 3726 ce
1043 3608 1310 3767 qu’il
1333 3603 1560 3723 hait
1599 3623 1704 3726 &
1737 3613 2128 3769 perdre
2151 3663 2275 3736 ce
2295 3628 2558 3783 qu’il
2587 3633 2919 3763 aime,

1584 3781 1827 3901 OR
1896 3790 2424 3921 ESTE.

333 3935 631 4049 Mais
675 3924 1157 4091 dy-moy
1210 4022 1243 4068 ,
1319 3929 1457 4044 de
1486 3940 1735 4091 quel
1773 3945 1973 4054 œil
2008 3950 2649 4064 Hermione
2678 3981 2929 4100 peut
2952 3960 3201 4074 voir

321 4103 580 4213 Son
619 4090 1050 4253 hymen
1083 4082 1539 4243 différé,
1599 4099 1744 4212 les
1783 4103 2286 4224 charmes
2315 4108 2548 4228 làns
2579 4123 3109 4269 pouvoir.

1534 4272 2334 4413 PYLADE,

327 4424 1009 4575 Hermione,
1069 4430 1651 4591 Seigneur,
1707 4470 1841 4545 au
1895 4435 2275 4551 moins
2325 4480 2461 4555 en
2499 4476 3119 4597 apparance
3152 4535 3206 4591 ^

332 4584 784 4708 Semble
818 4593 952 4708 de
982 4594 1178 4709 fon
1212 4604 1642 4709 Amant
1672 4590 2276 4759 dédaigner
2304 4600 3114 4724 l’inconfiance
3147 4697 3192 4759 *

338 4761 477 4868 Et
506 4758 789 4868 croit
822 4793 1029 4918 que
1068 4793 1319 4913 trop
1360 4751 1837 4873 heureux
1886 4787 2019 4878 de
2054 4762 2439 4887 fléchir
2478 4762 2577 4882 fà
2622 4773 3138 4932 rigueur,

331 4920 432 5030 Il
465 4920 574 5031 la
607 4922 1070 5035 viendra
1099 4917 1490 5076 preflèr
1519 4922 1658 5039 de
1687 4931 2286 5081 reprendre
2331 4931 2526 5049 Ion
2587 4940 3001 5072 Cœur.

342 5085 650 5201 Mais
682 5100 788 5240 je
824 5085 1028 5245 l’ay
1068 5126 1340 5210 veue
1380 5078 1678 5200 enfin
1718 5130 1898 5205 me
1936 5089 2356 5209 confier
2386 5093 2530 5214 lès
2556 5106 3006 5240 larmes.

333 5248 559 5362 Elle
592 5254 957 5398 pleure
1023 5295 1171 5368 en
1221 5248 1545 5367 lècret
1585 5259 1683 5367 le
1727 5249 2139 5408 mépris
2193 5263 2327 5376 de
2361 5253 2505 5375 lès
2545 5263 3103 5398 charmes.

331 5421 900 5572 Toujours
965 5411 1422 5573 prefteà
1507 5420 1842 5573 partir
1901 5509 1928 5561 ,
1967 5436 2102 5542 Le
2177 5427 2822 5546 demeurant
2851 5448 3344 5592 toujours
3377 5416 3424 5535 ?

336 5575 1075 5718 Quelquefois
1108 5586 1301 5699 elle
1330 5589 1759 5725 appelle
1808 5580 2203 5706 Orêfle
2254 5586 3042 5730 àlonlècours,

1539 5754 2036 5872 ORES
2095 5760 2373 5889 TE.

338 5902 564 6025 Ah!
620 5908 693 6020 fi
735 5927 830 6057 je
858 5911 958 6026 le
992 5913 1504 6066 croyois,
1563 5911 1908 6067 j’irois
1952 5912 2204 6032 bien
2214 5954 2326 6037 to
2340 5917 2506 6066 fl,
2560 5922 3032 6083 Pylade,

338 6078 543 6191 Me
584 6087 1218 6236 jetter....

1629 6243 1958 6353 PYL
2009 6244 2270 6359 AD
2331 6255 2459 6363 E.

1012 6398 1560 6557 Achevez,
1598 6404 2174 6567 Seigneur,
2238 6450 2382 6532 vu
2402 6403 2612 6537 lire
2638 6403 3323 6548 ambassades

2637 6581 2939 6741 Niij
