4267 7896
1230 616 2578 765 TRAGEDIE.
3314 654 3514 826 ïjy

207 865 541 979 Dans
565 864 665 984 le
695 854 967 1030 fàng
1003 860 1261 984 d'un
1311 859 1729 989 Enfant
1769 879 1877 1025 je
1917 911 2103 985 me
2145 874 2551 1034 baigne
2581 864 2643 984 à
2673 854 2967 984 loifir
3007 889 3045 988 ?

207 1033 501 1147 Non
551 1122 587 1178 ,
653 1034 1251 1194 Seigneur*
1357 1039 1637 1181 Que
1671 1039 1817 1147 les
1865 1045 2211 1153 Grecs
2241 1034 2849 1158 cherchent
2893 1033 3363 1200 quelque

421 1234 732 1308 autre
781 1214 1132 1354 Proye
1197 1290 1236 1344 ,

212 1357 588 1503 Qifiis
632 1358 1344 1512 pourfiiivent
1374 1363 1800 1477 ailleurs
1836 1399 1956 1471 ce
2006 1362 2196 1523 qui
2222 1352 2500 1476 refie
2534 1358 2670 1482 de
2700 1368 3080 1518 Troye
3112 1451 3148 1507 3

212 1527 402 1637 De
452 1564 686 1636 mes
736 1532 1292 1646 inimitiez
1326 1533 1426 1647 le
1470 1563 1790 1641 cours
1826 1517 1986 1637 efl
2012 1522 2432 1642 achevé
2462 1620 2500 1672 ,

216 1690 686 1846 L’Epile
740 1686 1188 1816 fauvera
1254 1733 1380 1809 ce
1420 1727 1632 1847 que
1676 1703 2058 1847 Troye
2114 1732 2170 1805 a
2222 1682 2588 1826 fàuvé,

1444 1861 2264 1990 ORESTE.

206 2020 834 2182 Seigneur,
916 2056 1188 2136 vous
1234 2015 1610 2145 fçavez
1650 2057 1904 2171 trop
1974 2113 2006 2165 ,
2078 2060 2346 2135 avec
2386 2026 2634 2176 quel
2662 2012 3080 2140 artifice

213 2181 419 2331 Un
447 2180 705 2304 faux
741 2180 1313 2340 Âfiyanax
1338 2175 1503 2295 fut
1529 2175 1863 2299 offert
1893 2221 2033 2295 au
2067 2190 2515 2340 Suplice

221 2355 417 2465 Ou
447 2354 543 2464 le
571 2354 777 2464 feul
813 2354 1009 2464 Fils
1055 2345 1615 2464 d’Heétor
1655 2349 2033 2463 devoir
2061 2344 2345 2464 eflre
2381 2340 2901 2480 conduit.

231 2521 407 2633 Ce
459 2510 741 2628 n’efl
803 2552 999 2670 pas
1049 2520 1199 2630 les
1265 2523 1775 2669 Troyens
1857 2601 1889 2659 ,
1969 2508 2227 2629 cefl
2295 2504 2731 2634 Heétor
2781 2514 3121 2676 qu’on
3167 2535 3513 2665 pour-

535 2678 781 2808 fuir.

221 2842 535 2998 Oüy,
571 2848 721 2958 les
767 2848 1111 2958 Grecs
1151 2838 1307 2958 fur
1347 2847 1445 2963 le
1507 2849 1717 2957 Fils
1757 2839 2423 2999 perfècutent
2463 2844 2557 2952 le
2597 2848 2905 2978 Pere»

221 3003 320 3117 11
355 3042 414 3113 a
447 3038 654 3158 par
699 3038 954 3158 trop
1003 3004 1142 3118 de
1177 3004 1358 3122 fan
1373 3047 1446 3169 g
1495 3003 1882 3121 acheté
1913 3013 2146 3127 leur
2189 3008 2594 3138 colere.

226 3177 408 3287 Ce
438 3166 722 3286 n’efl
762 3208 978 3332 que
1008 3168 1282 3286 dans
1312 3173 1410 3287 le
1450 3167 1678 3287 ften
1722 3177 2104 3333 qu’elle
2134 3204 2386 3328 peut
2422 3172 2846 3322 expirer
2880 3256 2916 3322 §

222 3337 366 3451 Ht
392 3332 824 3492 jufques
858 3332 1142 3452 dans
1188 3337 1250 3462 F
1276 3337 1606 3497 Epire
1636 3341 1708 3451 il
1744 3341 1894 3455 les
1934 3372 2192 3497 peut
2222 3340 2638 3472 attirer*

216 3501 782 3620 Prévenez
812 3502 1014 3636 les*

1500 3670 2458 3800 PYRRHUS*

906 3836 1194 3950 Non
1248 3921 1277 3975 ,
1320 3867 1615 3959 non.
1682 3841 1859 3991 J’y
1892 3830 2354 3955 confèns
2400 3862 2664 3944 avec
2704 3836 3003 3986 joye*

217 3999 583 4145 Qifils
633 3994 1237 4120 cherchent
1271 3993 1543 4109 dans
1589 3999 1651 4109 P
1671 4005 1991 4155 Epire
2025 4040 2239 4121 une
2283 3984 2747 4108 féconde
2817 4006 3241 4149 Troye*

221 4174 593 4321 Qtfils
637 4160 1369 4284 confondent
1393 4163 1621 4277 leur
1667 4155 2001 4283 haine
2057 4257 2093 4315 ,
2191 4180 2299 4284 &
2345 4200 2489 4278 ne
2545 4148 3241 4324 diflinguent
3269 4155 3503 4315 pfe

217 4339 367 4449 Le
401 4338 675 4494 iàng
745 4334 937 4494 qui
973 4330 1123 4442 les
1151 4324 1281 4442 fit
1321 4329 1775 4443 vaincre
1851 4421 1883 4479 ,
1975 4349 2083 4449 &
2119 4338 2413 4490 celuy
2443 4324 2629 4442 des
2669 4334 3193 4463 Vaincus*

211 4494 519 4623 Auffi
581 4498 833 4612 bien
899 4534 1023 4608 ce
1055 4487 1339 4608 n’efl
1379 4529 1575 4647 pas
1603 4493 1709 4607 la
1739 4499 2289 4649 première
2317 4502 2433 4612 in
2447 4484 2829 4648 juflice
2879 4586 2917 4644 ,

221 4673 561 4783 Dont
587 4662 691 4778 la
735 4658 1173 4798 Grèce,
1203 4647 1739 4777 d’Achille
1793 4705 1857 4777 a
1897 4656 2175 4823 payé
2199 4668 2295 4778 le
2345 4652 2783 4788 fèrvice*

222 4826 670 4947 Heélor
706 4864 844 4942 en
884 4818 1358 4978 profita,
1409 4827 2032 4987 Seigneur,
2102 4842 2208 4941 &
2252 4828 2710 5018 quelque
2735 4828 3040 4972 jour*

216 5003 470 5121 Son
514 4998 710 5112 îils
758 5034 902 5106 en
942 4991 1446 5144 pourroit
1486 4991 1740 5107 bien
1794 4987 2248 5147 profiter
2304 4990 2372 5106 à
2422 4982 2618 5100 fon
2658 5018 2958 5116 tour*

1480 5161 2310 5286 ORESTE*

216 5326 536 5455 Ainfi
572 5332 674 5446 la
730 5320 1092 5442 Grèce
1142 5362 1286 5440 en
1326 5357 1606 5439 vous
1646 5357 2032 5441 trouve
2068 5362 2218 5435 un
2282 5310 2684 5430 Enfant
2710 5300 3096 5424 rebelle
3132 5325 3174 5423 l

1420 5490 2356 5616 PYRRHUS*

226 5665 367 5779 Et
410 5670 517 5820 je
560 5660 813 5816 n’ay
880 5656 1169 5774 dont
1218 5655 1633 5770 vaincu
1676 5691 1889 5815 que
1934 5687 2217 5805 pour
2266 5634 2829 5800 dépendre
2880 5629 3189 5750 d’elle
3240 5645 3287 5743 ?

1461 5824 2273 5945 ORESTE.

221 6000 865 6113 Hermione
931 6082 963 6134 ,
1045 5994 1597 6150 Seigneur
1645 6077 1677 6129 ,
1743 5979 2269 6099 arrellera
2303 6014 2499 6092 vos
2529 6000 2869 6118 coups
2931 6036 2953 6058 ■

221 6169 423 6279 Ses
463 6194 731 6318 yeux
767 6143 1533 6308 s’oppofèront
1559 6179 1867 6263 entre
1903 6149 2099 6263 fon
2149 6158 2413 6262 Pere
2453 6154 2561 6252 &
2591 6170 2859 6252 vous
2885 6226 2917 6262 *

1415 6318 2367 6442 PYRRHUS.

215 6482 948 6638 Hermione,
997 6484 1606 6648 Seigneur,
1659 6472 2385 6643 peutm’eflre
2411 6482 2917 6628 toujours
2961 6445 3287 6578 chère
3317 6535 3359 6587 -
