4267 7647
716 768 769 852 ï
787 799 868 913 4
886 752 953 878 8
1364 722 2625 868 ANDROMA
2674 716 3025 899 QU
3082 722 3223 853 E.

711 992 1168 1148 Prefque
1205 1021 1408 1097 aux
1445 1015 1716 1137 yeux
1772 981 1904 1091 de
1966 978 2436 1126 l’Epire,
2514 972 2873 1092 écarta
2933 1007 3143 1083 nos
3207 961 3810 1107 Vailïeaiix.

716 1154 1281 1271 Combien
1334 1146 1605 1256 dans
1654 1130 1823 1247 cét
1868 1139 2069 1251 exil
2140 1144 2441 1286 ay-je
2518 1124 2945 1242 foufïert
3032 1125 3631 1240 d’allarmes
3678 1161 3711 1247 ?

716 1304 1281 1426 Combien
1324 1300 1381 1410 d
1430 1335 1625 1411 vos
1668 1293 2273 1411 mal-heurs
2324 1304 2625 1440 ay-je
2664 1280 3049 1401 donné
3097 1284 3233 1397 de
3262 1289 3651 1401 larmes
3704 1319 3741 1405 ?

723 1474 1340 1619 Craignant
1383 1469 1874 1610 toujours
1935 1490 2216 1604 pour
2261 1485 2526 1565 vous
2593 1446 3054 1606 quelque
3101 1479 3606 1561 nouveau
3653 1449 3914 1570 dam

867 1663 1062 1785 gcr

712 1787 983 1934 Qbe
1027 1773 1565 1909 ma.trifls
1613 1768 1983 1885 amitié
2021 1811 2087 1880 11
2107 1808 2159 1879 e
2236 1763 2695 1913 pouvoir
2728 1788 3283 1918 partager.

712 1951 933 2058 Sur
982 1977 1207 2053 tout
1254 1953 1357 2087 je
1414 1932 1955 2049 redoutois
2006 1962 2277 2038 cette
2320 1917 2969 2035 Mélancolie

707 2100 1167 2262 Oiij’ay
1216 2136 1366 2211 vu
1433 2091 1506 2203 h
1567 2096 2256 2246 long-temps
2346 2072 2998 2192 voflreame
3067 2071 3626 2202 enfeyelie.

701 2270 844 2416 Je
911 2255 1466 2412 craignois
1523 2286 1730 2402 que
1787 2255 1884 2362 le
1927 2246 2236 2382 Ciel,
2299 2274 2496 2387 par
2565 2275 2710 2342 un
2777 2224 3586 2363 cruelfècours,

717 2435 907 2540 Ne
951 2449 1217 2532 vous
1259 2405 1735 2526 offirilfcla
1777 2441 2138 2541 mort,
2221 2436 2427 2556 que
2469 2431 2739 2511 vous
2779 2384 3343 2502 cherchiez
3390 2405 3924 2544 toujours.'

712 2584 1013 2696 Mais
1064 2584 1177 2729 je
1244 2608 1511 2681 vous
1554 2604 1839 2715 voy,
1876 2569 2475 2715 Seigneur,
2520 2568 2625 2665 A
2674 2549 2741 2661 fi
2788 2544 3163 2704 j’ofèîe
3220 2545 3447 2657 dire
3491 2635 3531 2685 ,

707 2737 913 2854 Un
972 2723 1634 2880 Deftinpîus
1683 2722 2148 2840 heureux
2212 2749 2476 2830 vous
2554 2712 3008 2821 conduit
3078 2743 3208 2815 en
3255 2708 3637 2855 Epire.

707 2903 862 3009 Le
915 2923 1466 3044 pompeux
1503 2888 1974 3033 appareil
2021 2884 2198 3034 qui
2235 2873 2422 2987 /hit
2483 2873 2620 2983 ici
2665 2903 2860 2979 vos
2907 2897 3152 3015 pas,

713 3047 1030 3169 N’eft
1075 3053 1392 3203 point
1444 3046 1699 3162 d’un
1753 3037 2519 3158 Mal-heureux
2569 3032 2753 3182 qui
2793 3016 3257 3140 cherche
3340 3026 3437 3134 le
3491 3018 3895 3178 trépas.'

1796 3206 1909 3318 O
1962 3196 2665 3314 RESTE.

706 3372 1057 3486 Helas
1110 3390 1133 3486 !
1186 3372 1375 3522 qui
1440 3395 1691 3511 peut
1752 3361 2153 3518 fçavoir
2205 3356 2302 3462 le
2345 3342 2754 3460 Deftin
2798 3346 2978 3478 qui
3036 3341 3626 3456 m’ameine
3664 3365 3706 3452 ?

707 3534 1272 3647 L’Amour
1339 3560 1524 3636 me
1563 3519 1754 3637 fait
1817 3525 1984 3667 icy
2025 3500 2542 3640 chercher
2579 3540 2790 3626 une
2837 3496 3546 3625 Inhumaine.

711 3699 1014 3806 Mais
1061 3689 1256 3845 qui
1289 3680 1536 3840 fçait
1569 3723 1690 3796 ce
1723 3684 1974 3836 qu’il
2021 3674 2262 3790 doit
2329 3665 2896 3780 ordonner
2926 3664 3070 3771 de
3127 3695 3407 3771 mon
3445 3665 3782 3801 Sort,

712 3853 867 3960 Et
916 3844 987 3960 h
1014 3859 1121 3999 je
1155 3849 1451 3960 viens
1489 3835 2003 3955 chercher
2057 3923 2083 3969 ,
2120 3867 2267 3941 ou
2290 3831 2387 3935 la
2424 3829 2655 3956 vie,
2694 3862 2845 3934 ou
2878 3829 2979 3935 la
3012 3849 3313 3926 mort
3346 3838 3383 3929 ?

1956 3988 2567 4104 PYLAD
2624 3987 2761 4109 E.

711 4177 1058 4314 Quov
1085 4186 1106 4279 !
1196 4157 1554 4280 voftre
1598 4187 1850 4265 ame
1917 4152 1982 4259 d
2039 4152 2546 4263 l’Amour
2590 4232 2620 4278 ,
2663 4182 2804 4253 en
2863 4141 3268 4253 Efcîave
3305 4121 3742 4243 afîèrvie
3794 4222 3826 4274 ,

697 4346 858 4438 f-e
917 4327 1282 4473 repofe
1329 4326 1482 4432 fur
1539 4312 1894 4463 luydu
1953 4311 2188 4423 foin
2255 4303 2392 4413 de
2431 4293 2800 4419 vcflre
2829 4303 3004 4414 vie
3037 4321 3074 4408 ?

716 4492 768 4606 1
813 4526 927 4597 ar
1017 4487 1305 4637 quels
1385 4470 1883 4588 charmes
1947 4556 1980 4610 ,
2071 4496 2377 4612 apres
2464 4491 2701 4567 tant
2782 4456 2919 4571 de
3012 4481 3567 4568 tourmens
3638 4446 3909 4562 fouf-

856 4644 1187 4780 ferts,

717 4799 1100 4920 Peut-il
1146 4826 1410 4910 vous
1457 4789 1850 4897 inviter
1891 4780 1954 4891 d
1992 4810 2406 4896 rentrer
2473 4771 2744 4886 dans
2817 4769 2960 4886 fès
3007 4769 3212 4882 fers
3255 4799 3292 4886 ?

711 4959 1440 5075 Penfèz-vous
1475 4945 2322 5101 qu’Hennione,
2365 4974 2426 5040 a
2473 4944 2856 5080 Sparte
2893 4928 3528 5041 inexorable
3570 5014 3608 5065 ,

713 5133 1014 5235 Vous
1075 5113 1525 5263 prépare
1589 5142 1729 5214 en
1772 5107 1853 5210 E
1871 5104 2093 5249 pire
2161 5134 2301 5206 un
2384 5097 2645 5204 Sort
2707 5094 2929 5239 plus
2972 5084 3527 5199 favorable
3564 5108 3607 5199 ?

706 5291 1247 5398 Houreux
1300 5267 1715 5384 d’avoir
1796 5247 2157 5404 pouffé
2216 5284 2447 5364 tant
2484 5247 2621 5359 de
2660 5282 2995 5359 vœux
3036 5243 3601 5395 fiiperflus,

708 5451 1017 5552 Vous
1074 5422 1759 5546 l’abhorriez.
1875 5407 2267 5552 Enfin,
2340 5446 2610 5519 vous
2670 5447 2814 5519 ne
2854 5412 3148 5524 m’en
3196 5402 3592 5558 parliez
3638 5403 3901 5548 plus,

696 5690 722 5736 k
707 5609 1012 5716 Vous
1069 5626 1256 5713 me
1285 5583 1892 5732 trompiez,
1967 5576 2540 5726 Seigneur.

1897 5740 2004 5847 O
2051 5744 2144 5847 R
2195 5745 2272 5846 E
2321 5740 2394 5843 S
2441 5735 2541 5838 T
2601 5735 2720 5851 E.

2086 5900 2217 6045 Je
2264 5926 2443 5997 me
2514 5886 3069 6032 trompois
3106 5876 3869 6035 moy-mefme,
3864 5876 3884 5932 1

702 6073 1067 6220 Amy,
1126 6054 1655 6174 n’accahîe
1702 6055 2019 6199 point
2086 6088 2231 6161 un
2274 6038 3045 6157 Mal-heureux
3076 6044 3253 6195 qui
3286 6049 3701 6170 t’aime.

697 6233 1142 6380 T’ay-je
1175 6219 1570 6380 jamais
1603 6203 1934 6326 caché
2011 6247 2292 6321 mon
2329 6213 2642 6315 cœur
2703 6212 2816 6310 8c
2887 6233 3118 6313 mes
3191 6192 3506 6310 defîrs
3559 6224 3598 6315 ?

701 6388 882 6528 Iü
937 6389 1092 6504 vis
1125 6372 1534 6504 iuifto
1577 6408 1766 6494 ma
1827 6373 1900 6484 fi
1911 6364 2154 6484 âme
2201 6379 2302 6484 §c
2359 6398 2592 6482 mes
2633 6364 3148 6518 premiers
3195 6349 3646 6509 fbûpirs.
