<?xml version="1.0" encoding="UTF-8" standalone="yes"?>
<PcGts xmlns="http://schema.primaresearch.org/PAGE/gts/pagecontent/2013-07-15" xmlns:xsi="http://www.w3.org/2001/XMLSchema-instance" xsi:schemaLocation="http://schema.primaresearch.org/PAGE/gts/pagecontent/2013-07-15 http://schema.primaresearch.org/PAGE/gts/pagecontent/2013-07-15/pagecontent.xsd">
    <Metadata>
        <Creator></Creator>
        <Created>2019-01-04T14:31:51.053+01:00</Created>
        <LastChange>2019-09-29T14:04:09.440+02:00</LastChange>
        <Comments>
                Measurement unit: pixel
                PrimaryLanguage: English
                Language: FrenchStandard
                Producer: ABBYY FineReader Engine 11</Comments>
        <TranskribusMetadata docId="189251" pageId="7488967" pageNr="175" tsid="16134600" status="DONE" userId="10612" imgUrl="https://files.transkribus.eu/Get?id=EUUZESJCBGZJUYBHAXZNUTMP&amp;fileType=view" xmlUrl="https://files.transkribus.eu/Get?id=QMZPUMGZJAXBWYMHKJLZWSIO" imageId="2284736"/>
    </Metadata>
    <Page imageFilename="Racine1676_Oeuvres1_cb31168676r_corrected_0175.png" imageWidth="4267" imageHeight="7915">
        <PrintSpace>
            <Coords points="2,95 4079,95 4079,6741 2,6741"/>
        </PrintSpace>
        <ReadingOrder>
            <OrderedGroup id="ro_1604235676041" caption="Regions reading order">
                <RegionRefIndexed index="0" regionRef="r_1_1"/>
                <RegionRefIndexed index="1" regionRef="r_1_2"/>
                <RegionRefIndexed index="2" regionRef="r_1_3"/>
                <RegionRefIndexed index="3" regionRef="r_1_4"/>
                <RegionRefIndexed index="4" regionRef="r_1_5"/>
                <RegionRefIndexed index="5" regionRef="r_1_6"/>
                <RegionRefIndexed index="6" regionRef="r_1_7"/>
                <RegionRefIndexed index="7" regionRef="r_1_8"/>
                <RegionRefIndexed index="8" regionRef="r_1_9"/>
                <RegionRefIndexed index="9" regionRef="r_1_10"/>
                <RegionRefIndexed index="10" regionRef="r_1_11"/>
                <RegionRefIndexed index="11" regionRef="r_1_12"/>
                <RegionRefIndexed index="12" regionRef="r_1_13"/>
                <RegionRefIndexed index="13" regionRef="r_1_14"/>
                <RegionRefIndexed index="14" regionRef="r_1_15"/>
                <RegionRefIndexed index="15" regionRef="r_1_16"/>
                <RegionRefIndexed index="16" regionRef="r_1_17"/>
                <RegionRefIndexed index="17" regionRef="r_1_18"/>
                <RegionRefIndexed index="18" regionRef="r_1_19"/>
                <RegionRefIndexed index="19" regionRef="r_1_20"/>
                <RegionRefIndexed index="20" regionRef="r_1_21"/>
                <RegionRefIndexed index="21" regionRef="r_1_22"/>
                <RegionRefIndexed index="22" regionRef="r_1_23"/>
                <RegionRefIndexed index="23" regionRef="r_1_24"/>
                <RegionRefIndexed index="24" regionRef="r_1_25"/>
            </OrderedGroup>
        </ReadingOrder>
        <TextRegion type="paragraph" id="r_1_1" custom="readingOrder {index:0;}">
            <Coords points="1089,654 3409,654 3409,891 1089,891"/>
            <TextLine id="tl_1" primaryLanguage="English" custom="readingOrder {index:0;}">
                <Coords points="1090,655 3408,655 3408,890 1090,890"/>
                <Baseline points="1090,806 1393,801 1560,807 1888,815 2080,818 3408,884"/>
                <Word id="w_w2aab1b1b2b1b1ab1" language="English" custom="readingOrder {index:0;}">
                    <Coords points="1090,665 1393,665 1393,806 1090,806"/>
                    <TextEquiv>
                        <Unicode>TP.</Unicode>
                    </TextEquiv>
                    <TextStyle fontFamily="Times New Roman" fontSize="16.0"/>
                </Word>
                <Word id="w_w2aab1b1b2b1b1ab9" language="English" custom="readingOrder {index:1;}">
                    <Coords points="1444,666 1560,666 1560,807 1444,807"/>
                    <TextEquiv>
                        <Unicode>A</Unicode>
                    </TextEquiv>
                    <TextStyle fontFamily="Times New Roman" fontSize="16.0"/>
                </Word>
                <Word id="w_w2aab1b1b2b1b1ac13" language="English" custom="readingOrder {index:2;}">
                    <Coords points="1618,674 1888,674 1888,815 1618,815"/>
                    <TextEquiv>
                        <Unicode>GE</Unicode>
                    </TextEquiv>
                    <TextStyle fontFamily="Times New Roman" fontSize="16.0"/>
                </Word>
                <Word id="w_w2aab1b1b2b1b1ac19" language="English" custom="readingOrder {index:3;}">
                    <Coords points="1946,670 2424,670 2424,841 1946,841"/>
                    <TextEquiv>
                        <Unicode>DIE;</Unicode>
                    </TextEquiv>
                    <TextStyle fontFamily="Times New Roman" fontSize="16.0"/>
                </Word>
                <Word id="w_w2aab1b1b2b1b1b1b1" language="English" custom="readingOrder {index:4;}">
                    <Coords points="3190,707 3408,707 3408,889 3190,889"/>
                    <TextEquiv>
                        <Unicode>tfi</Unicode>
                    </TextEquiv>
                    <TextStyle fontFamily="Times New Roman" fontSize="16.0" bold="true" italic="true"/>
                </Word>
                <TextEquiv>
                    <Unicode>TRAGEDIE. 153</Unicode>
                </TextEquiv>
            </TextLine>
            <TextEquiv>
                <Unicode>TRAGEDIE. 153</Unicode>
            </TextEquiv>
        </TextRegion>
        <TextRegion type="paragraph" id="r_1_2" custom="readingOrder {index:1;}">
            <Coords points="99,903 3400,903 3400,1208 99,1208"/>
            <TextLine id="tl_2" primaryLanguage="English" custom="readingOrder {index:0;}">
                <Coords points="100,904 3399,904 3399,1130 100,1130"/>
                <Baseline points="101,1027 296,1026 666,1033 1260,1053 1342,1032 1472,1054 1796,1058 2598,1069 2735,1101 3130,1084 3398,1090"/>
                <Word id="w_w2aab1b1b2b3b1ab1" language="English" custom="readingOrder {index:0;}">
                    <Coords points="101,912 296,912 296,1027 101,1027"/>
                    <TextEquiv>
                        <Unicode>Ne</Unicode>
                    </TextEquiv>
                    <TextStyle fontFamily="Times New Roman" fontSize="12.0"/>
                </Word>
                <Word id="w_w2aab1b1b2b3b1ab7" language="English" custom="readingOrder {index:1;}">
                    <Coords points="385,948 666,948 666,1034 385,1034"/>
                    <TextEquiv>
                        <Unicode>vous</Unicode>
                    </TextEquiv>
                    <TextStyle fontFamily="Times New Roman" fontSize="12.0"/>
                </Word>
                <Word id="w_w2aab1b1b2b3b1ac17" language="English" custom="readingOrder {index:2;}">
                    <Coords points="753,916 1260,916 1260,1055 753,1055"/>
                    <TextEquiv>
                        <Unicode>forment</Unicode>
                    </TextEquiv>
                    <TextStyle fontFamily="Times New Roman" fontSize="12.0"/>
                </Word>
                <Word id="w_w2aab1b1b2b3b1ac33" language="English" custom="readingOrder {index:3;}">
                    <Coords points="1299,1010 1342,1010 1342,1032 1299,1032"/>
                    <TextEquiv>
                        <Unicode>*</Unicode>
                    </TextEquiv>
                    <TextStyle fontFamily="Times New Roman" fontSize="12.0"/>
                </Word>
                <Word id="w_w2aab1b1b2b3b1ac37" language="English" custom="readingOrder {index:4;}">
                    <Coords points="1387,943 1472,943 1472,1054 1387,1054"/>
                    <TextEquiv>
                        <Unicode>il</Unicode>
                    </TextEquiv>
                    <TextStyle fontFamily="Times New Roman" fontSize="12.0"/>
                </Word>
                <Word id="w_w2aab1b1b2b3b1ac43" language="English" custom="readingOrder {index:5;}">
                    <Coords points="1560,948 1796,948 1796,1100 1560,1100"/>
                    <TextEquiv>
                        <Unicode>plus</Unicode>
                    </TextEquiv>
                    <TextStyle fontFamily="Times New Roman" fontSize="12.0"/>
                </Word>
                <Word id="w_w2aab1b1b2b3b1ac53" language="English" custom="readingOrder {index:6;}">
                    <Coords points="2047,948 2598,948 2598,1111 2047,1111"/>
                    <TextEquiv>
                        <Unicode>Seigneur</Unicode>
                    </TextEquiv>
                    <TextStyle fontFamily="Times New Roman" fontSize="12.0"/>
                </Word>
                <Word id="w_w2aab1b1b2b3b1ac71" language="English" custom="readingOrder {index:7;}">
                    <Coords points="2688,938 2735,938 2735,1101 2688,1101"/>
                    <TextEquiv>
                        <Unicode>;</Unicode>
                    </TextEquiv>
                    <TextStyle fontFamily="Times New Roman" fontSize="12.0"/>
                </Word>
                <Word id="w_w2aab1b1b2b3b1ac75" language="English" custom="readingOrder {index:8;}">
                    <Coords points="2870,969 3130,969 3130,1124 2870,1124"/>
                    <TextEquiv>
                        <Unicode>quel</Unicode>
                    </TextEquiv>
                    <TextStyle fontFamily="Times New Roman" fontSize="12.0"/>
                </Word>
                <Word id="w_w2aab1b1b2b3b1ac85" language="English" custom="readingOrder {index:9;}">
                    <Coords points="3231,963 3398,963 3398,1090 3231,1090"/>
                    <TextEquiv>
                        <Unicode>à</Unicode>
                    </TextEquiv>
                    <TextStyle fontFamily="Times New Roman" fontSize="12.0"/>
                </Word>
                <Word id="word_1546608763563_1345" custom="readingOrder {index:10;}">
                    <Coords points="1888,1032 1934,1032 1934,1091 1888,1091"/>
                    <TextEquiv>
                        <Unicode></Unicode>
                    </TextEquiv>
                </Word>
                <TextEquiv>
                    <Unicode>Ne vous ſouvient-il plus, Seigneur, quel fut</Unicode>
                </TextEquiv>
                <TextStyle fontFamily="Times New Roman" fontSize="12.0"/>
            </TextLine>
            <TextLine id="tl_3" primaryLanguage="English" custom="readingOrder {index:1;}">
                <Coords points="259,1080 810,1080 810,1207 259,1207"/>
                <Baseline points="259,1193 708,1198 810,1207"/>
                <Word id="w_w2aab1b1b2b3b3ab1" language="English" custom="readingOrder {index:0;}">
                    <Coords points="259,1083 708,1083 708,1198 259,1198"/>
                    <TextEquiv>
                        <Unicode>Hector</Unicode>
                    </TextEquiv>
                    <TextStyle fontFamily="Times New Roman" fontSize="12.0"/>
                </Word>
                <Word id="w_w2aab1b1b2b3b3ac15" language="English" custom="readingOrder {index:1;}">
                    <Coords points="773,1119 810,1119 810,1207 773,1207"/>
                    <TextEquiv>
                        <Unicode>?</Unicode>
                    </TextEquiv>
                    <TextStyle fontFamily="Times New Roman" fontSize="12.0"/>
                </Word>
                <TextEquiv>
                    <Unicode>Hector?</Unicode>
                </TextEquiv>
                <TextStyle fontFamily="Times New Roman" fontSize="12.0"/>
            </TextLine>
            <TextEquiv>
                <Unicode>Ne vous ſouvient-il plus, Seigneur, quel fut
Hector?</Unicode>
            </TextEquiv>
        </TextRegion>
        <TextRegion type="paragraph" id="r_1_3" custom="readingOrder {index:2;}">
            <Coords points="111,1237 2847,1237 2847,1433 111,1433"/>
            <TextLine id="tl_4" primaryLanguage="English" custom="readingOrder {index:0;}">
                <Coords points="112,1238 2846,1238 2846,1432 112,1432"/>
                <Baseline points="113,1355 368,1357 868,1368 1378,1379 2420,1393 2845,1418"/>
                <Word id="w_w2aab1b1b2b5b1ab1" language="English" custom="readingOrder {index:0;}">
                    <Coords points="113,1238 368,1238 368,1357 113,1357"/>
                    <TextEquiv>
                        <Unicode>Nos</Unicode>
                    </TextEquiv>
                    <TextStyle fontFamily="Times New Roman" fontSize="12.0"/>
                </Word>
                <Word id="w_w2aab1b1b2b5b1ab9" language="English" custom="readingOrder {index:1;}">
                    <Coords points="417,1256 868,1256 868,1404 417,1404"/>
                    <TextEquiv>
                        <Unicode>Peuples</Unicode>
                    </TextEquiv>
                    <TextStyle fontFamily="Times New Roman" fontSize="12.0"/>
                </Word>
                <Word id="w_w2aab1b1b2b5b1ac25" language="English" custom="readingOrder {index:2;}">
                    <Coords points="897,1252 1378,1252 1378,1379 897,1379"/>
                    <TextEquiv>
                        <Unicode>afFoiblis</Unicode>
                    </TextEquiv>
                    <TextStyle fontFamily="Times New Roman" fontSize="12.0"/>
                </Word>
                <Word id="w_w2aab1b1b2b5b1ac45" language="English" custom="readingOrder {index:3;}">
                    <Coords points="1427,1263 2420,1263 2420,1398 1427,1398"/>
                    <TextEquiv>
                        <Unicode>s’enfouvienncnt</Unicode>
                    </TextEquiv>
                    <TextStyle fontFamily="Times New Roman" fontSize="12.0"/>
                </Word>
                <Word id="w_w2aab1b1b2b5b1ac77" language="English" custom="readingOrder {index:4;}">
                    <Coords points="2453,1319 2845,1319 2845,1418 2453,1418"/>
                    <TextEquiv>
                        <Unicode>encor.</Unicode>
                    </TextEquiv>
                    <TextStyle fontFamily="Times New Roman" fontSize="12.0"/>
                </Word>
                <TextEquiv>
                    <Unicode>Nos Peuples affoiblis s’en ſouviennent encor.</Unicode>
                </TextEquiv>
                <TextStyle fontFamily="Times New Roman" fontSize="12.0"/>
            </TextLine>
            <TextEquiv>
                <Unicode>Nos Peuples affoiblis s’en ſouviennent encor.</Unicode>
            </TextEquiv>
        </TextRegion>
        <TextRegion type="paragraph" id="r_1_4" custom="readingOrder {index:3;}">
            <Coords points="97,1403 3281,1403 3281,1774 97,1774"/>
            <TextLine id="tl_5" primaryLanguage="English" custom="readingOrder {index:0;}">
                <Coords points="98,1404 3280,1404 3280,1616 98,1616"/>
                <Baseline points="99,1517 348,1523 668,1531 910,1543 1156,1538 1597,1548 1851,1553 2295,1559 2425,1595 2584,1563 2835,1562 3177,1569 3280,1616"/>
                <Word id="w_w2aab1b1b2b7b1ab1" language="English" custom="readingOrder {index:0;}">
                    <Coords points="99,1406 348,1406 348,1523 99,1523"/>
                    <TextEquiv>
                        <Unicode>Son</Unicode>
                    </TextEquiv>
                    <TextStyle fontFamily="Times New Roman" fontSize="12.0"/>
                </Word>
                <Word id="w_w2aab1b1b2b7b1ab9" language="English" custom="readingOrder {index:1;}">
                    <Coords points="377,1453 668,1453 668,1531 377,1531"/>
                    <TextEquiv>
                        <Unicode>nom</Unicode>
                    </TextEquiv>
                    <TextStyle fontFamily="Times New Roman" fontSize="12.0"/>
                </Word>
                <Word id="w_w2aab1b1b2b7b1ac17" language="English" custom="readingOrder {index:2;}">
                    <Coords points="707,1412 910,1412 910,1543 707,1543"/>
                    <TextEquiv>
                        <Unicode>foui</Unicode>
                    </TextEquiv>
                    <TextStyle fontFamily="Times New Roman" fontSize="12.0"/>
                </Word>
                <Word id="w_w2aab1b1b2b7b1ac27" language="English" custom="readingOrder {index:3;}">
                    <Coords points="955,1417 1156,1417 1156,1539 955,1539"/>
                    <TextEquiv>
                        <Unicode>fait</Unicode>
                    </TextEquiv>
                    <TextStyle fontFamily="Times New Roman" fontSize="12.0"/>
                </Word>
                <Word id="w_w2aab1b1b2b7b1ac37" language="English" custom="readingOrder {index:4;}">
                    <Coords points="1202,1422 1597,1422 1597,1548 1202,1548"/>
                    <TextEquiv>
                        <Unicode>frémir</Unicode>
                    </TextEquiv>
                    <TextStyle fontFamily="Times New Roman" fontSize="12.0"/>
                </Word>
                <Word id="w_w2aab1b1b2b7b1ac51" language="English" custom="readingOrder {index:5;}">
                    <Coords points="1640,1478 1851,1478 1851,1553 1640,1553"/>
                    <TextEquiv>
                        <Unicode>nos</Unicode>
                    </TextEquiv>
                    <TextStyle fontFamily="Times New Roman" fontSize="12.0"/>
                </Word>
                <Word id="w_w2aab1b1b2b7b1ac59" language="English" custom="readingOrder {index:6;}">
                    <Coords points="1926,1452 2351,1452 2351,1594 1926,1594"/>
                    <TextEquiv>
                        <Unicode>Veuves</Unicode>
                    </TextEquiv>
                    <TextStyle fontFamily="Times New Roman" fontSize="12.0"/>
                </Word>
                <Word id="w_w2aab1b1b2b7b1b1b1" language="English" custom="readingOrder {index:7;}">
                    <Coords points="2390,1540 2425,1540 2425,1595 2390,1595"/>
                    <TextEquiv>
                        <Unicode>?</Unicode>
                    </TextEquiv>
                    <TextStyle fontFamily="Times New Roman" fontSize="12.0" subscript="true"/>
                </Word>
                <Word id="w_w2aab1b1b2b7b1b2b3" language="English" custom="readingOrder {index:8;}">
                    <Coords points="2478,1457 2584,1457 2584,1563 2478,1563"/>
                    <TextEquiv>
                        <Unicode>&amp;</Unicode>
                    </TextEquiv>
                    <TextStyle fontFamily="Times New Roman" fontSize="12.0"/>
                </Word>
                <Word id="w_w2aab1b1b2b7b1b2b7" language="English" custom="readingOrder {index:9;}">
                    <Coords points="2622,1485 2835,1485 2835,1562 2622,1562"/>
                    <TextEquiv>
                        <Unicode>nos</Unicode>
                    </TextEquiv>
                    <TextStyle fontFamily="Times New Roman" fontSize="12.0"/>
                </Word>
                <Word id="w_w2aab1b1b2b7b1b2c15" language="English" custom="readingOrder {index:10;}">
                    <Coords points="2880,1454 3177,1454 3177,1574 2880,1574"/>
                    <TextEquiv>
                        <Unicode>Filles</Unicode>
                    </TextEquiv>
                    <TextStyle fontFamily="Times New Roman" fontSize="12.0"/>
                </Word>
                <Word id="w_w2aab1b1b2b7b1b2c29" language="English" custom="readingOrder {index:11;}">
                    <Coords points="3230,1553 3278,1553 3280,1616 3232,1616"/>
                    <TextEquiv>
                        <Unicode>J</Unicode>
                    </TextEquiv>
                    <TextStyle fontFamily="Times New Roman" fontSize="12.0"/>
                </Word>
                <TextEquiv>
                    <Unicode>Son nom ſeul fait fremir nos Veuves, &amp; nos Filles,</Unicode>
                </TextEquiv>
            </TextLine>
            <TextLine id="tl_6" primaryLanguage="English" custom="readingOrder {index:1;}">
                <Coords points="108,1570 3080,1570 3080,1773 108,1773"/>
                <Baseline points="109,1683 244,1682 559,1692 899,1702 1049,1702 1487,1744 1606,1712 1924,1718 2291,1727 2459,1723 2981,1734 3078,1769"/>
                <Word id="w_w2aab1b1b2b7b3ab1" language="English" custom="readingOrder {index:0;}">
                    <Coords points="109,1576 244,1576 244,1683 109,1683"/>
                    <TextEquiv>
                        <Unicode>Et</Unicode>
                    </TextEquiv>
                    <TextStyle fontFamily="Times New Roman" fontSize="12.0"/>
                </Word>
                <Word id="w_w2aab1b1b2b7b3ab7" language="English" custom="readingOrder {index:1;}">
                    <Coords points="272,1572 559,1572 559,1692 272,1692"/>
                    <TextEquiv>
                        <Unicode>dans</Unicode>
                    </TextEquiv>
                    <TextStyle fontFamily="Times New Roman" fontSize="12.0"/>
                </Word>
                <Word id="w_w2aab1b1b2b7b3ac17" language="English" custom="readingOrder {index:2;}">
                    <Coords points="598,1612 899,1612 899,1702 598,1702"/>
                    <TextEquiv>
                        <Unicode>toute</Unicode>
                    </TextEquiv>
                    <TextStyle fontFamily="Times New Roman" fontSize="12.0"/>
                </Word>
                <Word id="w_w2aab1b1b2b7b3ac29" language="English" custom="readingOrder {index:3;}">
                    <Coords points="938,1587 1049,1587 1049,1702 938,1702"/>
                    <TextEquiv>
                        <Unicode>la</Unicode>
                    </TextEquiv>
                    <TextStyle fontFamily="Times New Roman" fontSize="12.0"/>
                </Word>
                <Word id="w_w2aab1b1b2b7b3ac35" language="English" custom="readingOrder {index:4;}">
                    <Coords points="1092,1603 1487,1603 1487,1744 1092,1744"/>
                    <TextEquiv>
                        <Unicode>Grece,</Unicode>
                    </TextEquiv>
                    <TextStyle fontFamily="Times New Roman" fontSize="12.0"/>
                </Word>
                <Word id="w_w2aab1b1b2b7b3ac49" language="English" custom="readingOrder {index:5;}">
                    <Coords points="1530,1603 1606,1603 1606,1713 1530,1713"/>
                    <TextEquiv>
                        <Unicode>il</Unicode>
                    </TextEquiv>
                    <TextStyle fontFamily="Times New Roman" fontSize="12.0"/>
                </Word>
                <Word id="w_w2aab1b1b2b7b3ac55" language="English" custom="readingOrder {index:6;}">
                    <Coords points="1638,1597 1924,1597 1924,1719 1638,1719"/>
                    <TextEquiv>
                        <Unicode>n’eft</Unicode>
                    </TextEquiv>
                    <TextStyle fontFamily="Times New Roman" fontSize="12.0"/>
                </Word>
                <Word id="w_w2aab1b1b2b7b3ac67" language="English" custom="readingOrder {index:7;}">
                    <Coords points="1954,1612 2291,1612 2291,1759 1954,1759"/>
                    <TextEquiv>
                        <Unicode>point</Unicode>
                    </TextEquiv>
                    <TextStyle fontFamily="Times New Roman" fontSize="12.0"/>
                </Word>
                <Word id="w_w2aab1b1b2b7b3ac79" language="English" custom="readingOrder {index:8;}">
                    <Coords points="2318,1607 2459,1607 2459,1728 2318,1728"/>
                    <TextEquiv>
                        <Unicode>de</Unicode>
                    </TextEquiv>
                    <TextStyle fontFamily="Times New Roman" fontSize="12.0"/>
                </Word>
                <Word id="w_w2aab1b1b2b7b3ac85" language="English" custom="readingOrder {index:9;}">
                    <Coords points="2488,1617 2981,1617 2981,1734 2488,1734"/>
                    <TextEquiv>
                        <Unicode>Familles</Unicode>
                    </TextEquiv>
                    <TextStyle fontFamily="Times New Roman" fontSize="12.0"/>
                </Word>
                <Word id="w_w2aab1b1b2b7b3ad103" language="English" custom="readingOrder {index:10;}">
                    <Coords points="3040,1717 3078,1717 3078,1769 3040,1769"/>
                    <TextEquiv>
                        <Unicode>,</Unicode>
                    </TextEquiv>
                    <TextStyle fontFamily="Times New Roman" fontSize="12.0"/>
                </Word>
                <TextEquiv>
                    <Unicode>Et dans toute la Grece, il n’eſt point de Familles,</Unicode>
                </TextEquiv>
                <TextStyle fontFamily="Times New Roman" fontSize="12.0"/>
            </TextLine>
            <TextEquiv>
                <Unicode>Son nom ſeul fait fremir nos Veuves, &amp; nos Filles,
Et dans toute la Grece, il n’eſt point de Familles,</Unicode>
            </TextEquiv>
        </TextRegion>
        <TextRegion type="paragraph" id="r_1_5" custom="readingOrder {index:4;}">
            <Coords points="101,1735 2911,1735 2911,1930 101,1930"/>
            <TextLine id="tl_7" primaryLanguage="English" custom="readingOrder {index:0;}">
                <Coords points="102,1736 2910,1736 2910,1929 102,1929"/>
                <Baseline points="102,1878 348,1851 517,1857 1255,1873 1619,1878 1714,1877 1861,1887 2599,1887 2785,1893 2908,1929"/>
                <Word id="w_w2aab1b1b2b9b1ab1" language="English" custom="readingOrder {index:0;}">
                    <Coords points="102,1736 348,1736 348,1878 102,1878"/>
                    <TextEquiv>
                        <Unicode>Qui</Unicode>
                    </TextEquiv>
                    <TextStyle fontFamily="Times New Roman" fontSize="12.0"/>
                </Word>
                <Word id="w_w2aab1b1b2b9b1ab9" language="English" custom="readingOrder {index:1;}">
                    <Coords points="376,1783 517,1783 517,1857 376,1857"/>
                    <TextEquiv>
                        <Unicode>ne</Unicode>
                    </TextEquiv>
                    <TextStyle fontFamily="Times New Roman" fontSize="12.0"/>
                </Word>
                <Word id="w_w2aab1b1b2b9b1ac15" language="English" custom="readingOrder {index:2;}">
                    <Coords points="546,1742 1255,1742 1255,1873 546,1873"/>
                    <TextEquiv>
                        <Unicode>demandent</Unicode>
                    </TextEquiv>
                    <TextStyle fontFamily="Times New Roman" fontSize="12.0"/>
                </Word>
                <Word id="w_w2aab1b1b2b9b1ac35" language="English" custom="readingOrder {index:3;}">
                    <Coords points="1282,1799 1619,1799 1619,1878 1282,1878"/>
                    <TextEquiv>
                        <Unicode>conte</Unicode>
                    </TextEquiv>
                    <TextStyle fontFamily="Times New Roman" fontSize="12.0"/>
                </Word>
                <Word id="w_w2aab1b1b2b9b1ac47" language="English" custom="readingOrder {index:4;}">
                    <Coords points="1648,1762 1714,1762 1714,1877 1648,1877"/>
                    <TextEquiv>
                        <Unicode>à</Unicode>
                    </TextEquiv>
                    <TextStyle fontFamily="Times New Roman" fontSize="12.0"/>
                </Word>
                <Word id="w_w2aab1b1b2b9b1ac51" language="English" custom="readingOrder {index:5;}">
                    <Coords points="1738,1808 1861,1808 1861,1887 1738,1887"/>
                    <TextEquiv>
                        <Unicode>ce</Unicode>
                    </TextEquiv>
                    <TextStyle fontFamily="Times New Roman" fontSize="12.0"/>
                </Word>
                <Word id="w_w2aab1b1b2b9b1ac57" language="English" custom="readingOrder {index:6;}">
                    <Coords points="1896,1767 2599,1767 2599,1889 1896,1889"/>
                    <TextEquiv>
                        <Unicode>malheureux</Unicode>
                    </TextEquiv>
                    <TextStyle fontFamily="Times New Roman" fontSize="12.0"/>
                </Word>
                <Word id="w_w2aab1b1b2b9b1ac79" language="English" custom="readingOrder {index:7;}">
                    <Coords points="2636,1782 2835,1782 2835,1929 2636,1929"/>
                    <TextEquiv>
                        <Unicode>Fils</Unicode>
                    </TextEquiv>
                    <TextStyle fontFamily="Times New Roman" fontSize="12.0"/>
                </Word>
                <Word id="w_w2aab1b1b2b9b1b1b1" language="English" custom="readingOrder {index:8;}">
                    <Coords points="2869,1877 2908,1877 2908,1929 2869,1929"/>
                    <TextEquiv>
                        <Unicode>&gt;</Unicode>
                    </TextEquiv>
                    <TextStyle fontFamily="Times New Roman" fontSize="12.0" subscript="true"/>
                </Word>
                <TextEquiv>
                    <Unicode>Qui ne demandent conte à ce malheureux Fils,</Unicode>
                </TextEquiv>
            </TextLine>
            <TextEquiv>
                <Unicode>Qui ne demandent conte à ce malheureux Fils,</Unicode>
            </TextEquiv>
        </TextRegion>
        <TextRegion type="paragraph" id="r_1_6" custom="readingOrder {index:5;}">
            <Coords points="96,1897 3224,1897 3224,2112 96,2112"/>
            <TextLine id="tl_8" primaryLanguage="English" custom="readingOrder {index:0;}">
                <Coords points="97,1898 3223,1898 3223,2111 97,2111"/>
                <Baseline points="98,2011 419,2018 796,2063 997,2032 1295,2042 1806,2078 2501,2054 2753,2057 2841,2062 3219,2082"/>
                <Word id="w_w2aab1b1b2c11b1ab1" language="English" custom="readingOrder {index:0;}">
                    <Coords points="98,1902 419,1902 419,2018 98,2018"/>
                    <TextEquiv>
                        <Unicode>D’un</Unicode>
                    </TextEquiv>
                    <TextStyle fontFamily="Times New Roman" fontSize="12.0"/>
                </Word>
                <Word id="w_w2aab1b1b2c11b1ac11" language="English" custom="readingOrder {index:1;}">
                    <Coords points="460,1913 796,1913 796,2063 460,2063"/>
                    <TextEquiv>
                        <Unicode>Pere,</Unicode>
                    </TextEquiv>
                    <TextStyle fontFamily="Times New Roman" fontSize="12.0"/>
                </Word>
                <Word id="w_w2aab1b1b2c11b1ac23" language="English" custom="readingOrder {index:2;}">
                    <Coords points="846,1958 997,1958 997,2033 846,2033"/>
                    <TextEquiv>
                        <Unicode>ou</Unicode>
                    </TextEquiv>
                    <TextStyle fontFamily="Times New Roman" fontSize="12.0"/>
                </Word>
                <Word id="w_w2aab1b1b2c11b1ac29" language="English" custom="readingOrder {index:3;}">
                    <Coords points="1024,1922 1295,1922 1295,2042 1024,2042"/>
                    <TextEquiv>
                        <Unicode>d'un</Unicode>
                    </TextEquiv>
                    <TextStyle fontFamily="Times New Roman" fontSize="12.0"/>
                </Word>
                <Word id="w_w2aab1b1b2c11b1ac39" language="English" custom="readingOrder {index:4;}">
                    <Coords points="1340,1932 1806,1932 1806,2081 1340,2081"/>
                    <TextEquiv>
                        <Unicode>Epoux,</Unicode>
                    </TextEquiv>
                    <TextStyle fontFamily="Times New Roman" fontSize="12.0"/>
                </Word>
                <Word id="w_w2aab1b1b2c11b1ac53" language="English" custom="readingOrder {index:5;}">
                    <Coords points="1865,1926 2501,1926 2501,2094 1865,2094"/>
                    <TextEquiv>
                        <Unicode>qu’Heâor</Unicode>
                    </TextEquiv>
                    <TextStyle fontFamily="Times New Roman" fontSize="12.0"/>
                </Word>
                <Word id="w_w2aab1b1b2c11b1ac71" language="English" custom="readingOrder {index:6;}">
                    <Coords points="2530,1944 2753,1944 2753,2057 2530,2057"/>
                    <TextEquiv>
                        <Unicode>leur</Unicode>
                    </TextEquiv>
                    <TextStyle fontFamily="Times New Roman" fontSize="12.0"/>
                </Word>
                <Word id="w_w2aab1b1b2c11b1ac81" language="English" custom="readingOrder {index:7;}">
                    <Coords points="2778,1989 2841,1989 2841,2062 2778,2062"/>
                    <TextEquiv>
                        <Unicode>a</Unicode>
                    </TextEquiv>
                    <TextStyle fontFamily="Times New Roman" fontSize="12.0"/>
                </Word>
                <Word id="w_w2aab1b1b2c11b1ac85" language="English" custom="readingOrder {index:8;}">
                    <Coords points="2870,1949 3223,1949 3223,2093 2870,2093"/>
                    <TextEquiv>
                        <Unicode>ravis.'</Unicode>
                    </TextEquiv>
                    <TextStyle fontFamily="Times New Roman" fontSize="12.0"/>
                </Word>
                <TextEquiv>
                    <Unicode>D’un Pere, ou d'un Epoux, qu’Hector leur a ravis.</Unicode>
                </TextEquiv>
                <TextStyle fontFamily="Times New Roman" fontSize="12.0"/>
            </TextLine>
            <TextEquiv>
                <Unicode>D’un Pere, ou d'un Epoux, qu’Hector leur a ravis.</Unicode>
            </TextEquiv>
        </TextRegion>
        <TextRegion type="paragraph" id="r_1_7" custom="readingOrder {index:6;}">
            <Coords points="89,2059 3390,2059 3390,2550 89,2550"/>
            <TextLine id="tl_9" primaryLanguage="English" custom="readingOrder {index:0;}">
                <Coords points="103,2060 3187,2060 3187,2273 103,2273"/>
                <Baseline points="104,2181 245,2182 471,2177 759,2187 913,2193 1125,2125 1337,2228 1579,2201 1733,2206 1981,2213 2281,2217 3104,2234 3187,2237"/>
                <Word id="w_w2aab1b1b2c13b1ab1" language="English" custom="readingOrder {index:0;}">
                    <Coords points="104,2070 245,2070 245,2182 104,2182"/>
                    <TextEquiv>
                        <Unicode>Et</Unicode>
                    </TextEquiv>
                    <TextStyle fontFamily="Times New Roman" fontSize="12.0"/>
                </Word>
                <Word id="w_w2aab1b1b2c13b1ab7" language="English" custom="readingOrder {index:1;}">
                    <Coords points="273,2070 471,2070 471,2227 273,2227"/>
                    <TextEquiv>
                        <Unicode>qui</Unicode>
                    </TextEquiv>
                    <TextStyle fontFamily="Times New Roman" fontSize="12.0"/>
                </Word>
                <Word id="w_w2aab1b1b2c13b1ac15" language="English" custom="readingOrder {index:2;}">
                    <Coords points="510,2065 759,2065 759,2193 510,2193"/>
                    <TextEquiv>
                        <Unicode>fiait</Unicode>
                    </TextEquiv>
                    <TextStyle fontFamily="Times New Roman" fontSize="12.0"/>
                </Word>
                <Word id="w_w2aab1b1b2c13b1ac27" language="English" custom="readingOrder {index:3;}">
                    <Coords points="788,2118 913,2118 913,2193 788,2193"/>
                    <TextEquiv>
                        <Unicode>ce</Unicode>
                    </TextEquiv>
                    <TextStyle fontFamily="Times New Roman" fontSize="12.0"/>
                </Word>
                <Word id="w_w2aab1b1b2c13b1ac33" language="English" custom="readingOrder {index:4;}">
                    <Coords points="943,2091 1285,2091 1285,2244 943,2244"/>
                    <TextEquiv>
                        <Unicode>qu'un</Unicode>
                    </TextEquiv>
                    <TextStyle fontFamily="Times New Roman" fontSize="12.0"/>
                </Word>
                <Word id="w_w2aab1b1b2c13b1b1b1" language="English" custom="readingOrder {index:5;}">
                    <Coords points="1319,2108 1337,2108 1337,2229 1319,2229"/>
                    <TextEquiv>
                        <Unicode>j</Unicode>
                    </TextEquiv>
                    <TextStyle fontFamily="Times New Roman" fontSize="16.0"/>
                </Word>
                <Word id="w_w2aab1b1b2c13b1b2b1" language="English" custom="readingOrder {index:6;}">
                    <Coords points="1372,2132 1579,2132 1579,2208 1372,2208"/>
                    <TextEquiv>
                        <Unicode>our</Unicode>
                    </TextEquiv>
                    <TextStyle fontFamily="Times New Roman" fontSize="12.0"/>
                </Word>
                <Word id="w_w2aab1b1b2c13b1b2b9" language="English" custom="readingOrder {index:7;}">
                    <Coords points="1614,2132 1733,2132 1733,2207 1614,2207"/>
                    <TextEquiv>
                        <Unicode>ce</Unicode>
                    </TextEquiv>
                    <TextStyle fontFamily="Times New Roman" fontSize="12.0"/>
                </Word>
                <Word id="w_w2aab1b1b2c13b1b2c15" language="English" custom="readingOrder {index:8;}">
                    <Coords points="1778,2102 1981,2102 1981,2217 1778,2217"/>
                    <TextEquiv>
                        <Unicode>Fils</Unicode>
                    </TextEquiv>
                    <TextStyle fontFamily="Times New Roman" fontSize="12.0"/>
                </Word>
                <Word id="w_w2aab1b1b2c13b1b2c25" language="English" custom="readingOrder {index:9;}">
                    <Coords points="2021,2137 2281,2137 2281,2254 2021,2254"/>
                    <TextEquiv>
                        <Unicode>peut</Unicode>
                    </TextEquiv>
                    <TextStyle fontFamily="Times New Roman" fontSize="12.0"/>
                </Word>
                <Word id="w_w2aab1b1b2c13b1b2c35" language="English" custom="readingOrder {index:10;}">
                    <Coords points="2314,2117 3104,2117 3104,2258 2314,2258"/>
                    <TextEquiv>
                        <Unicode>entreprendre</Unicode>
                    </TextEquiv>
                    <TextStyle fontFamily="Times New Roman" fontSize="12.0"/>
                </Word>
                <Word id="w_w2aab1b1b2c13b1b2c61" language="English" custom="readingOrder {index:11;}">
                    <Coords points="3149,2150 3187,2150 3187,2237 3149,2237"/>
                    <TextEquiv>
                        <Unicode>?</Unicode>
                    </TextEquiv>
                    <TextStyle fontFamily="Times New Roman" fontSize="12.0"/>
                </Word>
                <TextEquiv>
                    <Unicode>Et qui ſçait ce qu'un jour ce Fils peut entreprendre?</Unicode>
                </TextEquiv>
            </TextLine>
            <TextLine id="tl_10" primaryLanguage="English" custom="readingOrder {index:1;}">
                <Coords points="90,2202 3389,2202 3389,2406 90,2406"/>
                <Baseline points="90,2347 729,2356 1085,2357 1369,2367 1769,2368 2130,2379 2310,2383 2862,2393 3388,2388"/>
                <Word id="w_w2aab1b1b2c13b3ab1" language="English" custom="readingOrder {index:0;}">
                    <Coords points="90,2208 729,2208 729,2356 90,2356"/>
                    <TextEquiv>
                        <Unicode>Peut-eftre</Unicode>
                    </TextEquiv>
                    <TextStyle fontFamily="Times New Roman" fontSize="12.0"/>
                </Word>
                <Word id="w_w2aab1b1b2c13b3ac23" language="English" custom="readingOrder {index:1;}">
                    <Coords points="804,2247 1085,2247 1085,2362 804,2362"/>
                    <TextEquiv>
                        <Unicode>dans</Unicode>
                    </TextEquiv>
                    <TextStyle fontFamily="Times New Roman" fontSize="12.0"/>
                </Word>
                <Word id="w_w2aab1b1b2c13b3ac33" language="English" custom="readingOrder {index:2;}">
                    <Coords points="1154,2292 1369,2292 1369,2372 1154,2372"/>
                    <TextEquiv>
                        <Unicode>nos</Unicode>
                    </TextEquiv>
                    <TextStyle fontFamily="Times New Roman" fontSize="12.0"/>
                </Word>
                <Word id="w_w2aab1b1b2c13b3ac41" language="English" custom="readingOrder {index:3;}">
                    <Coords points="1447,2268 1769,2268 1769,2379 1447,2379"/>
                    <TextEquiv>
                        <Unicode>Ports</Unicode>
                    </TextEquiv>
                    <TextStyle fontFamily="Times New Roman" fontSize="12.0"/>
                </Word>
                <Word id="w_w2aab1b1b2c13b3ac53" language="English" custom="readingOrder {index:4;}">
                    <Coords points="1845,2303 2130,2303 2130,2382 1845,2382"/>
                    <TextEquiv>
                        <Unicode>nous</Unicode>
                    </TextEquiv>
                    <TextStyle fontFamily="Times New Roman" fontSize="12.0"/>
                </Word>
                <Word id="w_w2aab1b1b2c13b3ac63" language="English" custom="readingOrder {index:5;}">
                    <Coords points="2211,2272 2310,2272 2310,2383 2211,2383"/>
                    <TextEquiv>
                        <Unicode>le</Unicode>
                    </TextEquiv>
                    <TextStyle fontFamily="Times New Roman" fontSize="12.0"/>
                </Word>
                <Word id="w_w2aab1b1b2c13b3ac69" language="English" custom="readingOrder {index:6;}">
                    <Coords points="2395,2308 2862,2308 2862,2393 2395,2393"/>
                    <TextEquiv>
                        <Unicode>verrons</Unicode>
                    </TextEquiv>
                    <TextStyle fontFamily="Times New Roman" fontSize="12.0"/>
                </Word>
                <Word id="w_w2aab1b1b2c13b3ac85" language="English" custom="readingOrder {index:7;}">
                    <Coords points="2937,2282 3388,2282 3388,2404 2937,2404"/>
                    <TextEquiv>
                        <Unicode>descen¬</Unicode>
                    </TextEquiv>
                    <TextStyle fontFamily="Times New Roman" fontSize="12.0"/>
                </Word>
                <TextEquiv>
                    <Unicode>Peut-eſtre dans nos Ports nous le verrons deſcen¬</Unicode>
                </TextEquiv>
                <TextStyle fontFamily="Times New Roman" fontSize="12.0"/>
            </TextLine>
            <TextLine id="tl_11" primaryLanguage="English" custom="readingOrder {index:2;}">
                <Coords points="309,2395 601,2395 601,2549 309,2549"/>
                <Baseline points="309,2516 445,2516 600,2549"/>
                <Word id="w_w2aab1b1b2c13b5ab1" language="English" custom="readingOrder {index:0;}">
                    <Coords points="309,2395 511,2395 511,2548 309,2548"/>
                    <TextEquiv>
                        <Unicode>dre</Unicode>
                    </TextEquiv>
                    <TextStyle fontFamily="Times New Roman" fontSize="12.0"/>
                </Word>
                <Word id="w_w2aab1b1b2c13b5b1b1" language="English" custom="readingOrder {index:1;}">
                    <Coords points="561,2494 600,2494 600,2549 561,2549"/>
                    <TextEquiv>
                        <Unicode>y</Unicode>
                    </TextEquiv>
                    <TextStyle fontFamily="Times New Roman" fontSize="6.0" bold="true" italic="true"/>
                </Word>
                <TextEquiv>
                    <Unicode>dre,</Unicode>
                </TextEquiv>
            </TextLine>
            <TextEquiv>
                <Unicode>Et qui ſçait ce qu'un jour ce Fils peut entreprendre?
Peut-eſtre dans nos Ports nous le verrons deſcen¬
dre,</Unicode>
            </TextEquiv>
        </TextRegion>
        <TextRegion type="paragraph" id="r_1_8" custom="readingOrder {index:7;}">
            <Coords points="86,2561 3164,2561 3164,2766 86,2766"/>
            <TextLine id="tl_12" primaryLanguage="English" custom="readingOrder {index:0;}">
                <Coords points="87,2562 3163,2562 3163,2765 87,2765"/>
                <Baseline points="87,2671 297,2674 682,2682 790,2683 1048,2686 1270,2701 1604,2692 2192,2712 2440,2711 3078,2723 3161,2743"/>
                <Word id="w_w2aab1b1b2c15b1ab1" language="English" custom="readingOrder {index:0;}">
                    <Coords points="87,2562 297,2562 297,2674 87,2674"/>
                    <TextEquiv>
                        <Unicode>Tel</Unicode>
                    </TextEquiv>
                    <TextStyle fontFamily="Times New Roman" fontSize="12.0"/>
                </Word>
                <Word id="w_w2aab1b1b2c15b1ab9" language="English" custom="readingOrder {index:1;}">
                    <Coords points="325,2571 682,2571 682,2728 325,2728"/>
                    <TextEquiv>
                        <Unicode>qu’on</Unicode>
                    </TextEquiv>
                    <TextStyle fontFamily="Times New Roman" fontSize="12.0"/>
                </Word>
                <Word id="w_w2aab1b1b2c15b1ac21" language="English" custom="readingOrder {index:2;}">
                    <Coords points="727,2608 790,2608 790,2683 727,2683"/>
                    <TextEquiv>
                        <Unicode>a</Unicode>
                    </TextEquiv>
                    <TextStyle fontFamily="Times New Roman" fontSize="12.0"/>
                </Word>
                <Word id="w_w2aab1b1b2c15b1ac25" language="English" custom="readingOrder {index:3;}">
                    <Coords points="839,2608 1048,2608 1048,2688 839,2688"/>
                    <TextEquiv>
                        <Unicode>veu</Unicode>
                    </TextEquiv>
                    <TextStyle fontFamily="Times New Roman" fontSize="12.0"/>
                </Word>
                <Word id="w_w2aab1b1b2c15b1ac33" language="English" custom="readingOrder {index:4;}">
                    <Coords points="1083,2577 1270,2577 1270,2701 1083,2701"/>
                    <TextEquiv>
                        <Unicode>ion</Unicode>
                    </TextEquiv>
                    <TextStyle fontFamily="Times New Roman" fontSize="12.0"/>
                </Word>
                <Word id="w_w2aab1b1b2c15b1ac41" language="English" custom="readingOrder {index:5;}">
                    <Coords points="1339,2586 1604,2586 1604,2697 1339,2697"/>
                    <TextEquiv>
                        <Unicode>Pire</Unicode>
                    </TextEquiv>
                    <TextStyle fontFamily="Times New Roman" fontSize="12.0"/>
                </Word>
                <Word id="w_w2aab1b1b2c15b1ac51" language="English" custom="readingOrder {index:6;}">
                    <Coords points="1643,2591 2192,2591 2192,2712 1643,2712"/>
                    <TextEquiv>
                        <Unicode>embrafer</Unicode>
                    </TextEquiv>
                    <TextStyle fontFamily="Times New Roman" fontSize="12.0"/>
                </Word>
                <Word id="w_w2aab1b1b2c15b1ac69" language="English" custom="readingOrder {index:7;}">
                    <Coords points="2231,2637 2440,2637 2440,2712 2231,2712"/>
                    <TextEquiv>
                        <Unicode>nos</Unicode>
                    </TextEquiv>
                    <TextStyle fontFamily="Times New Roman" fontSize="12.0"/>
                </Word>
                <Word id="w_w2aab1b1b2c15b1ac77" language="English" custom="readingOrder {index:8;}">
                    <Coords points="2509,2597 3078,2597 3078,2728 2509,2728"/>
                    <TextEquiv>
                        <Unicode>Vaiflèàux</Unicode>
                    </TextEquiv>
                    <TextStyle fontFamily="Times New Roman" fontSize="12.0"/>
                </Word>
                <Word id="w_w2aab1b1b2c15b1ac97" language="English" custom="readingOrder {index:9;}">
                    <Coords points="3123,2700 3161,2700 3161,2743 3123,2743"/>
                    <TextEquiv>
                        <Unicode>-,</Unicode>
                    </TextEquiv>
                    <TextStyle fontFamily="Times New Roman" fontSize="12.0"/>
                </Word>
                <TextEquiv>
                    <Unicode>Tel qu’on a veu ſon Pere embraſer nos Vaiſſeaux,</Unicode>
                </TextEquiv>
                <TextStyle fontFamily="Times New Roman" fontSize="12.0"/>
            </TextLine>
            <TextEquiv>
                <Unicode>Tel qu’on a veu ſon Pere embraſer nos Vaiſſeaux,</Unicode>
            </TextEquiv>
        </TextRegion>
        <TextRegion type="paragraph" id="r_1_9" custom="readingOrder {index:8;}">
            <Coords points="106,2717 2802,2717 2802,2907 106,2907"/>
            <TextLine id="tl_13" primaryLanguage="English" custom="readingOrder {index:0;}">
                <Coords points="107,2718 2801,2718 2801,2906 107,2906"/>
                <Baseline points="107,2845 244,2836 378,2842 758,2847 849,2846 982,2852 1419,2887 1620,2862 2012,2871 2206,2876 2398,2876 2799,2902"/>
                <Word id="w_w2aab1b1b2c17b1ab1" language="English" custom="readingOrder {index:0;}">
                    <Coords points="107,2730 244,2730 244,2845 107,2845"/>
                    <TextEquiv>
                        <Unicode>Et</Unicode>
                    </TextEquiv>
                    <TextStyle fontFamily="Times New Roman" fontSize="12.0"/>
                </Word>
                <Word id="w_w2aab1b1b2c17b1ab7" language="English" custom="readingOrder {index:1;}">
                    <Coords points="273,2736 378,2736 378,2847 273,2847"/>
                    <TextEquiv>
                        <Unicode>la</Unicode>
                    </TextEquiv>
                    <TextStyle fontFamily="Times New Roman" fontSize="12.0"/>
                </Word>
                <Word id="w_w2aab1b1b2c17b1ac13" language="English" custom="readingOrder {index:2;}">
                    <Coords points="413,2730 758,2730 758,2848 413,2848"/>
                    <TextEquiv>
                        <Unicode>dame</Unicode>
                    </TextEquiv>
                    <TextStyle fontFamily="Times New Roman" fontSize="12.0"/>
                </Word>
                <Word id="w_w2aab1b1b2c17b1ac23" language="English" custom="readingOrder {index:3;}">
                    <Coords points="779,2727 849,2727 849,2846 779,2846"/>
                    <TextEquiv>
                        <Unicode>à</Unicode>
                    </TextEquiv>
                    <TextStyle fontFamily="Times New Roman" fontSize="12.0"/>
                </Word>
                <Word id="w_w2aab1b1b2c17b1ac27" language="English" custom="readingOrder {index:4;}">
                    <Coords points="875,2736 982,2736 982,2853 875,2853"/>
                    <TextEquiv>
                        <Unicode>la</Unicode>
                    </TextEquiv>
                    <TextStyle fontFamily="Times New Roman" fontSize="12.0"/>
                </Word>
                <Word id="w_w2aab1b1b2c17b1ac33" language="English" custom="readingOrder {index:5;}">
                    <Coords points="1021,2747 1419,2747 1419,2887 1021,2887"/>
                    <TextEquiv>
                        <Unicode>main,</Unicode>
                    </TextEquiv>
                    <TextStyle fontFamily="Times New Roman" fontSize="12.0"/>
                </Word>
                <Word id="w_w2aab1b1b2c17b1ac45" language="English" custom="readingOrder {index:6;}">
                    <Coords points="1473,2752 1620,2752 1620,2863 1473,2863"/>
                    <TextEquiv>
                        <Unicode>les</Unicode>
                    </TextEquiv>
                    <TextStyle fontFamily="Times New Roman" fontSize="12.0"/>
                </Word>
                <Word id="w_w2aab1b1b2c17b1ac53" language="English" custom="readingOrder {index:7;}">
                    <Coords points="1675,2747 2012,2747 2012,2878 1675,2878"/>
                    <TextEquiv>
                        <Unicode>firivre</Unicode>
                    </TextEquiv>
                    <TextStyle fontFamily="Times New Roman" fontSize="12.0"/>
                </Word>
                <Word id="w_w2aab1b1b2c17b1ac69" language="English" custom="readingOrder {index:8;}">
                    <Coords points="2047,2762 2206,2762 2206,2877 2047,2877"/>
                    <TextEquiv>
                        <Unicode>(ur</Unicode>
                    </TextEquiv>
                    <TextStyle fontFamily="Times New Roman" fontSize="12.0"/>
                </Word>
                <Word id="w_w2aab1b1b2c17b1ac77" language="English" custom="readingOrder {index:9;}">
                    <Coords points="2251,2766 2398,2766 2398,2878 2251,2878"/>
                    <TextEquiv>
                        <Unicode>les</Unicode>
                    </TextEquiv>
                    <TextStyle fontFamily="Times New Roman" fontSize="12.0"/>
                </Word>
                <Word id="w_w2aab1b1b2c17b1ac85" language="English" custom="readingOrder {index:10;}">
                    <Coords points="2447,2761 2799,2761 2799,2902 2447,2902"/>
                    <TextEquiv>
                        <Unicode>Eaux.</Unicode>
                    </TextEquiv>
                    <TextStyle fontFamily="Times New Roman" fontSize="12.0"/>
                </Word>
                <TextEquiv>
                    <Unicode>Et la flâme à la main, les ſuivre ſur les Eaux.</Unicode>
                </TextEquiv>
                <TextStyle fontFamily="Times New Roman" fontSize="12.0"/>
            </TextLine>
            <TextEquiv>
                <Unicode>Et la flâme à la main, les ſuivre ſur les Eaux.</Unicode>
            </TextEquiv>
        </TextRegion>
        <TextRegion type="paragraph" id="r_1_10" custom="readingOrder {index:9;}">
            <Coords points="101,2883 2663,2883 2663,3093 101,3093"/>
            <TextLine id="tl_14" primaryLanguage="English" custom="readingOrder {index:0;}">
                <Coords points="102,2884 2662,2884 2662,3092 102,3092"/>
                <Baseline points="103,3001 573,2990 753,3037 1326,3022 1413,3053 1692,3027 1842,3031 2084,3038 2218,3042 2568,3045 2662,3048"/>
                <Word id="w_w2aab1b1b2c19b1ab1" language="English" custom="readingOrder {index:0;}">
                    <Coords points="103,2886 573,2886 573,3047 103,3047"/>
                    <TextEquiv>
                        <Unicode>Ofèray-</Unicode>
                    </TextEquiv>
                    <TextStyle fontFamily="Times New Roman" fontSize="12.0"/>
                </Word>
                <Word id="w_w2aab1b1b2c19b1ac17" language="English" custom="readingOrder {index:1;}">
                    <Coords points="593,2910 753,2910 753,3041 593,3041"/>
                    <TextEquiv>
                        <Unicode>je,</Unicode>
                    </TextEquiv>
                    <TextStyle fontFamily="Times New Roman" fontSize="12.0"/>
                </Word>
                <Word id="w_w2aab1b1b2c19b1ac25" language="English" custom="readingOrder {index:2;}">
                    <Coords points="777,2901 1326,2901 1326,3068 777,3068"/>
                    <TextEquiv>
                        <Unicode>Seigneur</Unicode>
                    </TextEquiv>
                    <TextStyle fontFamily="Times New Roman" fontSize="12.0"/>
                </Word>
                <Word id="w_w2aab1b1b2c19b1ac43" language="English" custom="readingOrder {index:3;}">
                    <Coords points="1386,2999 1413,2999 1413,3053 1386,3053"/>
                    <TextEquiv>
                        <Unicode>,</Unicode>
                    </TextEquiv>
                    <TextStyle fontFamily="Times New Roman" fontSize="12.0"/>
                </Word>
                <Word id="w_w2aab1b1b2c19b1ac47" language="English" custom="readingOrder {index:4;}">
                    <Coords points="1457,2912 1692,2912 1692,3027 1457,3027"/>
                    <TextEquiv>
                        <Unicode>dire</Unicode>
                    </TextEquiv>
                    <TextStyle fontFamily="Times New Roman" fontSize="12.0"/>
                </Word>
                <Word id="w_w2aab1b1b2c19b1ac57" language="English" custom="readingOrder {index:5;}">
                    <Coords points="1721,2957 1842,2957 1842,3032 1721,3032"/>
                    <TextEquiv>
                        <Unicode>ce</Unicode>
                    </TextEquiv>
                    <TextStyle fontFamily="Times New Roman" fontSize="12.0"/>
                </Word>
                <Word id="w_w2aab1b1b2c19b1ac63" language="English" custom="readingOrder {index:6;}">
                    <Coords points="1874,2963 2084,2963 2084,3082 1874,3082"/>
                    <TextEquiv>
                        <Unicode>que</Unicode>
                    </TextEquiv>
                    <TextStyle fontFamily="Times New Roman" fontSize="12.0"/>
                </Word>
                <Word id="w_w2aab1b1b2c19b1ac71" language="English" custom="readingOrder {index:7;}">
                    <Coords points="2108,2937 2218,2937 2218,3083 2108,3083"/>
                    <TextEquiv>
                        <Unicode>je</Unicode>
                    </TextEquiv>
                    <TextStyle fontFamily="Times New Roman" fontSize="12.0"/>
                </Word>
                <Word id="w_w2aab1b1b2c19b1ac77" language="English" custom="readingOrder {index:8;}">
                    <Coords points="2246,2927 2568,2927 2568,3083 2246,3083"/>
                    <TextEquiv>
                        <Unicode>pente</Unicode>
                    </TextEquiv>
                    <TextStyle fontFamily="Times New Roman" fontSize="12.0"/>
                </Word>
                <Word id="w_w2aab1b1b2c19b1ac89" language="English" custom="readingOrder {index:9;}">
                    <Coords points="2623,2959 2662,2959 2662,3048 2623,3048"/>
                    <TextEquiv>
                        <Unicode>?</Unicode>
                    </TextEquiv>
                    <TextStyle fontFamily="Times New Roman" fontSize="12.0"/>
                </Word>
                <TextEquiv>
                    <Unicode>Oſeray-je, Seigneur, dire ce que je penſe?</Unicode>
                </TextEquiv>
                <TextStyle fontFamily="Times New Roman" fontSize="12.0"/>
            </TextLine>
            <TextEquiv>
                <Unicode>Oſeray-je, Seigneur, dire ce que je penſe?</Unicode>
            </TextEquiv>
        </TextRegion>
        <TextRegion type="paragraph" id="r_1_11" custom="readingOrder {index:10;}">
            <Coords points="105,3047 3389,3047 3389,3383 105,3383"/>
            <TextLine id="tl_15" primaryLanguage="English" custom="readingOrder {index:0;}">
                <Coords points="106,3048 3388,3048 3388,3268 106,3268"/>
                <Baseline points="107,3171 414,3176 521,3150 986,3182 1240,3187 1538,3187 1930,3196 2589,3207 2821,3212 3388,3254"/>
                <Word id="w_w2aab1b1b2c21b1ab1" language="English" custom="readingOrder {index:0;}">
                    <Coords points="107,3060 414,3060 414,3176 107,3176"/>
                    <TextEquiv>
                        <Unicode>Vous</Unicode>
                    </TextEquiv>
                    <TextStyle fontFamily="Times New Roman" fontSize="12.0"/>
                </Word>
                <Word id="w_w2aab1b1b2c21b1ac11" language="English" custom="readingOrder {index:1;}">
                    <Coords points="469,3137 521,3137 521,3150 469,3150"/>
                    <TextEquiv>
                        <Unicode>-</Unicode>
                    </TextEquiv>
                    <TextStyle fontFamily="Times New Roman" fontSize="12.0"/>
                </Word>
                <Word id="w_w2aab1b1b2c21b1ac15" language="English" custom="readingOrder {index:2;}">
                    <Coords points="567,3057 986,3057 986,3182 567,3182"/>
                    <TextEquiv>
                        <Unicode>mefhie</Unicode>
                    </TextEquiv>
                    <TextStyle fontFamily="Times New Roman" fontSize="12.0"/>
                </Word>
                <Word id="w_w2aab1b1b2c21b1ac29" language="English" custom="readingOrder {index:3;}">
                    <Coords points="1099,3071 1240,3071 1240,3187 1099,3187"/>
                    <TextEquiv>
                        <Unicode>de</Unicode>
                    </TextEquiv>
                    <TextStyle fontFamily="Times New Roman" fontSize="12.0"/>
                </Word>
                <Word id="w_w2aab1b1b2c21b1ac35" language="English" custom="readingOrder {index:4;}">
                    <Coords points="1329,3112 1538,3112 1538,3187 1329,3187"/>
                    <TextEquiv>
                        <Unicode>vos</Unicode>
                    </TextEquiv>
                    <TextStyle fontFamily="Times New Roman" fontSize="12.0"/>
                </Word>
                <Word id="w_w2aab1b1b2c21b1ac43" language="English" custom="readingOrder {index:5;}">
                    <Coords points="1645,3080 1930,3080 1930,3202 1645,3202"/>
                    <TextEquiv>
                        <Unicode>foins</Unicode>
                    </TextEquiv>
                    <TextStyle fontFamily="Times New Roman" fontSize="12.0"/>
                </Word>
                <Word id="w_w2aab1b1b2c21b1ac55" language="English" custom="readingOrder {index:6;}">
                    <Coords points="2066,3097 2589,3097 2589,3254 2066,3254"/>
                    <TextEquiv>
                        <Unicode>craignez</Unicode>
                    </TextEquiv>
                    <TextStyle fontFamily="Times New Roman" fontSize="12.0"/>
                </Word>
                <Word id="w_w2aab1b1b2c21b1ac73" language="English" custom="readingOrder {index:7;}">
                    <Coords points="2714,3103 2821,3103 2821,3212 2714,3212"/>
                    <TextEquiv>
                        <Unicode>la</Unicode>
                    </TextEquiv>
                    <TextStyle fontFamily="Times New Roman" fontSize="12.0"/>
                </Word>
                <Word id="w_w2aab1b1b2c21b1ac79" language="English" custom="readingOrder {index:8;}">
                    <Coords points="2926,3113 3388,3113 3388,3254 2926,3254"/>
                    <TextEquiv>
                        <Unicode>recoin^</Unicode>
                    </TextEquiv>
                    <TextStyle fontFamily="Times New Roman" fontSize="12.0"/>
                </Word>
                <TextEquiv>
                    <Unicode>Vous-meſme de vos ſoins craignez la recom¬</Unicode>
                </TextEquiv>
                <TextStyle fontFamily="Times New Roman" fontSize="12.0"/>
            </TextLine>
            <TextLine id="tl_16" primaryLanguage="English" custom="readingOrder {index:1;}">
                <Coords points="418,3218 828,3218 828,3382 418,3382"/>
                <Baseline points="418,3377 827,3372"/>
                <Word id="w_w2aab1b1b2c21b3ab1" language="English" custom="readingOrder {index:0;}">
                    <Coords points="418,3221 827,3221 827,3377 418,3377"/>
                    <TextEquiv>
                        <Unicode>pente,</Unicode>
                    </TextEquiv>
                    <TextStyle fontFamily="Times New Roman" fontSize="12.0"/>
                </Word>
                <TextEquiv>
                    <Unicode>penſe,</Unicode>
                </TextEquiv>
                <TextStyle fontFamily="Times New Roman" fontSize="12.0"/>
            </TextLine>
            <TextEquiv>
                <Unicode>Vous-meſme de vos ſoins craignez la recom¬
penſe,</Unicode>
            </TextEquiv>
        </TextRegion>
        <TextRegion type="paragraph" id="r_1_12" custom="readingOrder {index:11;}">
            <Coords points="81,3377 2771,3377 2771,3742 81,3742"/>
            <TextLine id="tl_17" primaryLanguage="English" custom="readingOrder {index:0;}">
                <Coords points="98,3378 2646,3378 2646,3580 98,3580"/>
                <Baseline points="99,3491 238,3492 503,3501 841,3506 1305,3516 1573,3522 1743,3520 2291,3537 2646,3536"/>
                <Word id="w_w2aab1b1b2c23b1ab1" language="English" custom="readingOrder {index:0;}">
                    <Coords points="99,3380 238,3380 238,3492 99,3492"/>
                    <TextEquiv>
                        <Unicode>Et</Unicode>
                    </TextEquiv>
                    <TextStyle fontFamily="Times New Roman" fontSize="12.0"/>
                </Word>
                <Word id="w_w2aab1b1b2c23b1ab7" language="English" custom="readingOrder {index:1;}">
                    <Coords points="288,3422 503,3422 503,3547 288,3547"/>
                    <TextEquiv>
                        <Unicode>que</Unicode>
                    </TextEquiv>
                    <TextStyle fontFamily="Times New Roman" fontSize="12.0"/>
                </Word>
                <Word id="w_w2aab1b1b2c23b1ac15" language="English" custom="readingOrder {index:2;}">
                    <Coords points="562,3390 841,3390 841,3506 562,3506"/>
                    <TextEquiv>
                        <Unicode>dans</Unicode>
                    </TextEquiv>
                    <TextStyle fontFamily="Times New Roman" fontSize="12.0"/>
                </Word>
                <Word id="w_w2aab1b1b2c23b1ac25" language="English" custom="readingOrder {index:3;}">
                    <Coords points="928,3391 1305,3391 1305,3516 928,3516"/>
                    <TextEquiv>
                        <Unicode>voftre</Unicode>
                    </TextEquiv>
                    <TextStyle fontFamily="Times New Roman" fontSize="12.0"/>
                </Word>
                <Word id="w_w2aab1b1b2c23b1ac39" language="English" custom="readingOrder {index:4;}">
                    <Coords points="1354,3395 1573,3395 1573,3522 1354,3522"/>
                    <TextEquiv>
                        <Unicode>foin</Unicode>
                    </TextEquiv>
                    <TextStyle fontFamily="Times New Roman" fontSize="12.0"/>
                </Word>
                <Word id="w_w2aab1b1b2c23b1ac49" language="English" custom="readingOrder {index:5;}">
                    <Coords points="1618,3443 1743,3443 1743,3521 1618,3521"/>
                    <TextEquiv>
                        <Unicode>ce</Unicode>
                    </TextEquiv>
                    <TextStyle fontFamily="Times New Roman" fontSize="12.0"/>
                </Word>
                <Word id="w_w2aab1b1b2c23b1ac55" language="English" custom="readingOrder {index:6;}">
                    <Coords points="1818,3417 2291,3417 2291,3572 1818,3572"/>
                    <TextEquiv>
                        <Unicode>Serpent</Unicode>
                    </TextEquiv>
                    <TextStyle fontFamily="Times New Roman" fontSize="12.0"/>
                </Word>
                <Word id="w_w2aab1b1b2c23b1ac71" language="English" custom="readingOrder {index:7;}">
                    <Coords points="2344,3412 2646,3412 2646,3541 2344,3541"/>
                    <TextEquiv>
                        <Unicode>élevé</Unicode>
                    </TextEquiv>
                    <TextStyle fontFamily="Times New Roman" fontSize="12.0"/>
                </Word>
                <TextEquiv>
                    <Unicode>Et que dans voſtre ſein ce Serpent élevé</Unicode>
                </TextEquiv>
                <TextStyle fontFamily="Times New Roman" fontSize="12.0"/>
            </TextLine>
            <TextLine id="tl_18" primaryLanguage="English" custom="readingOrder {index:1;}">
                <Coords points="82,3540 2770,3540 2770,3741 82,3741"/>
                <Baseline points="82,3661 269,3660 595,3667 1057,3677 1265,3677 1569,3681 1733,3686 2161,3697 2573,3701 2768,3721"/>
                <Word id="w_w2aab1b1b2c23b3ab1" language="English" custom="readingOrder {index:0;}">
                    <Coords points="82,3540 269,3540 269,3661 82,3661"/>
                    <TextEquiv>
                        <Unicode>Ne</Unicode>
                    </TextEquiv>
                    <TextStyle fontFamily="Times New Roman" fontSize="12.0"/>
                </Word>
                <Word id="w_w2aab1b1b2c23b3ab7" language="English" custom="readingOrder {index:1;}">
                    <Coords points="322,3592 595,3592 595,3667 322,3667"/>
                    <TextEquiv>
                        <Unicode>vous</Unicode>
                    </TextEquiv>
                    <TextStyle fontFamily="Times New Roman" fontSize="12.0"/>
                </Word>
                <Word id="w_w2aab1b1b2c23b3ac17" language="English" custom="readingOrder {index:2;}">
                    <Coords points="630,3557 1057,3557 1057,3712 630,3712"/>
                    <TextEquiv>
                        <Unicode>panifie</Unicode>
                    </TextEquiv>
                    <TextStyle fontFamily="Times New Roman" fontSize="12.0"/>
                </Word>
                <Word id="w_w2aab1b1b2c23b3ac33" language="English" custom="readingOrder {index:3;}">
                    <Coords points="1112,3601 1265,3601 1265,3677 1112,3677"/>
                    <TextEquiv>
                        <Unicode>un</Unicode>
                    </TextEquiv>
                    <TextStyle fontFamily="Times New Roman" fontSize="12.0"/>
                </Word>
                <Word id="w_w2aab1b1b2c23b3ac39" language="English" custom="readingOrder {index:4;}">
                    <Coords points="1300,3576 1569,3576 1569,3722 1300,3722"/>
                    <TextEquiv>
                        <Unicode>jour</Unicode>
                    </TextEquiv>
                    <TextStyle fontFamily="Times New Roman" fontSize="12.0"/>
                </Word>
                <Word id="w_w2aab1b1b2c23b3ac49" language="English" custom="readingOrder {index:5;}">
                    <Coords points="1596,3576 1733,3576 1733,3687 1596,3687"/>
                    <TextEquiv>
                        <Unicode>de</Unicode>
                    </TextEquiv>
                    <TextStyle fontFamily="Times New Roman" fontSize="12.0"/>
                </Word>
                <Word id="w_w2aab1b1b2c23b3ac55" language="English" custom="readingOrder {index:6;}">
                    <Coords points="1762,3581 2161,3581 2161,3697 1762,3697"/>
                    <TextEquiv>
                        <Unicode>l’avoir</Unicode>
                    </TextEquiv>
                    <TextStyle fontFamily="Times New Roman" fontSize="12.0"/>
                </Word>
                <Word id="w_w2aab1b1b2c23b3ac71" language="English" custom="readingOrder {index:7;}">
                    <Coords points="2196,3624 2573,3624 2573,3702 2196,3702"/>
                    <TextEquiv>
                        <Unicode>conter</Unicode>
                    </TextEquiv>
                    <TextStyle fontFamily="Times New Roman" fontSize="12.0"/>
                </Word>
                <Word id="w_w2aab1b1b2c23b3ac85" language="English" custom="readingOrder {index:8;}">
                    <Coords points="2592,3576 2768,3576 2768,3721 2592,3721"/>
                    <TextEquiv>
                        <Unicode>vé„</Unicode>
                    </TextEquiv>
                    <TextStyle fontFamily="Times New Roman" fontSize="12.0"/>
                </Word>
                <TextEquiv>
                    <Unicode>Ne vous puniſſe un jour de l’avoir conſervé.</Unicode>
                </TextEquiv>
                <TextStyle fontFamily="Times New Roman" fontSize="12.0"/>
            </TextLine>
            <TextEquiv>
                <Unicode>Et que dans voſtre ſein ce Serpent élevé
Ne vous puniſſe un jour de l’avoir conſervé.</Unicode>
            </TextEquiv>
        </TextRegion>
        <TextRegion type="paragraph" id="r_1_13" custom="readingOrder {index:12;}">
            <Coords points="93,3705 2668,3705 2668,3891 93,3891"/>
            <TextLine id="tl_19" primaryLanguage="English" custom="readingOrder {index:0;}">
                <Coords points="94,3706 2667,3706 2667,3890 94,3890"/>
                <Baseline points="94,3831 347,3825 492,3861 681,3836 961,3835 1137,3842 1527,3851 2147,3861 2666,3886"/>
                <Word id="w_w2aab1b1b2c25b1ab1" language="English" custom="readingOrder {index:0;}">
                    <Coords points="94,3710 431,3710 431,3861 94,3861"/>
                    <TextEquiv>
                        <Unicode>Enfin</Unicode>
                    </TextEquiv>
                    <TextStyle fontFamily="Times New Roman" fontSize="12.0"/>
                </Word>
                <Word id="w_w2aab1b1b2c25b1b1b1" language="English" custom="readingOrder {index:1;}">
                    <Coords points="464,3809 492,3809 492,3861 464,3861"/>
                    <TextEquiv>
                        <Unicode>3</Unicode>
                    </TextEquiv>
                    <TextStyle fontFamily="Times New Roman" fontSize="12.0" subscript="true"/>
                </Word>
                <Word id="w_w2aab1b1b2c25b1b2b3" language="English" custom="readingOrder {index:2;}">
                    <Coords points="546,3720 681,3720 681,3836 546,3836"/>
                    <TextEquiv>
                        <Unicode>de</Unicode>
                    </TextEquiv>
                    <TextStyle fontFamily="Times New Roman" fontSize="12.0"/>
                </Word>
                <Word id="w_w2aab1b1b2c25b1b2b9" language="English" custom="readingOrder {index:3;}">
                    <Coords points="720,3758 961,3758 961,3841 720,3841"/>
                    <TextEquiv>
                        <Unicode>tous</Unicode>
                    </TextEquiv>
                    <TextStyle fontFamily="Times New Roman" fontSize="12.0"/>
                </Word>
                <Word id="w_w2aab1b1b2c25b1b2c19" language="English" custom="readingOrder {index:4;}">
                    <Coords points="996,3732 1137,3732 1137,3842 996,3842"/>
                    <TextEquiv>
                        <Unicode>les</Unicode>
                    </TextEquiv>
                    <TextStyle fontFamily="Times New Roman" fontSize="12.0"/>
                </Word>
                <Word id="w_w2aab1b1b2c25b1b2c27" language="English" custom="readingOrder {index:5;}">
                    <Coords points="1184,3736 1527,3736 1527,3856 1184,3856"/>
                    <TextEquiv>
                        <Unicode>Grecs</Unicode>
                    </TextEquiv>
                    <TextStyle fontFamily="Times New Roman" fontSize="12.0"/>
                </Word>
                <Word id="w_w2aab1b1b2c25b1b2c39" language="English" custom="readingOrder {index:6;}">
                    <Coords points="1588,3726 2147,3726 2147,3861 1588,3861"/>
                    <TextEquiv>
                        <Unicode>fitisfaites</Unicode>
                    </TextEquiv>
                    <TextStyle fontFamily="Times New Roman" fontSize="12.0"/>
                </Word>
                <Word id="w_w2aab1b1b2c25b1b2c63" language="English" custom="readingOrder {index:7;}">
                    <Coords points="2180,3746 2666,3746 2666,3886 2180,3886"/>
                    <TextEquiv>
                        <Unicode>l'envie,</Unicode>
                    </TextEquiv>
                    <TextStyle fontFamily="Times New Roman" fontSize="12.0"/>
                </Word>
                <TextEquiv>
                    <Unicode>Enfin, de tous les Grecs ſatisfaites l'envie,</Unicode>
                </TextEquiv>
            </TextLine>
            <TextEquiv>
                <Unicode>Enfin, de tous les Grecs ſatisfaites l'envie,</Unicode>
            </TextEquiv>
        </TextRegion>
        <TextRegion type="paragraph" id="r_1_14" custom="readingOrder {index:13;}">
            <Coords points="80,3869 2694,3869 2694,4073 80,4073"/>
            <TextLine id="tl_20" primaryLanguage="English" custom="readingOrder {index:0;}">
                <Coords points="81,3870 2693,3870 2693,4072 81,4072"/>
                <Baseline points="82,3995 523,3990 785,3995 1471,4012 1552,4047 2017,4021 2425,4021 2692,4042"/>
                <Word id="w_w2aab1b1b2c27b1ab1" language="English" custom="readingOrder {index:0;}">
                    <Coords points="82,3872 523,3872 523,3995 82,3995"/>
                    <TextEquiv>
                        <Unicode>Aflurez</Unicode>
                    </TextEquiv>
                    <TextStyle fontFamily="Times New Roman" fontSize="12.0"/>
                </Word>
                <Word id="w_w2aab1b1b2c27b1ac17" language="English" custom="readingOrder {index:1;}">
                    <Coords points="558,3880 785,3880 785,4000 558,4000"/>
                    <TextEquiv>
                        <Unicode>leur</Unicode>
                    </TextEquiv>
                    <TextStyle fontFamily="Times New Roman" fontSize="12.0"/>
                </Word>
                <Word id="w_w2aab1b1b2c27b1ac27" language="English" custom="readingOrder {index:2;}">
                    <Coords points="824,3910 1471,3910 1471,4052 824,4052"/>
                    <TextEquiv>
                        <Unicode>vangeance</Unicode>
                    </TextEquiv>
                    <TextStyle fontFamily="Times New Roman" fontSize="12.0"/>
                </Word>
                <Word id="w_w2aab1b1b2c27b1ac47" language="English" custom="readingOrder {index:3;}">
                    <Coords points="1519,3995 1552,3995 1552,4047 1519,4047"/>
                    <TextEquiv>
                        <Unicode>,</Unicode>
                    </TextEquiv>
                    <TextStyle fontFamily="Times New Roman" fontSize="12.0"/>
                </Word>
                <Word id="w_w2aab1b1b2c27b1ac51" language="English" custom="readingOrder {index:4;}">
                    <Coords points="1608,3896 2017,3896 2017,4022 1608,4022"/>
                    <TextEquiv>
                        <Unicode>afllirez</Unicode>
                    </TextEquiv>
                    <TextStyle fontFamily="Times New Roman" fontSize="12.0"/>
                </Word>
                <Word id="w_w2aab1b1b2c27b1ac69" language="English" custom="readingOrder {index:5;}">
                    <Coords points="2052,3906 2425,3906 2425,4033 2052,4033"/>
                    <TextEquiv>
                        <Unicode>voftre</Unicode>
                    </TextEquiv>
                    <TextStyle fontFamily="Times New Roman" fontSize="12.0"/>
                </Word>
                <Word id="w_w2aab1b1b2c27b1ac83" language="English" custom="readingOrder {index:6;}">
                    <Coords points="2462,3916 2692,3916 2692,4042 2462,4042"/>
                    <TextEquiv>
                        <Unicode>vie.</Unicode>
                    </TextEquiv>
                    <TextStyle fontFamily="Times New Roman" fontSize="12.0"/>
                </Word>
                <TextEquiv>
                    <Unicode>Afſſurez leur vangeance, aſſurez voſtre vie.</Unicode>
                </TextEquiv>
                <TextStyle fontFamily="Times New Roman" fontSize="12.0"/>
            </TextLine>
            <TextEquiv>
                <Unicode>Afſſurez leur vangeance, aſſurez voſtre vie.</Unicode>
            </TextEquiv>
        </TextRegion>
        <TextRegion type="paragraph" id="r_1_15" custom="readingOrder {index:14;}">
            <Coords points="92,4041 2828,4041 2828,4245 92,4245"/>
            <TextLine id="tl_21" primaryLanguage="English" custom="readingOrder {index:0;}">
                <Coords points="93,4042 2827,4042 2827,4244 93,4244"/>
                <Baseline points="94,4155 503,4155 693,4166 1264,4217 1797,4187 2068,4186 2826,4222"/>
                <Word id="w_w2aab1b1b2c29b1ab1" language="English" custom="readingOrder {index:0;}">
                    <Coords points="94,4045 503,4045 503,4160 94,4160"/>
                    <TextEquiv>
                        <Unicode>Perdez</Unicode>
                    </TextEquiv>
                    <TextStyle fontFamily="Times New Roman" fontSize="12.0"/>
                </Word>
                <Word id="w_w2aab1b1b2c29b1ac15" language="English" custom="readingOrder {index:1;}">
                    <Coords points="540,4086 693,4086 693,4166 540,4166"/>
                    <TextEquiv>
                        <Unicode>uu</Unicode>
                    </TextEquiv>
                    <TextStyle fontFamily="Times New Roman" fontSize="12.0"/>
                </Word>
                <Word id="w_w2aab1b1b2c29b1ac21" language="English" custom="readingOrder {index:2;}">
                    <Coords points="728,4054 1264,4054 1264,4217 728,4217"/>
                    <TextEquiv>
                        <Unicode>Ennemy</Unicode>
                    </TextEquiv>
                    <TextStyle fontFamily="Times New Roman" fontSize="12.0"/>
                </Word>
                <Word id="w_w2aab1b1b2c29b1ac35" language="English" custom="readingOrder {index:3;}">
                    <Coords points="1300,4060 1797,4060 1797,4187 1300,4187"/>
                    <TextEquiv>
                        <Unicode>d’autant</Unicode>
                    </TextEquiv>
                    <TextStyle fontFamily="Times New Roman" fontSize="12.0"/>
                </Word>
                <Word id="w_w2aab1b1b2c29b1ac53" language="English" custom="readingOrder {index:4;}">
                    <Coords points="1835,4080 2068,4080 2068,4228 1835,4228"/>
                    <TextEquiv>
                        <Unicode>plus</Unicode>
                    </TextEquiv>
                    <TextStyle fontFamily="Times New Roman" fontSize="12.0"/>
                </Word>
                <Word id="w_w2aab1b1b2c29b1ac63" language="English" custom="readingOrder {index:5;}">
                    <Coords points="2107,4081 2826,4081 2826,4239 2107,4239"/>
                    <TextEquiv>
                        <Unicode>dangereux,</Unicode>
                    </TextEquiv>
                    <TextStyle fontFamily="Times New Roman" fontSize="12.0"/>
                </Word>
                <TextEquiv>
                    <Unicode>Perdez un Ennemy d’autant plus dangereux,</Unicode>
                </TextEquiv>
                <TextStyle fontFamily="Times New Roman" fontSize="12.0"/>
            </TextLine>
            <TextEquiv>
                <Unicode>Perdez un Ennemy d’autant plus dangereux,</Unicode>
            </TextEquiv>
        </TextRegion>
        <TextRegion type="paragraph" id="r_1_16" custom="readingOrder {index:15;}">
            <Coords points="96,4201 2982,4201 2982,4543 96,4543"/>
            <TextLine id="tl_22" primaryLanguage="English" custom="readingOrder {index:0;}">
                <Coords points="97,4202 2981,4202 2981,4400 97,4400"/>
                <Baseline points="97,4356 427,4324 960,4335 1166,4340 1476,4340 1585,4346 2260,4361 2692,4356 2980,4372"/>
                <Word id="w_w2aab1b1b2c31b1ab1" language="English" custom="readingOrder {index:0;}">
                    <Coords points="97,4204 427,4204 427,4356 97,4356"/>
                    <TextEquiv>
                        <Unicode>Qu’il</Unicode>
                    </TextEquiv>
                    <TextStyle fontFamily="Times New Roman" fontSize="12.0"/>
                </Word>
                <Word id="w_w2aab1b1b2c31b1ac13" language="English" custom="readingOrder {index:1;}">
                    <Coords points="469,4209 960,4209 960,4372 469,4372"/>
                    <TextEquiv>
                        <Unicode>s’dïàyra</Unicode>
                    </TextEquiv>
                    <TextStyle fontFamily="Times New Roman" fontSize="12.0"/>
                </Word>
                <Word id="w_w2aab1b1b2c31b1ac31" language="English" custom="readingOrder {index:2;}">
                    <Coords points="995,4216 1166,4216 1166,4340 995,4340"/>
                    <TextEquiv>
                        <Unicode>fur</Unicode>
                    </TextEquiv>
                    <TextStyle fontFamily="Times New Roman" fontSize="12.0"/>
                </Word>
                <Word id="w_w2aab1b1b2c31b1ac39" language="English" custom="readingOrder {index:3;}">
                    <Coords points="1199,4267 1476,4267 1476,4342 1199,4342"/>
                    <TextEquiv>
                        <Unicode>vous</Unicode>
                    </TextEquiv>
                    <TextStyle fontFamily="Times New Roman" fontSize="12.0"/>
                </Word>
                <Word id="w_w2aab1b1b2c31b1ac49" language="English" custom="readingOrder {index:4;}">
                    <Coords points="1515,4231 1585,4231 1585,4346 1515,4346"/>
                    <TextEquiv>
                        <Unicode>à</Unicode>
                    </TextEquiv>
                    <TextStyle fontFamily="Times New Roman" fontSize="12.0"/>
                </Word>
                <Word id="w_w2aab1b1b2c31b1ac53" language="English" custom="readingOrder {index:5;}">
                    <Coords points="1627,4256 2260,4256 2260,4361 1627,4361"/>
                    <TextEquiv>
                        <Unicode>combattre</Unicode>
                    </TextEquiv>
                    <TextStyle fontFamily="Times New Roman" fontSize="12.0"/>
                </Word>
                <Word id="w_w2aab1b1b2c31b1ac73" language="English" custom="readingOrder {index:6;}">
                    <Coords points="2303,4281 2692,4281 2692,4360 2303,4360"/>
                    <TextEquiv>
                        <Unicode>contre</Unicode>
                    </TextEquiv>
                    <TextStyle fontFamily="Times New Roman" fontSize="12.0"/>
                </Word>
                <Word id="w_w2aab1b1b2c31b1ac87" language="English" custom="readingOrder {index:7;}">
                    <Coords points="2725,4282 2980,4282 2980,4372 2725,4372"/>
                    <TextEquiv>
                        <Unicode>eux.</Unicode>
                    </TextEquiv>
                    <TextStyle fontFamily="Times New Roman" fontSize="12.0"/>
                </Word>
                <TextEquiv>
                    <Unicode>Qu’il s'eſſayra ſur vous à combattre contre eux.</Unicode>
                </TextEquiv>
                <TextStyle fontFamily="Times New Roman" fontSize="12.0"/>
            </TextLine>
            <TextLine id="tl_23" primaryLanguage="English" custom="readingOrder {index:1;}">
                <Coords points="1257,4401 2244,4401 2244,4542 1257,4542"/>
                <Baseline points="1257,4507 2243,4542"/>
                <Word id="w_w2aab1b1b2c31b3ab1" language="English" custom="readingOrder {index:0;}">
                    <Coords points="1257,4401 2243,4401 2243,4542 1257,4542"/>
                    <TextEquiv>
                        <Unicode>PYRRHUS.</Unicode>
                    </TextEquiv>
                    <TextStyle fontFamily="Times New Roman" fontSize="12.0"/>
                </Word>
                <TextEquiv>
                    <Unicode>PYRRHUS.</Unicode>
                </TextEquiv>
                <TextStyle fontFamily="Times New Roman" fontSize="12.0"/>
            </TextLine>
            <TextEquiv>
                <Unicode>Qu’il s'eſſayra ſur vous à combattre contre eux.
PYRRHUS.</Unicode>
            </TextEquiv>
        </TextRegion>
        <TextRegion type="paragraph" id="r_1_17" custom="readingOrder {index:16;}">
            <Coords points="75,4529 2611,4529 2611,4744 75,4744"/>
            <TextLine id="tl_24" primaryLanguage="English" custom="readingOrder {index:0;}">
                <Coords points="76,4530 2610,4530 2610,4743 76,4743"/>
                <Baseline points="77,4645 230,4650 640,4659 816,4660 1044,4665 1454,4672 1663,4675 1970,4727 2609,4711"/>
                <Word id="w_w2aab1b1b2c33b1ab1" language="English" custom="readingOrder {index:0;}">
                    <Coords points="77,4530 230,4530 230,4650 77,4650"/>
                    <TextEquiv>
                        <Unicode>La</Unicode>
                    </TextEquiv>
                    <TextStyle fontFamily="Times New Roman" fontSize="12.0"/>
                </Word>
                <Word id="w_w2aab1b1b2c33b1ab7" language="English" custom="readingOrder {index:1;}">
                    <Coords points="273,4539 640,4539 640,4659 273,4659"/>
                    <TextEquiv>
                        <Unicode>Grèce</Unicode>
                    </TextEquiv>
                    <TextStyle fontFamily="Times New Roman" fontSize="12.0"/>
                </Word>
                <Word id="w_w2aab1b1b2c33b1ac19" language="English" custom="readingOrder {index:2;}">
                    <Coords points="669,4586 816,4586 816,4660 669,4660"/>
                    <TextEquiv>
                        <Unicode>en</Unicode>
                    </TextEquiv>
                    <TextStyle fontFamily="Times New Roman" fontSize="12.0"/>
                </Word>
                <Word id="w_w2aab1b1b2c33b1ac25" language="English" custom="readingOrder {index:3;}">
                    <Coords points="845,4590 1044,4590 1044,4666 845,4666"/>
                    <TextEquiv>
                        <Unicode>ma</Unicode>
                    </TextEquiv>
                    <TextStyle fontFamily="Times New Roman" fontSize="12.0"/>
                </Word>
                <Word id="w_w2aab1b1b2c33b1ac31" language="English" custom="readingOrder {index:4;}">
                    <Coords points="1071,4545 1454,4545 1454,4672 1071,4672"/>
                    <TextEquiv>
                        <Unicode>faveur</Unicode>
                    </TextEquiv>
                    <TextStyle fontFamily="Times New Roman" fontSize="12.0"/>
                </Word>
                <Word id="w_w2aab1b1b2c33b1ac45" language="English" custom="readingOrder {index:5;}">
                    <Coords points="1501,4556 1663,4556 1663,4675 1501,4675"/>
                    <TextEquiv>
                        <Unicode>eft</Unicode>
                    </TextEquiv>
                    <TextStyle fontFamily="Times New Roman" fontSize="12.0"/>
                </Word>
                <Word id="w_w2aab1b1b2c33b1ac53" language="English" custom="readingOrder {index:6;}">
                    <Coords points="1711,4606 1970,4606 1970,4727 1711,4727"/>
                    <TextEquiv>
                        <Unicode>trop</Unicode>
                    </TextEquiv>
                    <TextStyle fontFamily="Times New Roman" fontSize="12.0"/>
                </Word>
                <Word id="w_w2aab1b1b2c33b1ac63" language="English" custom="readingOrder {index:7;}">
                    <Coords points="2005,4571 2609,4571 2609,4738 2005,4738"/>
                    <TextEquiv>
                        <Unicode>inquiétée.</Unicode>
                    </TextEquiv>
                    <TextStyle fontFamily="Times New Roman" fontSize="12.0"/>
                </Word>
                <TextEquiv>
                    <Unicode>La Gréce en ma faveur eſt trop inquiétée.</Unicode>
                </TextEquiv>
                <TextStyle fontFamily="Times New Roman" fontSize="12.0"/>
            </TextLine>
            <TextEquiv>
                <Unicode>La Gréce en ma faveur eſt trop inquiétée.</Unicode>
            </TextEquiv>
        </TextRegion>
        <TextRegion type="paragraph" id="r_1_18" custom="readingOrder {index:17;}">
            <Coords points="69,4691 2745,4691 2745,4908 69,4908"/>
            <TextLine id="tl_25" primaryLanguage="English" custom="readingOrder {index:0;}">
                <Coords points="70,4692 2744,4692 2744,4907 70,4907"/>
                <Baseline points="71,4811 264,4814 580,4820 852,4824 1544,4841 1698,4841 1960,4887 2274,4855 2743,4883"/>
                <Word id="w_w2aab1b1b2c35b1ab1" language="English" custom="readingOrder {index:0;}">
                    <Coords points="71,4700 264,4700 264,4814 71,4814"/>
                    <TextEquiv>
                        <Unicode>De</Unicode>
                    </TextEquiv>
                    <TextStyle fontFamily="Times New Roman" fontSize="12.0"/>
                </Word>
                <Word id="w_w2aab1b1b2c35b1ab7" language="English" custom="readingOrder {index:1;}">
                    <Coords points="289,4695 580,4695 580,4821 289,4821"/>
                    <TextEquiv>
                        <Unicode>foins</Unicode>
                    </TextEquiv>
                    <TextStyle fontFamily="Times New Roman" fontSize="12.0"/>
                </Word>
                <Word id="w_w2aab1b1b2c35b1ac19" language="English" custom="readingOrder {index:2;}">
                    <Coords points="618,4720 852,4720 852,4862 618,4862"/>
                    <TextEquiv>
                        <Unicode>plus</Unicode>
                    </TextEquiv>
                    <TextStyle fontFamily="Times New Roman" fontSize="12.0"/>
                </Word>
                <Word id="w_w2aab1b1b2c35b1ac29" language="English" custom="readingOrder {index:3;}">
                    <Coords points="903,4721 1544,4721 1544,4872 903,4872"/>
                    <TextEquiv>
                        <Unicode>importuns</Unicode>
                    </TextEquiv>
                    <TextStyle fontFamily="Times New Roman" fontSize="12.0"/>
                </Word>
                <Word id="w_w2aab1b1b2c35b1ac49" language="English" custom="readingOrder {index:4;}">
                    <Coords points="1578,4746 1698,4746 1698,4886 1578,4886"/>
                    <TextEquiv>
                        <Unicode>je</Unicode>
                    </TextEquiv>
                    <TextStyle fontFamily="Times New Roman" fontSize="12.0"/>
                </Word>
                <Word id="w_w2aab1b1b2c35b1ac55" language="English" custom="readingOrder {index:5;}">
                    <Coords points="1747,4736 1960,4736 1960,4887 1747,4887"/>
                    <TextEquiv>
                        <Unicode>l’ay</Unicode>
                    </TextEquiv>
                    <TextStyle fontFamily="Times New Roman" fontSize="12.0"/>
                </Word>
                <Word id="w_w2aab1b1b2c35b1ac65" language="English" custom="readingOrder {index:6;}">
                    <Coords points="2011,4777 2274,4777 2274,4855 2011,4855"/>
                    <TextEquiv>
                        <Unicode>crue</Unicode>
                    </TextEquiv>
                    <TextStyle fontFamily="Times New Roman" fontSize="12.0"/>
                </Word>
                <Word id="w_w2aab1b1b2c35b1ac75" language="English" custom="readingOrder {index:7;}">
                    <Coords points="2315,4737 2743,4737 2743,4903 2315,4903"/>
                    <TextEquiv>
                        <Unicode>agitée,</Unicode>
                    </TextEquiv>
                    <TextStyle fontFamily="Times New Roman" fontSize="12.0"/>
                </Word>
                <TextEquiv>
                    <Unicode>De ſoins plus importans je l’ay cruë agitée,</Unicode>
                </TextEquiv>
                <TextStyle fontFamily="Times New Roman" fontSize="12.0"/>
            </TextLine>
            <TextEquiv>
                <Unicode>De ſoins plus importans je l’ay cruë agitée,</Unicode>
            </TextEquiv>
        </TextRegion>
        <TextRegion type="paragraph" id="r_1_19" custom="readingOrder {index:18;}">
            <Coords points="65,4863 2879,4863 2879,5072 65,5072"/>
            <TextLine id="tl_26" primaryLanguage="English" custom="readingOrder {index:0;}">
                <Coords points="66,4864 2878,4864 2878,5071 66,5071"/>
                <Baseline points="67,4981 707,4994 878,4990 1074,4991 1214,4999 1537,5011 1717,5006 1945,5011 2217,5020 2290,5015 2357,5016 2793,5016 2877,5047"/>
                <Word id="w_w2aab1b1b2c37b1ab1" language="English" custom="readingOrder {index:0;}">
                    <Coords points="67,4864 707,4864 707,5037 67,5037"/>
                    <TextEquiv>
                        <Unicode>Seigneur,,</Unicode>
                    </TextEquiv>
                    <TextStyle fontFamily="Times New Roman" fontSize="12.0"/>
                </Word>
                <Word id="w_w2aab1b1b2c37b1ac23" language="English" custom="readingOrder {index:1;}">
                    <Coords points="769,4891 878,4891 878,4990 769,4990"/>
                    <TextEquiv>
                        <Unicode>&amp;</Unicode>
                    </TextEquiv>
                    <TextStyle fontFamily="Times New Roman" fontSize="12.0"/>
                </Word>
                <Word id="w_w2aab1b1b2c37b1ac27" language="English" custom="readingOrder {index:2;}">
                    <Coords points="913,4879 1074,4879 1074,4991 913,4991"/>
                    <TextEquiv>
                        <Unicode>fur</Unicode>
                    </TextEquiv>
                    <TextStyle fontFamily="Times New Roman" fontSize="12.0"/>
                </Word>
                <Word id="w_w2aab1b1b2c37b1ac35" language="English" custom="readingOrder {index:3;}">
                    <Coords points="1113,4890 1214,4890 1214,4999 1113,4999"/>
                    <TextEquiv>
                        <Unicode>le</Unicode>
                    </TextEquiv>
                    <TextStyle fontFamily="Times New Roman" fontSize="12.0"/>
                </Word>
                <Word id="w_w2aab1b1b2c37b1ac41" language="English" custom="readingOrder {index:4;}">
                    <Coords points="1251,4930 1537,4930 1537,5011 1251,5011"/>
                    <TextEquiv>
                        <Unicode>nom</Unicode>
                    </TextEquiv>
                    <TextStyle fontFamily="Times New Roman" fontSize="12.0"/>
                </Word>
                <Word id="w_w2aab1b1b2c37b1ac49" language="English" custom="readingOrder {index:5;}">
                    <Coords points="1577,4890 1717,4890 1717,5007 1577,5007"/>
                    <TextEquiv>
                        <Unicode>de</Unicode>
                    </TextEquiv>
                    <TextStyle fontFamily="Times New Roman" fontSize="12.0"/>
                </Word>
                <Word id="w_w2aab1b1b2c37b1ac55" language="English" custom="readingOrder {index:6;}">
                    <Coords points="1749,4894 1945,4894 1945,5011 1749,5011"/>
                    <TextEquiv>
                        <Unicode>fou</Unicode>
                    </TextEquiv>
                    <TextStyle fontFamily="Times New Roman" fontSize="12.0"/>
                </Word>
                <Word id="w_w2aab1b1b2c37b1ac63" language="English" custom="readingOrder {index:7;}">
                    <Coords points="1984,4905 2217,4905 2217,5020 1984,5020"/>
                    <TextEquiv>
                        <Unicode>Am</Unicode>
                    </TextEquiv>
                    <TextStyle fontFamily="Times New Roman" fontSize="12.0"/>
                </Word>
                <Word id="w_w2aab1b1b2c37b1ac69" language="English" custom="readingOrder {index:8;}">
                    <Coords points="2230,4906 2290,4906 2290,5015 2230,5015"/>
                    <TextEquiv>
                        <Unicode>b</Unicode>
                    </TextEquiv>
                    <TextStyle fontFamily="Times New Roman" fontSize="12.0"/>
                </Word>
                <Word id="w_w2aab1b1b2c37b1ac73" language="English" custom="readingOrder {index:9;}">
                    <Coords points="2308,4947 2357,4947 2357,5016 2308,5016"/>
                    <TextEquiv>
                        <Unicode>a</Unicode>
                    </TextEquiv>
                    <TextStyle fontFamily="Times New Roman" fontSize="12.0"/>
                </Word>
                <Word id="w_w2aab1b1b2c37b1ac77" language="English" custom="readingOrder {index:10;}">
                    <Coords points="2370,4901 2793,4901 2793,5022 2370,5022"/>
                    <TextEquiv>
                        <Unicode>(Fadeur</Unicode>
                    </TextEquiv>
                    <TextStyle fontFamily="Times New Roman" fontSize="12.0"/>
                </Word>
                <Word id="w_w2aab1b1b2c37b1ac93" language="English" custom="readingOrder {index:11;}">
                    <Coords points="2844,4995 2877,4995 2877,5047 2844,5047"/>
                    <TextEquiv>
                        <Unicode>,</Unicode>
                    </TextEquiv>
                    <TextStyle fontFamily="Times New Roman" fontSize="12.0"/>
                </Word>
                <TextEquiv>
                    <Unicode>Seigneur, &amp; ſur le nom de ſon Ambaſſadeur,</Unicode>
                </TextEquiv>
                <TextStyle fontFamily="Times New Roman" fontSize="12.0"/>
            </TextLine>
            <TextEquiv>
                <Unicode>Seigneur, &amp; ſur le nom de ſon Ambaſſadeur,</Unicode>
            </TextEquiv>
        </TextRegion>
        <TextRegion type="paragraph" id="r_1_20" custom="readingOrder {index:19;}">
            <Coords points="65,5029 3033,5029 3033,5240 65,5240"/>
            <TextLine id="tl_27" primaryLanguage="English" custom="readingOrder {index:0;}">
                <Coords points="66,5030 3032,5030 3032,5239 66,5239"/>
                <Baseline points="66,5180 122,5180 507,5150 820,5150 1001,5156 1465,5164 1941,5177 2207,5182 2371,5180 3029,5202"/>
                <Word id="w_w2aab1b1b2c39b1ab1" language="English" custom="readingOrder {index:0;}">
                    <Coords points="66,5034 122,5034 122,5180 66,5180"/>
                    <TextEquiv>
                        <Unicode>}</Unicode>
                    </TextEquiv>
                    <TextStyle fontFamily="Times New Roman" fontSize="12.0"/>
                </Word>
                <Word id="w_w2aab1b1b2c39b1ab5" language="English" custom="readingOrder {index:1;}">
                    <Coords points="160,5035 507,5035 507,5150 160,5150"/>
                    <TextEquiv>
                        <Unicode>'avois</Unicode>
                    </TextEquiv>
                    <TextStyle fontFamily="Times New Roman" fontSize="12.0"/>
                </Word>
                <Word id="w_w2aab1b1b2c39b1ac19" language="English" custom="readingOrder {index:2;}">
                    <Coords points="540,5040 820,5040 820,5156 540,5156"/>
                    <TextEquiv>
                        <Unicode>dans</Unicode>
                    </TextEquiv>
                    <TextStyle fontFamily="Times New Roman" fontSize="12.0"/>
                </Word>
                <Word id="w_w2aab1b1b2c39b1ac29" language="English" custom="readingOrder {index:3;}">
                    <Coords points="855,5050 1001,5050 1001,5156 855,5156"/>
                    <TextEquiv>
                        <Unicode>(es</Unicode>
                    </TextEquiv>
                    <TextStyle fontFamily="Times New Roman" fontSize="12.0"/>
                </Word>
                <Word id="w_w2aab1b1b2c39b1ac37" language="English" custom="readingOrder {index:4;}">
                    <Coords points="1042,5066 1465,5066 1465,5206 1042,5206"/>
                    <TextEquiv>
                        <Unicode>projets</Unicode>
                    </TextEquiv>
                    <TextStyle fontFamily="Times New Roman" fontSize="12.0"/>
                </Word>
                <Word id="w_w2aab1b1b2c39b1ac53" language="English" custom="readingOrder {index:5;}">
                    <Coords points="1514,5100 1941,5100 1941,5177 1514,5177"/>
                    <TextEquiv>
                        <Unicode>conceti</Unicode>
                    </TextEquiv>
                    <TextStyle fontFamily="Times New Roman" fontSize="12.0"/>
                </Word>
                <Word id="w_w2aab1b1b2c39b1ac69" language="English" custom="readingOrder {index:6;}">
                    <Coords points="1974,5072 2207,5072 2207,5222 1974,5222"/>
                    <TextEquiv>
                        <Unicode>plus</Unicode>
                    </TextEquiv>
                    <TextStyle fontFamily="Times New Roman" fontSize="12.0"/>
                </Word>
                <Word id="w_w2aab1b1b2c39b1ac79" language="English" custom="readingOrder {index:7;}">
                    <Coords points="2236,5064 2371,5064 2371,5185 2236,5185"/>
                    <TextEquiv>
                        <Unicode>de</Unicode>
                    </TextEquiv>
                    <TextStyle fontFamily="Times New Roman" fontSize="12.0"/>
                </Word>
                <Word id="w_w2aab1b1b2c39b1ac85" language="English" custom="readingOrder {index:8;}">
                    <Coords points="2412,5065 3031,5065 3031,5232 2412,5232"/>
                    <TextEquiv>
                        <Unicode>grandeur.'</Unicode>
                    </TextEquiv>
                    <TextStyle fontFamily="Times New Roman" fontSize="12.0"/>
                </Word>
                <TextEquiv>
                    <Unicode>J'avois dans ſes projets conceu plus de grandeur.</Unicode>
                </TextEquiv>
                <TextStyle fontFamily="Times New Roman" fontSize="12.0"/>
            </TextLine>
            <TextEquiv>
                <Unicode>J'avois dans ſes projets conceu plus de grandeur.</Unicode>
            </TextEquiv>
        </TextRegion>
        <TextRegion type="paragraph" id="r_1_21" custom="readingOrder {index:20;}">
            <Coords points="71,5193 2855,5193 2855,5558 71,5558"/>
            <TextLine id="tl_28" primaryLanguage="English" custom="readingOrder {index:0;}">
                <Coords points="76,5194 2796,5194 2796,5398 76,5398"/>
                <Baseline points="76,5346 334,5315 821,5320 997,5320 1291,5326 1398,5365 1889,5340 2171,5346 2795,5346"/>
                <Word id="w_w2aab1b1b2c41b1ab1" language="English" custom="readingOrder {index:0;}">
                    <Coords points="76,5194 334,5194 334,5346 76,5346"/>
                    <TextEquiv>
                        <Unicode>Qui</Unicode>
                    </TextEquiv>
                    <TextStyle fontFamily="Times New Roman" fontSize="12.0"/>
                </Word>
                <Word id="w_w2aab1b1b2c41b1ab9" language="English" custom="readingOrder {index:1;}">
                    <Coords points="360,5205 821,5205 821,5325 360,5325"/>
                    <TextEquiv>
                        <Unicode>croirait</Unicode>
                    </TextEquiv>
                    <TextStyle fontFamily="Times New Roman" fontSize="12.0"/>
                </Word>
                <Word id="w_w2aab1b1b2c41b1ac27" language="English" custom="readingOrder {index:2;}">
                    <Coords points="850,5246 997,5246 997,5321 850,5321"/>
                    <TextEquiv>
                        <Unicode>en</Unicode>
                    </TextEquiv>
                    <TextStyle fontFamily="Times New Roman" fontSize="12.0"/>
                </Word>
                <Word id="w_w2aab1b1b2c41b1ac33" language="English" custom="readingOrder {index:3;}">
                    <Coords points="1036,5210 1291,5210 1291,5326 1036,5326"/>
                    <TextEquiv>
                        <Unicode>effet</Unicode>
                    </TextEquiv>
                    <TextStyle fontFamily="Times New Roman" fontSize="12.0"/>
                </Word>
                <Word id="w_w2aab1b1b2c41b1ac45" language="English" custom="readingOrder {index:4;}">
                    <Coords points="1360,5313 1398,5313 1398,5365 1360,5365"/>
                    <TextEquiv>
                        <Unicode>,</Unicode>
                    </TextEquiv>
                    <TextStyle fontFamily="Times New Roman" fontSize="12.0"/>
                </Word>
                <Word id="w_w2aab1b1b2c41b1ac49" language="English" custom="readingOrder {index:5;}">
                    <Coords points="1484,5231 1889,5231 1889,5381 1484,5381"/>
                    <TextEquiv>
                        <Unicode>qu’une</Unicode>
                    </TextEquiv>
                    <TextStyle fontFamily="Times New Roman" fontSize="12.0"/>
                </Word>
                <Word id="w_w2aab1b1b2c41b1ac63" language="English" custom="readingOrder {index:6;}">
                    <Coords points="1932,5236 2171,5236 2171,5351 1932,5351"/>
                    <TextEquiv>
                        <Unicode>telle</Unicode>
                    </TextEquiv>
                    <TextStyle fontFamily="Times New Roman" fontSize="12.0"/>
                </Word>
                <Word id="w_w2aab1b1b2c41b1ac75" language="English" custom="readingOrder {index:7;}">
                    <Coords points="2210,5231 2795,5231 2795,5393 2210,5393"/>
                    <TextEquiv>
                        <Unicode>entreprise</Unicode>
                    </TextEquiv>
                    <TextStyle fontFamily="Times New Roman" fontSize="12.0"/>
                </Word>
                <TextEquiv>
                    <Unicode>Qui croiroit en effet, qu’une telle entrepriſe</Unicode>
                </TextEquiv>
                <TextStyle fontFamily="Times New Roman" fontSize="12.0"/>
            </TextLine>
            <TextLine id="tl_29" primaryLanguage="English" custom="readingOrder {index:1;}">
                <Coords points="72,5354 2854,5354 2854,5557 72,5557"/>
                <Baseline points="72,5469 271,5474 523,5480 2852,5541"/>
                <Word id="w_w2aab1b1b2c41b3ab1" language="English" custom="readingOrder {index:0;}">
                    <Coords points="72,5354 271,5354 271,5474 72,5474"/>
                    <TextEquiv>
                        <Unicode>Du</Unicode>
                    </TextEquiv>
                    <TextStyle fontFamily="Times New Roman" fontSize="12.0"/>
                </Word>
                <Word id="w_w2aab1b1b2c41b3ab7" language="English" custom="readingOrder {index:1;}">
                    <Coords points="330,5374 523,5374 523,5486 330,5486"/>
                    <TextEquiv>
                        <Unicode>Fils</Unicode>
                    </TextEquiv>
                    <TextStyle fontFamily="Times New Roman" fontSize="12.0"/>
                </Word>
                <Word id="w_w2aab1b1b2c41b3ac17" language="English" custom="readingOrder {index:2;}">
                    <Coords points="614,5369 2852,5369 2852,5541 614,5541"/>
                    <TextEquiv>
                        <Unicode>d'Agamemnonmentaflrentremifè,</Unicode>
                    </TextEquiv>
                    <TextStyle fontFamily="Times New Roman" fontSize="12.0"/>
                </Word>
                <TextEquiv>
                    <Unicode>Du Fils d'Agamemnon meritaſt l'entremiſe,</Unicode>
                </TextEquiv>
                <TextStyle fontFamily="Times New Roman" fontSize="12.0"/>
            </TextLine>
            <TextEquiv>
                <Unicode>Qui croiroit en effet, qu’une telle entrepriſe
Du Fils d'Agamemnon meritaſt l'entremiſe,</Unicode>
            </TextEquiv>
        </TextRegion>
        <TextRegion type="paragraph" id="r_1_22" custom="readingOrder {index:21;}">
            <Coords points="76,5519 3368,5519 3368,5856 76,5856"/>
            <TextLine id="tl_30" primaryLanguage="English" custom="readingOrder {index:0;}">
                <Coords points="77,5520 3367,5520 3367,5726 77,5726"/>
                <Baseline points="78,5665 487,5649 981,5656 1317,5660 1785,5671 1930,5706 2321,5676 2559,5681 2863,5671 3367,5644"/>
                <Word id="w_w2aab1b1b2c43b1ab1" language="English" custom="readingOrder {index:0;}">
                    <Coords points="78,5524 487,5524 487,5665 78,5665"/>
                    <TextEquiv>
                        <Unicode>Qu’un</Unicode>
                    </TextEquiv>
                    <TextStyle fontFamily="Times New Roman" fontSize="12.0"/>
                </Word>
                <Word id="w_w2aab1b1b2c43b1ac13" language="English" custom="readingOrder {index:1;}">
                    <Coords points="572,5544 981,5544 981,5690 572,5690"/>
                    <TextEquiv>
                        <Unicode>Peuple</Unicode>
                    </TextEquiv>
                    <TextStyle fontFamily="Times New Roman" fontSize="12.0"/>
                </Word>
                <Word id="w_w2aab1b1b2c43b1ac27" language="English" custom="readingOrder {index:2;}">
                    <Coords points="1076,5581 1317,5581 1317,5660 1076,5660"/>
                    <TextEquiv>
                        <Unicode>tout</Unicode>
                    </TextEquiv>
                    <TextStyle fontFamily="Times New Roman" fontSize="12.0"/>
                </Word>
                <Word id="w_w2aab1b1b2c43b1ac37" language="English" custom="readingOrder {index:3;}">
                    <Coords points="1428,5560 1785,5560 1785,5671 1428,5671"/>
                    <TextEquiv>
                        <Unicode>entier</Unicode>
                    </TextEquiv>
                    <TextStyle fontFamily="Times New Roman" fontSize="12.0"/>
                </Word>
                <Word id="w_w2aab1b1b2c43b1ac51" language="English" custom="readingOrder {index:4;}">
                    <Coords points="1891,5648 1930,5648 1930,5706 1891,5706"/>
                    <TextEquiv>
                        <Unicode>,</Unicode>
                    </TextEquiv>
                    <TextStyle fontFamily="Times New Roman" fontSize="12.0"/>
                </Word>
                <Word id="w_w2aab1b1b2c43b1ac55" language="English" custom="readingOrder {index:5;}">
                    <Coords points="2078,5596 2321,5596 2321,5676 2078,5676"/>
                    <TextEquiv>
                        <Unicode>tant</Unicode>
                    </TextEquiv>
                    <TextStyle fontFamily="Times New Roman" fontSize="12.0"/>
                </Word>
                <Word id="w_w2aab1b1b2c43b1ac65" language="English" custom="readingOrder {index:6;}">
                    <Coords points="2418,5561 2559,5561 2559,5682 2418,5682"/>
                    <TextEquiv>
                        <Unicode>de</Unicode>
                    </TextEquiv>
                    <TextStyle fontFamily="Times New Roman" fontSize="12.0"/>
                </Word>
                <Word id="w_w2aab1b1b2c43b1ac71" language="English" custom="readingOrder {index:7;}">
                    <Coords points="2650,5556 2863,5556 2863,5676 2650,5676"/>
                    <TextEquiv>
                        <Unicode>fois</Unicode>
                    </TextEquiv>
                    <TextStyle fontFamily="Times New Roman" fontSize="12.0"/>
                </Word>
                <Word id="w_w2aab1b1b2c43b1ac81" language="English" custom="readingOrder {index:8;}">
                    <Coords points="2952,5559 3367,5559 3367,5675 2952,5675"/>
                    <TextEquiv>
                        <Unicode>triom¬</Unicode>
                    </TextEquiv>
                    <TextStyle fontFamily="Times New Roman" fontSize="12.0"/>
                </Word>
                <TextEquiv>
                    <Unicode>Qu’un Peuple tout entier, tant de fois triom¬</Unicode>
                </TextEquiv>
                <TextStyle fontFamily="Times New Roman" fontSize="12.0"/>
            </TextLine>
            <TextLine id="tl_31" primaryLanguage="English" custom="readingOrder {index:1;}">
                <Coords points="331,5689 759,5689 759,5855 331,5855"/>
                <Baseline points="331,5850 687,5814 758,5845"/>
                <Word id="w_w2aab1b1b2c43b3ab1" language="English" custom="readingOrder {index:0;}">
                    <Coords points="331,5690 687,5690 687,5850 331,5850"/>
                    <TextEquiv>
                        <Unicode>phant</Unicode>
                    </TextEquiv>
                    <TextStyle fontFamily="Times New Roman" fontSize="12.0"/>
                </Word>
                <Word id="w_w2aab1b1b2c43b3ac13" language="English" custom="readingOrder {index:1;}">
                    <Coords points="727,5792 758,5792 758,5845 727,5845"/>
                    <TextEquiv>
                        <Unicode>,</Unicode>
                    </TextEquiv>
                    <TextStyle fontFamily="Times New Roman" fontSize="12.0"/>
                </Word>
                <TextEquiv>
                    <Unicode>phant,</Unicode>
                </TextEquiv>
                <TextStyle fontFamily="Times New Roman" fontSize="12.0"/>
            </TextLine>
            <TextEquiv>
                <Unicode>Qu’un Peuple tout entier, tant de fois triom¬
phant,</Unicode>
            </TextEquiv>
        </TextRegion>
        <TextRegion type="paragraph" id="r_1_23" custom="readingOrder {index:22;}">
            <Coords points="80,5843 3150,5843 3150,6219 80,6219"/>
            <TextLine id="tl_32" primaryLanguage="English" custom="readingOrder {index:0;}">
                <Coords points="81,5844 3149,5844 3149,6061 81,6061"/>
                <Baseline points="82,5970 493,5979 941,5979 1530,5989 1780,5994 1914,6000 2270,5999 2578,6005 3000,6001 3149,6001"/>
                <Word id="w_w2aab1b1b2c45b1ab1" language="English" custom="readingOrder {index:0;}">
                    <Coords points="82,5854 493,5854 493,5979 82,5979"/>
                    <TextEquiv>
                        <Unicode>N’euft</Unicode>
                    </TextEquiv>
                    <TextStyle fontFamily="Times New Roman" fontSize="12.0"/>
                </Word>
                <Word id="w_w2aab1b1b2c45b1ac15" language="English" custom="readingOrder {index:1;}">
                    <Coords points="526,5859 941,5859 941,6027 526,6027"/>
                    <TextEquiv>
                        <Unicode>daigné</Unicode>
                    </TextEquiv>
                    <TextStyle fontFamily="Times New Roman" fontSize="12.0"/>
                </Word>
                <Word id="w_w2aab1b1b2c45b1ac29" language="English" custom="readingOrder {index:2;}">
                    <Coords points="974,5869 1530,5869 1530,6026 974,6026"/>
                    <TextEquiv>
                        <Unicode>conspirer</Unicode>
                    </TextEquiv>
                    <TextStyle fontFamily="Times New Roman" fontSize="12.0"/>
                </Word>
                <Word id="w_w2aab1b1b2c45b1ac49" language="English" custom="readingOrder {index:3;}">
                    <Coords points="1571,5916 1780,5916 1780,6041 1571,6041"/>
                    <TextEquiv>
                        <Unicode>que</Unicode>
                    </TextEquiv>
                    <TextStyle fontFamily="Times New Roman" fontSize="12.0"/>
                </Word>
                <Word id="w_w2aab1b1b2c45b1ac57" language="English" custom="readingOrder {index:4;}">
                    <Coords points="1813,5885 1914,5885 1914,6000 1813,6000"/>
                    <TextEquiv>
                        <Unicode>la</Unicode>
                    </TextEquiv>
                    <TextStyle fontFamily="Times New Roman" fontSize="12.0"/>
                </Word>
                <Word id="w_w2aab1b1b2c45b1ac63" language="English" custom="readingOrder {index:5;}">
                    <Coords points="1957,5926 2270,5926 2270,6000 1957,6000"/>
                    <TextEquiv>
                        <Unicode>mort</Unicode>
                    </TextEquiv>
                    <TextStyle fontFamily="Times New Roman" fontSize="12.0"/>
                </Word>
                <Word id="w_w2aab1b1b2c45b1ac73" language="English" custom="readingOrder {index:6;}">
                    <Coords points="2309,5884 2578,5884 2578,6005 2309,6005"/>
                    <TextEquiv>
                        <Unicode>d’un</Unicode>
                    </TextEquiv>
                    <TextStyle fontFamily="Times New Roman" fontSize="12.0"/>
                </Word>
                <Word id="w_w2aab1b1b2c45b1ac83" language="English" custom="readingOrder {index:7;}">
                    <Coords points="2633,5880 3053,5880 3053,6006 2633,6006"/>
                    <TextEquiv>
                        <Unicode>Enfant</Unicode>
                    </TextEquiv>
                    <TextStyle fontFamily="Times New Roman" fontSize="12.0"/>
                </Word>
                <Word id="w_w2aab1b1b2c45b1b1b1" language="English" custom="readingOrder {index:8;}">
                    <Coords points="3101,5900 3149,5900 3149,6001 3101,6001"/>
                    <TextEquiv>
                        <Unicode>i</Unicode>
                    </TextEquiv>
                    <TextStyle fontFamily="Times New Roman" fontSize="11.5" bold="true" italic="true"/>
                </Word>
                <TextEquiv>
                    <Unicode>N’euſt daigné conſpirer que la mort d’un Enfant?</Unicode>
                </TextEquiv>
            </TextLine>
            <TextLine id="tl_33" primaryLanguage="English" custom="readingOrder {index:1;}">
                <Coords points="81,6020 2517,6020 2517,6218 81,6218"/>
                <Baseline points="81,6134 384,6138 493,6143 719,6144 1460,6154 1712,6160 1778,6206 1862,6160 1996,6169 2440,6165 2516,6170"/>
                <Word id="w_w2aab1b1b2c45b3ab1" language="English" custom="readingOrder {index:0;}">
                    <Coords points="81,6020 384,6020 384,6139 81,6139"/>
                    <TextEquiv>
                        <Unicode>Mais</Unicode>
                    </TextEquiv>
                    <TextStyle fontFamily="Times New Roman" fontSize="12.0"/>
                </Word>
                <Word id="w_w2aab1b1b2c45b3ac11" language="English" custom="readingOrder {index:1;}">
                    <Coords points="423,6024 493,6024 493,6143 423,6143"/>
                    <TextEquiv>
                        <Unicode>à</Unicode>
                    </TextEquiv>
                    <TextStyle fontFamily="Times New Roman" fontSize="12.0"/>
                </Word>
                <Word id="w_w2aab1b1b2c45b3ac15" language="English" custom="readingOrder {index:2;}">
                    <Coords points="525,6034 719,6034 719,6191 525,6191"/>
                    <TextEquiv>
                        <Unicode>qui</Unicode>
                    </TextEquiv>
                    <TextStyle fontFamily="Times New Roman" fontSize="12.0"/>
                </Word>
                <Word id="w_w2aab1b1b2c45b3ac23" language="English" custom="readingOrder {index:3;}">
                    <Coords points="747,6034 1460,6034 1460,6180 747,6180"/>
                    <TextEquiv>
                        <Unicode>prétend-on</Unicode>
                    </TextEquiv>
                    <TextStyle fontFamily="Times New Roman" fontSize="12.0"/>
                </Word>
                <Word id="w_w2aab1b1b2c45b3ac45" language="English" custom="readingOrder {index:4;}">
                    <Coords points="1499,6085 1712,6085 1712,6206 1499,6206"/>
                    <TextEquiv>
                        <Unicode>que</Unicode>
                    </TextEquiv>
                    <TextStyle fontFamily="Times New Roman" fontSize="12.0"/>
                </Word>
                <Word id="w_w2aab1b1b2c45b3ac53" language="English" custom="readingOrder {index:5;}">
                    <Coords points="1739,6066 1778,6066 1778,6206 1739,6206"/>
                    <TextEquiv>
                        <Unicode>j</Unicode>
                    </TextEquiv>
                    <TextStyle fontFamily="Times New Roman" fontSize="12.0"/>
                </Word>
                <Word id="w_w2aab1b1b2c45b3ac57" language="English" custom="readingOrder {index:6;}">
                    <Coords points="1803,6091 1862,6091 1862,6160 1803,6160"/>
                    <TextEquiv>
                        <Unicode>e</Unicode>
                    </TextEquiv>
                    <TextStyle fontFamily="Times New Roman" fontSize="12.0"/>
                </Word>
                <Word id="w_w2aab1b1b2c45b3ac61" language="English" custom="readingOrder {index:7;}">
                    <Coords points="1895,6050 1996,6050 1996,6169 1895,6169"/>
                    <TextEquiv>
                        <Unicode>le</Unicode>
                    </TextEquiv>
                    <TextStyle fontFamily="Times New Roman" fontSize="12.0"/>
                </Word>
                <Word id="w_w2aab1b1b2c45b3ac67" language="English" custom="readingOrder {index:8;}">
                    <Coords points="2041,6049 2440,6049 2440,6170 2041,6170"/>
                    <TextEquiv>
                        <Unicode>sacrifie</Unicode>
                    </TextEquiv>
                    <TextStyle fontFamily="Times New Roman" fontSize="12.0"/>
                </Word>
                <Word id="w_w2aab1b1b2c45b3ac85" language="English" custom="readingOrder {index:9;}">
                    <Coords points="2483,6082 2516,6082 2516,6170 2483,6170"/>
                    <TextEquiv>
                        <Unicode>?</Unicode>
                    </TextEquiv>
                    <TextStyle fontFamily="Times New Roman" fontSize="12.0"/>
                </Word>
                <TextEquiv>
                    <Unicode>Mais à qui pretend-on que je le ſacrifie?</Unicode>
                </TextEquiv>
                <TextStyle fontFamily="Times New Roman" fontSize="12.0"/>
            </TextLine>
            <TextEquiv>
                <Unicode>N’euſt daigné conſpirer que la mort d’un Enfant?
Mais à qui pretend-on que je le ſacrifie?</Unicode>
            </TextEquiv>
        </TextRegion>
        <TextRegion type="paragraph" id="r_1_24" custom="readingOrder {index:23;}">
            <Coords points="86,6171 2914,6171 2914,6391 86,6391"/>
            <TextLine id="tl_34" primaryLanguage="English" custom="readingOrder {index:0;}">
                <Coords points="87,6172 2913,6172 2913,6390 87,6390"/>
                <Baseline points="87,6293 234,6298 636,6303 1084,6313 1460,6320 1970,6331 2011,6320 2300,6329 2506,6330 2637,6330 2846,6331 2912,6334"/>
                <Word id="w_w2aab1b1b2c47b1ab1" language="English" custom="readingOrder {index:0;}">
                    <Coords points="87,6178 234,6178 234,6298 87,6298"/>
                    <TextEquiv>
                        <Unicode>La</Unicode>
                    </TextEquiv>
                    <TextStyle fontFamily="Times New Roman" fontSize="12.0"/>
                </Word>
                <Word id="w_w2aab1b1b2c47b1ab7" language="English" custom="readingOrder {index:1;}">
                    <Coords points="273,6189 636,6189 636,6308 273,6308"/>
                    <TextEquiv>
                        <Unicode>Grèce</Unicode>
                    </TextEquiv>
                    <TextStyle fontFamily="Times New Roman" fontSize="12.0"/>
                </Word>
                <Word id="w_w2aab1b1b2c47b1ac19" language="English" custom="readingOrder {index:2;}">
                    <Coords points="669,6199 1084,6199 1084,6313 669,6313"/>
                    <TextEquiv>
                        <Unicode>a-t’elle</Unicode>
                    </TextEquiv>
                    <TextStyle fontFamily="Times New Roman" fontSize="12.0"/>
                </Word>
                <Word id="w_w2aab1b1b2c47b1ac37" language="English" custom="readingOrder {index:3;}">
                    <Coords points="1113,6240 1460,6240 1460,6320 1113,6320"/>
                    <TextEquiv>
                        <Unicode>encor</Unicode>
                    </TextEquiv>
                    <TextStyle fontFamily="Times New Roman" fontSize="12.0"/>
                </Word>
                <Word id="w_w2aab1b1b2c47b1ac49" language="English" custom="readingOrder {index:4;}">
                    <Coords points="1508,6214 1970,6214 1970,6375 1508,6375"/>
                    <TextEquiv>
                        <Unicode>quelque</Unicode>
                    </TextEquiv>
                    <TextStyle fontFamily="Times New Roman" fontSize="12.0"/>
                </Word>
                <Word id="w_w2aab1b1b2c47b1ac65" language="English" custom="readingOrder {index:5;}">
                    <Coords points="1999,6301 2011,6301 2011,6320 1999,6320"/>
                    <TextEquiv>
                        <Unicode>«</Unicode>
                    </TextEquiv>
                    <TextStyle fontFamily="Times New Roman" fontSize="12.0"/>
                </Word>
                <Word id="w_w2aab1b1b2c47b1ac69" language="English" custom="readingOrder {index:6;}">
                    <Coords points="2041,6220 2300,6220 2300,6335 2041,6335"/>
                    <TextEquiv>
                        <Unicode>iroit</Unicode>
                    </TextEquiv>
                    <TextStyle fontFamily="Times New Roman" fontSize="12.0"/>
                </Word>
                <Word id="w_w2aab1b1b2c47b1ac81" language="English" custom="readingOrder {index:7;}">
                    <Coords points="2349,6214 2506,6214 2506,6330 2349,6330"/>
                    <TextEquiv>
                        <Unicode>fur</Unicode>
                    </TextEquiv>
                    <TextStyle fontFamily="Times New Roman" fontSize="12.0"/>
                </Word>
                <Word id="w_w2aab1b1b2c47b1ac89" language="English" custom="readingOrder {index:8;}">
                    <Coords points="2539,6205 2637,6205 2637,6330 2539,6330"/>
                    <TextEquiv>
                        <Unicode>fi</Unicode>
                    </TextEquiv>
                    <TextStyle fontFamily="Times New Roman" fontSize="12.0"/>
                </Word>
                <Word id="w_w2aab1b1b2c47b1ac95" language="English" custom="readingOrder {index:9;}">
                    <Coords points="2673,6221 2846,6221 2846,6331 2673,6331"/>
                    <TextEquiv>
                        <Unicode>vie</Unicode>
                    </TextEquiv>
                    <TextStyle fontFamily="Times New Roman" fontSize="12.0"/>
                </Word>
                <Word id="w_w2aab1b1b2c47b1ad103" language="English" custom="readingOrder {index:10;}">
                    <Coords points="2879,6241 2912,6241 2912,6334 2879,6334"/>
                    <TextEquiv>
                        <Unicode>?</Unicode>
                    </TextEquiv>
                    <TextStyle fontFamily="Times New Roman" fontSize="12.0"/>
                </Word>
                <TextEquiv>
                    <Unicode>La Gréce a-t’elle encor quelque droit ſur ſa vie?</Unicode>
                </TextEquiv>
                <TextStyle fontFamily="Times New Roman" fontSize="12.0"/>
            </TextLine>
            <TextEquiv>
                <Unicode>La Gréce a-t’elle encor quelque droit ſur ſa vie?</Unicode>
            </TextEquiv>
        </TextRegion>
        <TextRegion type="paragraph" id="r_1_25" custom="readingOrder {index:24;}">
            <Coords points="79,6343 2931,6343 2931,6719 79,6719"/>
            <TextLine id="tl_35" primaryLanguage="English" custom="readingOrder {index:0;}">
                <Coords points="92,6344 2846,6344 2846,6543 92,6543"/>
                <Baseline points="93,6459 234,6458 466,6469 640,6469 914,6473 1090,6473 1482,6485 1666,6491 2156,6495 2846,6495"/>
                <Word id="w_w2aab1b1b2c49b1ab1" language="English" custom="readingOrder {index:0;}">
                    <Coords points="93,6344 234,6344 234,6459 93,6459"/>
                    <TextEquiv>
                        <Unicode>Et</Unicode>
                    </TextEquiv>
                    <TextStyle fontFamily="Times New Roman" fontSize="12.0"/>
                </Word>
                <Word id="w_w2aab1b1b2c49b1ab7" language="English" custom="readingOrder {index:1;}">
                    <Coords points="263,6354 466,6354 466,6469 263,6469"/>
                    <TextEquiv>
                        <Unicode>seul</Unicode>
                    </TextEquiv>
                    <TextStyle fontFamily="Times New Roman" fontSize="12.0"/>
                </Word>
                <Word id="w_w2aab1b1b2c49b1ac17" language="English" custom="readingOrder {index:2;}">
                    <Coords points="505,6358 640,6358 640,6474 505,6474"/>
                    <TextEquiv>
                        <Unicode>de</Unicode>
                    </TextEquiv>
                    <TextStyle fontFamily="Times New Roman" fontSize="12.0"/>
                </Word>
                <Word id="w_w2aab1b1b2c49b1ac23" language="English" custom="readingOrder {index:3;}">
                    <Coords points="669,6395 914,6395 914,6473 669,6473"/>
                    <TextEquiv>
                        <Unicode>tous</Unicode>
                    </TextEquiv>
                    <TextStyle fontFamily="Times New Roman" fontSize="12.0"/>
                </Word>
                <Word id="w_w2aab1b1b2c49b1ac33" language="English" custom="readingOrder {index:4;}">
                    <Coords points="943,6369 1090,6369 1090,6475 943,6475"/>
                    <TextEquiv>
                        <Unicode>les</Unicode>
                    </TextEquiv>
                    <TextStyle fontFamily="Times New Roman" fontSize="12.0"/>
                </Word>
                <Word id="w_w2aab1b1b2c49b1ac41" language="English" custom="readingOrder {index:5;}">
                    <Coords points="1133,6368 1482,6368 1482,6485 1133,6485"/>
                    <TextEquiv>
                        <Unicode>Grecs</Unicode>
                    </TextEquiv>
                    <TextStyle fontFamily="Times New Roman" fontSize="12.0"/>
                </Word>
                <Word id="w_w2aab1b1b2c49b1ac53" language="English" custom="readingOrder {index:6;}">
                    <Coords points="1515,6415 1666,6415 1666,6491 1515,6491"/>
                    <TextEquiv>
                        <Unicode>ne</Unicode>
                    </TextEquiv>
                    <TextStyle fontFamily="Times New Roman" fontSize="12.0"/>
                </Word>
                <Word id="w_w2aab1b1b2c49b1ac59" language="English" custom="readingOrder {index:7;}">
                    <Coords points="1695,6374 2156,6374 2156,6497 1695,6497"/>
                    <TextEquiv>
                        <Unicode>m’eft-il</Unicode>
                    </TextEquiv>
                    <TextStyle fontFamily="Times New Roman" fontSize="12.0"/>
                </Word>
                <Word id="w_w2aab1b1b2c49b1ac77" language="English" custom="readingOrder {index:8;}">
                    <Coords points="2200,6386 2846,6386 2846,6536 2200,6536"/>
                    <TextEquiv>
                        <Unicode>pas-permis</Unicode>
                    </TextEquiv>
                    <TextStyle fontFamily="Times New Roman" fontSize="12.0"/>
                </Word>
                <TextEquiv>
                    <Unicode>Et ſeul de tous les Grecs ne m’eſt-il pas permis</Unicode>
                </TextEquiv>
                <TextStyle fontFamily="Times New Roman" fontSize="12.0"/>
            </TextLine>
            <TextLine id="tl_36" primaryLanguage="English" custom="readingOrder {index:1;}">
                <Coords points="80,6504 2930,6504 2930,6718 80,6718"/>
                <Baseline points="81,6624 832,6640 1054,6645 1532,6649 1780,6661 1898,6660 2196,6664 2452,6669 2929,6670"/>
                <Word id="w_w2aab1b1b2c49b3ab1" language="English" custom="readingOrder {index:0;}">
                    <Coords points="81,6504 832,6504 832,6644 81,6644"/>
                    <TextEquiv>
                        <Unicode>D'ordonner</Unicode>
                    </TextEquiv>
                    <TextStyle fontFamily="Times New Roman" fontSize="12.0"/>
                </Word>
                <Word id="w_w2aab1b1b2c49b3ac23" language="English" custom="readingOrder {index:1;}">
                    <Coords points="865,6524 1054,6524 1054,6645 865,6645"/>
                    <TextEquiv>
                        <Unicode>des</Unicode>
                    </TextEquiv>
                    <TextStyle fontFamily="Times New Roman" fontSize="12.0"/>
                </Word>
                <Word id="w_w2aab1b1b2c49b3ac31" language="English" custom="readingOrder {index:2;}">
                    <Coords points="1103,6534 1532,6534 1532,6691 1103,6691"/>
                    <TextEquiv>
                        <Unicode>Captifs</Unicode>
                    </TextEquiv>
                    <TextStyle fontFamily="Times New Roman" fontSize="12.0"/>
                </Word>
                <Word id="w_w2aab1b1b2c49b3ac47" language="English" custom="readingOrder {index:3;}">
                    <Coords points="1572,6580 1780,6580 1780,6701 1572,6701"/>
                    <TextEquiv>
                        <Unicode>que</Unicode>
                    </TextEquiv>
                    <TextStyle fontFamily="Times New Roman" fontSize="12.0"/>
                </Word>
                <Word id="w_w2aab1b1b2c49b3ac55" language="English" custom="readingOrder {index:4;}">
                    <Coords points="1805,6545 1898,6545 1898,6665 1805,6665"/>
                    <TextEquiv>
                        <Unicode>le</Unicode>
                    </TextEquiv>
                    <TextStyle fontFamily="Times New Roman" fontSize="12.0"/>
                </Word>
                <Word id="w_w2aab1b1b2c49b3ac61" language="English" custom="readingOrder {index:5;}">
                    <Coords points="1926,6554 2196,6554 2196,6670 1926,6670"/>
                    <TextEquiv>
                        <Unicode>Sort</Unicode>
                    </TextEquiv>
                    <TextStyle fontFamily="Times New Roman" fontSize="12.0"/>
                </Word>
                <Word id="w_w2aab1b1b2c49b3ac71" language="English" custom="readingOrder {index:6;}">
                    <Coords points="2220,6585 2452,6585 2452,6674 2220,6674"/>
                    <TextEquiv>
                        <Unicode>nia</Unicode>
                    </TextEquiv>
                    <TextStyle fontFamily="Times New Roman" fontSize="12.0"/>
                </Word>
                <Word id="w_w2aab1b1b2c49b3ac79" language="English" custom="readingOrder {index:7;}">
                    <Coords points="2485,6540 2929,6540 2929,6676 2485,6676"/>
                    <TextEquiv>
                        <Unicode>fournis*</Unicode>
                    </TextEquiv>
                    <TextStyle fontFamily="Times New Roman" fontSize="12.0"/>
                </Word>
                <TextEquiv>
                    <Unicode>D'ordonner des Captifs que le Sort m'a ſoumis.</Unicode>
                </TextEquiv>
                <TextStyle fontFamily="Times New Roman" fontSize="12.0"/>
            </TextLine>
            <TextEquiv>
                <Unicode>Et ſeul de tous les Grecs ne m’eſt-il pas permis
D'ordonner des Captifs que le Sort m'a ſoumis.</Unicode>
            </TextEquiv>
        </TextRegion>
        <SeparatorRegion id="r_2" custom="readingOrder {index:25;}">
            <Coords points="550,95 4079,95 4079,137 550,137"/>
        </SeparatorRegion>
        <SeparatorRegion id="r_3" custom="readingOrder {index:26;}">
            <Coords points="2,99 551,99 551,119 2,119"/>
        </SeparatorRegion>
    </Page>
</PcGts>
