<?xml version="1.0" encoding="UTF-8" standalone="yes"?>
<PcGts xmlns="http://schema.primaresearch.org/PAGE/gts/pagecontent/2013-07-15" xmlns:xsi="http://www.w3.org/2001/XMLSchema-instance" xsi:schemaLocation="http://schema.primaresearch.org/PAGE/gts/pagecontent/2013-07-15 http://schema.primaresearch.org/PAGE/gts/pagecontent/2013-07-15/pagecontent.xsd">
    <Metadata>
        <Creator></Creator>
        <Created>2019-01-04T12:56:34.952+01:00</Created>
        <LastChange>2019-09-29T13:41:44.556+02:00</LastChange>
        <Comments>
                Measurement unit: pixel
                PrimaryLanguage: English
                Language: FrenchStandard
                Producer: ABBYY FineReader Engine 11</Comments>
        <TranskribusMetadata docId="189251" pageId="7488961" pageNr="169" tsid="16134296" status="DONE" userId="10612" imgUrl="https://files.transkribus.eu/Get?id=GRLAGYDBSKCYBDSRTBVATZWB&amp;fileType=view" xmlUrl="https://files.transkribus.eu/Get?id=XSOHLZHYKFFAOSLQRNTOKEOZ" imageId="2284721"/>
    </Metadata>
    <Page imageFilename="Racine1676_Oeuvres1_cb31168676r_corrected_0169.png" imageWidth="4267" imageHeight="7877">
        <PrintSpace>
            <Coords points="88,99 4165,99 4165,6954 88,6954"/>
        </PrintSpace>
        <ReadingOrder>
            <OrderedGroup id="ro_1604235672966" caption="Regions reading order">
                <RegionRefIndexed index="0" regionRef="region_1546603015652_850"/>
                <RegionRefIndexed index="1" regionRef="region_1546603085497_868"/>
                <RegionRefIndexed index="2" regionRef="r_1_1"/>
                <RegionRefIndexed index="3" regionRef="r_1_2"/>
                <RegionRefIndexed index="4" regionRef="r_2_1"/>
                <RegionRefIndexed index="5" regionRef="r_2_2"/>
                <RegionRefIndexed index="6" regionRef="r_2_3"/>
                <RegionRefIndexed index="7" regionRef="r_2_4"/>
                <RegionRefIndexed index="8" regionRef="r_2_5"/>
                <RegionRefIndexed index="9" regionRef="r_2_6"/>
                <RegionRefIndexed index="10" regionRef="r_2_7"/>
                <RegionRefIndexed index="11" regionRef="r_2_8"/>
                <RegionRefIndexed index="12" regionRef="r_2_9"/>
                <RegionRefIndexed index="13" regionRef="r_2_10"/>
                <RegionRefIndexed index="14" regionRef="r_2_11"/>
                <RegionRefIndexed index="15" regionRef="r_2_12"/>
            </OrderedGroup>
        </ReadingOrder>
        <TextRegion id="region_1546603015652_850" custom="readingOrder {index:0;}">
            <Coords points="1104,789 1101,969 2478,969 2481,789"/>
            <TextLine id="line_1546603015787_853" custom="readingOrder {index:0;}">
                <Coords points="1108,786 2484,811 2477,969 1101,944"/>
                <Baseline points="1101,939 2477,964"/>
                <Word id="word_1546603139794_889" custom="readingOrder {index:0;}">
                    <Coords points="1111,788 2475,788 2475,964 1111,964"/>
                    <TextEquiv>
                        <Unicode></Unicode>
                    </TextEquiv>
                </Word>
                <TextEquiv>
                    <Unicode>TRAGEDIE.</Unicode>
                </TextEquiv>
            </TextLine>
            <TextEquiv>
                <Unicode>TRAGEDIE.</Unicode>
            </TextEquiv>
        </TextRegion>
        <TextRegion id="region_1546603085497_868" custom="readingOrder {index:1;}">
            <Coords points="3200,879 3201,1028 3455,1028 3454,879"/>
            <TextLine id="line_1546603085714_871" custom="readingOrder {index:0;}">
                <Coords points="3199,880 3452,882 3454,1028 3201,1026"/>
                <Baseline points="3202,988 3449,989"/>
                <Word id="word_1546603127055_885" custom="readingOrder {index:0;}">
                    <Coords points="3201,881 3450,881 3450,1026 3201,1026"/>
                    <TextEquiv>
                        <Unicode></Unicode>
                    </TextEquiv>
                </Word>
                <TextEquiv>
                    <Unicode>147</Unicode>
                </TextEquiv>
            </TextLine>
            <TextEquiv>
                <Unicode>147</Unicode>
            </TextEquiv>
        </TextRegion>
        <TextRegion type="paragraph" id="r_1_1" custom="readingOrder {index:2;}">
            <Coords points="178,1990 3423,1990 3423,2415 178,2415"/>
            <TextLine id="tl_1" primaryLanguage="English" custom="readingOrder {index:0;}">
                <Coords points="179,1991 3422,1991 3422,2414 179,2414"/>
                <Baseline points="180,2281 3420,2302"/>
                <Word id="w_w2aab1b1b2b1b1ab1" language="English" custom="readingOrder {index:0;}">
                    <Coords points="180,1991 3420,1991 3420,2411 180,2411"/>
                    <TextEquiv>
                        <Unicode>ANDROMAQJJE.</Unicode>
                    </TextEquiv>
                    <TextStyle fontFamily="Times New Roman" fontSize="33.0"/>
                </Word>
                <TextEquiv>
                    <Unicode>ANDROMAQUE.</Unicode>
                </TextEquiv>
                <TextStyle fontFamily="Times New Roman" fontSize="33.0"/>
            </TextLine>
            <TextEquiv>
                <Unicode>ANDROMAQUE.</Unicode>
            </TextEquiv>
        </TextRegion>
        <TextRegion type="paragraph" id="r_1_2" custom="readingOrder {index:3;}">
            <Coords points="640,2498 3027,2498 3027,2772 640,2772"/>
            <TextLine id="tl_2" primaryLanguage="English" custom="readingOrder {index:0;}">
                <Coords points="641,2499 3026,2499 3026,2771 641,2771"/>
                <Baseline points="641,2708 3025,2771"/>
                <Word id="w_w2aab1b1b2b3b1ab1" language="English" custom="readingOrder {index:0;}">
                    <Coords points="641,2499 3025,2499 3025,2771 641,2771"/>
                    <TextEquiv>
                        <Unicode>TRAGEDIE.</Unicode>
                    </TextEquiv>
                    <TextStyle fontFamily="Times New Roman" fontSize="24.0" italic="true"/>
                </Word>
                <TextEquiv>
                    <Unicode>TRAGEDIE.</Unicode>
                </TextEquiv>
                <TextStyle fontFamily="Times New Roman" fontSize="24.0" italic="true"/>
            </TextLine>
            <TextEquiv>
                <Unicode>TRAGEDIE.</Unicode>
            </TextEquiv>
        </TextRegion>
        <TextRegion type="paragraph" id="r_2_1" custom="readingOrder {index:4;}">
            <Coords points="755,3178 2767,3178 2767,3498 755,3498"/>
            <TextLine id="tl_3" primaryLanguage="English" custom="readingOrder {index:0;}">
                <Coords points="756,3179 2766,3179 2766,3497 756,3497"/>
                <Baseline points="756,3461 2262,3486 2764,3497"/>
                <Word id="w_w2aab1b3b2b1b1ab1" language="English" custom="readingOrder {index:0;}">
                    <Coords points="756,3179 2262,3179 2262,3486 756,3486"/>
                    <TextEquiv>
                        <Unicode>ACTE</Unicode>
                    </TextEquiv>
                    <TextStyle fontFamily="Times New Roman" fontSize="33.0"/>
                </Word>
                <Word id="w_w2aab1b3b2b1b1ac11" language="English" custom="readingOrder {index:1;}">
                    <Coords points="2588,3224 2764,3224 2764,3497 2588,3497"/>
                    <TextEquiv>
                        <Unicode>I.</Unicode>
                    </TextEquiv>
                    <TextStyle fontFamily="Times New Roman" fontSize="33.0"/>
                </Word>
                <TextEquiv>
                    <Unicode>ACTE I.</Unicode>
                </TextEquiv>
                <TextStyle fontFamily="Times New Roman" fontSize="33.0"/>
            </TextLine>
            <TextEquiv>
                <Unicode>ACTE I.</Unicode>
            </TextEquiv>
        </TextRegion>
        <TextRegion type="paragraph" id="r_2_2" custom="readingOrder {index:5;}">
            <Coords points="343,3704 3211,3704 3211,3958 343,3958"/>
            <TextLine id="tl_4" primaryLanguage="English" custom="readingOrder {index:0;}">
                <Coords points="344,3705 3210,3705 3210,3957 344,3957"/>
                <Baseline points="345,3889 1362,3912 3209,3949"/>
                <Word id="w_w2aab1b3b2b3b1ab1" language="English" custom="readingOrder {index:0;}">
                    <Coords points="345,3705 1362,3705 1362,3918 345,3918"/>
                    <TextEquiv>
                        <Unicode>SCENE</Unicode>
                    </TextEquiv>
                    <TextStyle fontFamily="Times New Roman" fontSize="21.0"/>
                </Word>
                <Word id="w_w2aab1b3b2b3b1ac13" language="English" custom="readingOrder {index:1;}">
                    <Coords points="1577,3721 3209,3721 3209,3955 1577,3955"/>
                    <TextEquiv>
                        <Unicode>PREMIERE.</Unicode>
                    </TextEquiv>
                    <TextStyle fontFamily="Times New Roman" fontSize="21.0"/>
                </Word>
                <TextEquiv>
                    <Unicode>SCENE PREMIERE.</Unicode>
                </TextEquiv>
                <TextStyle fontFamily="Times New Roman" fontSize="21.0"/>
            </TextLine>
            <TextEquiv>
                <Unicode>SCENE PREMIERE.</Unicode>
            </TextEquiv>
        </TextRegion>
        <TextRegion type="paragraph" id="r_2_3" custom="readingOrder {index:6;}">
            <Coords points="509,4137 3016,4137 3016,4348 509,4348"/>
            <TextLine id="tl_5" primaryLanguage="English" custom="readingOrder {index:0;}">
                <Coords points="510,4138 3015,4138 3015,4347 510,4347"/>
                <Baseline points="510,4283 1702,4338 3014,4323"/>
                <Word id="w_w2aab1b3b2b5b1ab1" language="English" custom="readingOrder {index:0;}">
                    <Coords points="510,4138 1702,4138 1702,4338 510,4338"/>
                    <TextEquiv>
                        <Unicode>OR.ESTE.</Unicode>
                    </TextEquiv>
                    <TextStyle fontFamily="Times New Roman" fontSize="16.0"/>
                </Word>
                <Word id="w_w2aab1b3b2b5b1ac19" language="English" custom="readingOrder {index:1;}">
                    <Coords points="1862,4163 3014,4163 3014,4323 1862,4323"/>
                    <TextEquiv>
                        <Unicode>PYLADE.</Unicode>
                    </TextEquiv>
                    <TextStyle fontFamily="Times New Roman" fontSize="16.0"/>
                </Word>
                <TextEquiv>
                    <Unicode>ORESTE, PYLADE.</Unicode>
                </TextEquiv>
                <TextStyle fontFamily="Times New Roman" fontSize="16.0"/>
            </TextLine>
            <TextEquiv>
                <Unicode>ORESTE, PYLADE.</Unicode>
            </TextEquiv>
        </TextRegion>
        <TextRegion type="paragraph" id="r_2_4" custom="readingOrder {index:7;}">
            <Coords points="1418,4519 2221,4519 2221,4663 1418,4663"/>
            <TextLine id="tl_6" primaryLanguage="English" custom="readingOrder {index:0;}">
                <Coords points="1419,4520 2220,4520 2220,4662 1419,4662"/>
                <Baseline points="1420,4633 1532,4633 1676,4642 2220,4662"/>
                <Word id="w_w2aab1b3b2b7b1ab1" language="English" custom="readingOrder {index:0;}">
                    <Coords points="1420,4520 1532,4520 1532,4633 1420,4633"/>
                    <TextEquiv>
                        <Unicode>O</Unicode>
                    </TextEquiv>
                    <TextStyle fontFamily="Times New Roman" fontSize="12.0"/>
                </Word>
                <Word id="w_w2aab1b3b2b7b1ab5" language="English" custom="readingOrder {index:1;}">
                    <Coords points="1580,4521 1676,4521 1676,4642 1580,4642"/>
                    <TextEquiv>
                        <Unicode>R</Unicode>
                    </TextEquiv>
                    <TextStyle fontFamily="Times New Roman" fontSize="12.0"/>
                </Word>
                <Word id="w_w2aab1b3b2b7b1ab9" language="English" custom="readingOrder {index:2;}">
                    <Coords points="1724,4522 2220,4522 2220,4662 1724,4662"/>
                    <TextEquiv>
                        <Unicode>ESTE.</Unicode>
                    </TextEquiv>
                    <TextStyle fontFamily="Times New Roman" fontSize="12.0"/>
                </Word>
                <TextEquiv>
                    <Unicode>ORESTE.</Unicode>
                </TextEquiv>
                <TextStyle fontFamily="Times New Roman" fontSize="12.0"/>
            </TextLine>
            <TextEquiv>
                <Unicode>ORESTE.</Unicode>
            </TextEquiv>
        </TextRegion>
        <TextRegion type="paragraph" id="r_2_5" custom="readingOrder {index:8;}">
            <Coords points="143,4771 3281,4771 3281,5111 143,5111"/>
            <TextLine id="tl_7" primaryLanguage="English" custom="readingOrder {index:0;}">
                <Coords points="144,4772 3280,4772 3280,5084 144,5084"/>
                <Baseline points="144,5064 446,5064 588,4905 725,4904 817,4929 1129,4893 1397,4893 1549,4894 2093,4904 2305,4905 2669,4952 2792,4915 3197,4933 3279,4966"/>
                <Word id="w_w2aab1b3b2b9b1ab1" language="English" custom="readingOrder {index:0;}">
                    <Coords points="144,4790 446,4790 446,5064 144,5064"/>
                    <TextEquiv>
                        <Unicode>O</Unicode>
                    </TextEquiv>
                    <TextStyle fontFamily="Times New Roman" fontSize="31.0"/>
                </Word>
                <Word id="w_w2aab1b3b2b9b1b1b1" language="English" custom="readingOrder {index:1;}">
                    <Coords points="473,4784 588,4784 588,4905 473,4905"/>
                    <TextEquiv>
                        <Unicode>U</Unicode>
                    </TextEquiv>
                    <TextStyle fontFamily="Times New Roman" fontSize="12.0"/>
                </Word>
                <Word id="w_w2aab1b3b2b9b1b1b5" language="English" custom="readingOrder {index:2;}">
                    <Coords points="631,4800 725,4800 725,4929 631,4929"/>
                    <TextEquiv>
                        <Unicode>Y</Unicode>
                    </TextEquiv>
                    <TextStyle fontFamily="Times New Roman" fontSize="12.0"/>
                </Word>
                <Word id="w_w2aab1b3b2b9b1b2b1" language="English" custom="readingOrder {index:3;}">
                    <Coords points="785,4877 817,4877 817,4929 785,4929"/>
                    <TextEquiv>
                        <Unicode>,</Unicode>
                    </TextEquiv>
                    <TextStyle fontFamily="Times New Roman" fontSize="40.0"/>
                </Word>
                <Word id="w_w2aab1b3b2b9b1b3b5" language="English" custom="readingOrder {index:4;}">
                    <Coords points="892,4790 1129,4790 1129,4940 892,4940"/>
                    <TextEquiv>
                        <Unicode>puis</Unicode>
                    </TextEquiv>
                    <TextStyle fontFamily="Times New Roman" fontSize="12.0"/>
                </Word>
                <Word id="w_w2aab1b3b2b9b1b3c15" language="English" custom="readingOrder {index:5;}">
                    <Coords points="1184,4815 1397,4815 1397,4940 1184,4940"/>
                    <TextEquiv>
                        <Unicode>que</Unicode>
                    </TextEquiv>
                    <TextStyle fontFamily="Times New Roman" fontSize="12.0"/>
                </Word>
                <Word id="w_w2aab1b3b2b9b1b3c23" language="English" custom="readingOrder {index:6;}">
                    <Coords points="1441,4789 1549,4789 1549,4935 1441,4935"/>
                    <TextEquiv>
                        <Unicode>je</Unicode>
                    </TextEquiv>
                    <TextStyle fontFamily="Times New Roman" fontSize="12.0"/>
                </Word>
                <Word id="w_w2aab1b3b2b9b1b3c29" language="English" custom="readingOrder {index:7;}">
                    <Coords points="1585,4821 2093,4821 2093,4905 1585,4905"/>
                    <TextEquiv>
                        <Unicode>retrouve</Unicode>
                    </TextEquiv>
                    <TextStyle fontFamily="Times New Roman" fontSize="12.0"/>
                </Word>
                <Word id="w_w2aab1b3b2b9b1b3c47" language="English" custom="readingOrder {index:8;}">
                    <Coords points="2149,4832 2305,4832 2305,4909 2149,4909"/>
                    <TextEquiv>
                        <Unicode>un</Unicode>
                    </TextEquiv>
                    <TextStyle fontFamily="Times New Roman" fontSize="12.0"/>
                </Word>
                <Word id="w_w2aab1b3b2b9b1b3c53" language="English" custom="readingOrder {index:9;}">
                    <Coords points="2379,4800 2669,4800 2669,4952 2379,4952"/>
                    <TextEquiv>
                        <Unicode>Amy</Unicode>
                    </TextEquiv>
                    <TextStyle fontFamily="Times New Roman" fontSize="12.0"/>
                </Word>
                <Word id="w_w2aab1b3b2b9b1b3c61" language="English" custom="readingOrder {index:10;}">
                    <Coords points="2719,4790 2792,4790 2792,4915 2719,4915"/>
                    <TextEquiv>
                        <Unicode>fi</Unicode>
                    </TextEquiv>
                    <TextStyle fontFamily="Times New Roman" fontSize="12.0"/>
                </Word>
                <Word id="w_w2aab1b3b2b9b1b3c67" language="English" custom="readingOrder {index:11;}">
                    <Coords points="2851,4799 3197,4799 3197,4933 2851,4933"/>
                    <TextEquiv>
                        <Unicode>fidelle</Unicode>
                    </TextEquiv>
                    <TextStyle fontFamily="Times New Roman" fontSize="12.0"/>
                </Word>
                <Word id="w_w2aab1b3b2b9b1b3c83" language="English" custom="readingOrder {index:12;}">
                    <Coords points="3240,4904 3279,4904 3279,4966 3240,4966"/>
                    <TextEquiv>
                        <Unicode>A</Unicode>
                    </TextEquiv>
                    <TextStyle fontFamily="Times New Roman" fontSize="12.0"/>
                </Word>
                <TextEquiv>
                    <Unicode>OUY, puis que je retrouve un Amy ſi fidelle,</Unicode>
                </TextEquiv>
            </TextLine>
            <TextLine id="tl_8" primaryLanguage="English" custom="readingOrder {index:1;}">
                <Coords points="481,4942 3058,4942 3058,5110 481,5110"/>
                <Baseline points="482,5069 694,5068 1212,5058 1386,5053 1894,5068 2156,5068 2428,5074 2992,5084 3058,5092"/>
                <Word id="w_w2aab1b3b2b9b3ab1" language="English" custom="readingOrder {index:0;}">
                    <Coords points="482,4958 694,4958 694,5069 482,5069"/>
                    <TextEquiv>
                        <Unicode>Ma</Unicode>
                    </TextEquiv>
                    <TextStyle fontFamily="Times New Roman" fontSize="12.0"/>
                </Word>
                <Word id="w_w2aab1b3b2b9b3ab7" language="English" custom="readingOrder {index:1;}">
                    <Coords points="738,4960 1212,4960 1212,5069 738,5069"/>
                    <TextEquiv>
                        <Unicode>Fortune</Unicode>
                    </TextEquiv>
                    <TextStyle fontFamily="Times New Roman" fontSize="12.0"/>
                </Word>
                <Word id="w_w2aab1b3b2b9b3ac23" language="English" custom="readingOrder {index:2;}">
                    <Coords points="1242,4984 1386,4984 1386,5058 1242,5058"/>
                    <TextEquiv>
                        <Unicode>va</Unicode>
                    </TextEquiv>
                    <TextStyle fontFamily="Times New Roman" fontSize="12.0"/>
                </Word>
                <Word id="w_w2aab1b3b2b9b3ac29" language="English" custom="readingOrder {index:3;}">
                    <Coords points="1415,4953 1894,4953 1894,5099 1415,5099"/>
                    <TextEquiv>
                        <Unicode>prendre</Unicode>
                    </TextEquiv>
                    <TextStyle fontFamily="Times New Roman" fontSize="12.0"/>
                </Word>
                <Word id="w_w2aab1b3b2b9b3ac45" language="English" custom="readingOrder {index:4;}">
                    <Coords points="1938,4991 2156,4991 2156,5068 1938,5068"/>
                    <TextEquiv>
                        <Unicode>une</Unicode>
                    </TextEquiv>
                    <TextStyle fontFamily="Times New Roman" fontSize="12.0"/>
                </Word>
                <Word id="w_w2aab1b3b2b9b3ac53" language="English" custom="readingOrder {index:5;}">
                    <Coords points="2190,4954 2428,4954 2428,5074 2190,5074"/>
                    <TextEquiv>
                        <Unicode>face</Unicode>
                    </TextEquiv>
                    <TextStyle fontFamily="Times New Roman" fontSize="12.0"/>
                </Word>
                <Word id="w_w2aab1b3b2b9b3ac63" language="English" custom="readingOrder {index:6;}">
                    <Coords points="2482,4969 2992,4969 2992,5084 2482,5084"/>
                    <TextEquiv>
                        <Unicode>nouvelle</Unicode>
                    </TextEquiv>
                    <TextStyle fontFamily="Times New Roman" fontSize="12.0"/>
                </Word>
                <Word id="w_w2aab1b3b2b9b3ac81" language="English" custom="readingOrder {index:7;}">
                    <Coords points="3031,5026 3058,5026 3058,5092 3031,5092"/>
                    <TextEquiv>
                        <Unicode>;</Unicode>
                    </TextEquiv>
                    <TextStyle fontFamily="Times New Roman" fontSize="12.0"/>
                </Word>
                <TextEquiv>
                    <Unicode>Ma Fortune va prendre une face nouvelle;</Unicode>
                </TextEquiv>
                <TextStyle fontFamily="Times New Roman" fontSize="12.0"/>
            </TextLine>
            <TextEquiv>
                <Unicode>OUY, puis que je retrouve un Amy ſi fidelle,
Ma Fortune va prendre une face nouvelle;</Unicode>
            </TextEquiv>
        </TextRegion>
        <TextRegion type="paragraph" id="r_2_6" custom="readingOrder {index:9;}">
            <Coords points="137,5093 2748,5093 2748,5291 137,5291"/>
            <TextLine id="tl_9" primaryLanguage="English" custom="readingOrder {index:0;}">
                <Coords points="138,5094 2747,5094 2747,5290 138,5290"/>
                <Baseline points="138,5229 273,5227 571,5233 811,5233 1397,5217 1847,5234 2247,5237 2747,5268"/>
                <Word id="w_w2aab1b3b2c11b1ab1" language="English" custom="readingOrder {index:0;}">
                    <Coords points="138,5118 273,5118 273,5229 138,5229"/>
                    <TextEquiv>
                        <Unicode>Et</Unicode>
                    </TextEquiv>
                    <TextStyle fontFamily="Times New Roman" fontSize="12.0"/>
                </Word>
                <Word id="w_w2aab1b3b2c11b1ab7" language="English" custom="readingOrder {index:1;}">
                    <Coords points="308,5114 571,5114 571,5275 308,5275"/>
                    <TextEquiv>
                        <Unicode>déjà</Unicode>
                    </TextEquiv>
                    <TextStyle fontFamily="Times New Roman" fontSize="12.0"/>
                </Word>
                <Word id="w_w2aab1b3b2c11b1ac17" language="English" custom="readingOrder {index:2;}">
                    <Coords points="614,5113 811,5113 811,5233 614,5233"/>
                    <TextEquiv>
                        <Unicode>fou</Unicode>
                    </TextEquiv>
                    <TextStyle fontFamily="Times New Roman" fontSize="12.0"/>
                </Word>
                <Word id="w_w2aab1b3b2c11b1ac25" language="English" custom="readingOrder {index:3;}">
                    <Coords points="846,5144 1397,5144 1397,5233 846,5233"/>
                    <TextEquiv>
                        <Unicode>courroux</Unicode>
                    </TextEquiv>
                    <TextStyle fontFamily="Times New Roman" fontSize="12.0"/>
                </Word>
                <Word id="w_w2aab1b3b2c11b1ac43" language="English" custom="readingOrder {index:4;}">
                    <Coords points="1437,5103 1847,5103 1847,5234 1437,5234"/>
                    <TextEquiv>
                        <Unicode>ièmbîe</Unicode>
                    </TextEquiv>
                    <TextStyle fontFamily="Times New Roman" fontSize="12.0"/>
                </Word>
                <Word id="w_w2aab1b3b2c11b1ac57" language="English" custom="readingOrder {index:5;}">
                    <Coords points="1882,5113 2247,5113 2247,5237 1882,5237"/>
                    <TextEquiv>
                        <Unicode>s’eftre</Unicode>
                    </TextEquiv>
                    <TextStyle fontFamily="Times New Roman" fontSize="12.0"/>
                </Word>
                <Word id="w_w2aab1b3b2c11b1ac73" language="English" custom="readingOrder {index:6;}">
                    <Coords points="2276,5124 2747,5124 2747,5268 2276,5268"/>
                    <TextEquiv>
                        <Unicode>adouci,</Unicode>
                    </TextEquiv>
                    <TextStyle fontFamily="Times New Roman" fontSize="12.0"/>
                </Word>
                <TextEquiv>
                    <Unicode>Et déja ſon courroux ſemble s’eſtre adouci,</Unicode>
                </TextEquiv>
                <TextStyle fontFamily="Times New Roman" fontSize="12.0"/>
            </TextLine>
            <TextEquiv>
                <Unicode>Et déja ſon courroux ſemble s’eſtre adouci,</Unicode>
            </TextEquiv>
        </TextRegion>
        <TextRegion type="paragraph" id="r_2_7" custom="readingOrder {index:10;}">
            <Coords points="132,5267 3023,5267 3023,5459 132,5459"/>
            <TextLine id="tl_10" primaryLanguage="English" custom="readingOrder {index:0;}">
                <Coords points="133,5268 3022,5268 3022,5458 133,5458"/>
                <Baseline points="133,5391 570,5397 1012,5396 1140,5397 1398,5381 1684,5393 1870,5396 2176,5392 2796,5403 3021,5428"/>
                <Word id="w_w2aab1b3b2c13b1ab1" language="English" custom="readingOrder {index:0;}">
                    <Coords points="133,5278 570,5278 570,5432 133,5432"/>
                    <TextEquiv>
                        <Unicode>Depuis</Unicode>
                    </TextEquiv>
                    <TextStyle fontFamily="Times New Roman" fontSize="12.0"/>
                </Word>
                <Word id="w_w2aab1b3b2c13b1ac15" language="English" custom="readingOrder {index:1;}">
                    <Coords points="627,5287 1012,5287 1012,5442 627,5442"/>
                    <TextEquiv>
                        <Unicode>qu’elle</Unicode>
                    </TextEquiv>
                    <TextStyle fontFamily="Times New Roman" fontSize="12.0"/>
                </Word>
                <Word id="w_w2aab1b3b2c13b1ac31" language="English" custom="readingOrder {index:2;}">
                    <Coords points="1077,5323 1140,5323 1140,5397 1077,5397"/>
                    <TextEquiv>
                        <Unicode>a</Unicode>
                    </TextEquiv>
                    <TextStyle fontFamily="Times New Roman" fontSize="12.0"/>
                </Word>
                <Word id="w_w2aab1b3b2c13b1ac35" language="English" custom="readingOrder {index:3;}">
                    <Coords points="1175,5278 1398,5278 1398,5428 1175,5428"/>
                    <TextEquiv>
                        <Unicode>pris</Unicode>
                    </TextEquiv>
                    <TextStyle fontFamily="Times New Roman" fontSize="12.0"/>
                </Word>
                <Word id="w_w2aab1b3b2c13b1ac45" language="English" custom="readingOrder {index:4;}">
                    <Coords points="1451,5277 1684,5277 1684,5393 1451,5393"/>
                    <TextEquiv>
                        <Unicode>loin</Unicode>
                    </TextEquiv>
                    <TextStyle fontFamily="Times New Roman" fontSize="12.0"/>
                </Word>
                <Word id="w_w2aab1b3b2c13b1ac55" language="English" custom="readingOrder {index:5;}">
                    <Coords points="1733,5281 1870,5281 1870,5396 1733,5396"/>
                    <TextEquiv>
                        <Unicode>de</Unicode>
                    </TextEquiv>
                    <TextStyle fontFamily="Times New Roman" fontSize="12.0"/>
                </Word>
                <Word id="w_w2aab1b3b2c13b1ac61" language="English" custom="readingOrder {index:6;}">
                    <Coords points="1897,5318 2176,5318 2176,5397 1897,5397"/>
                    <TextEquiv>
                        <Unicode>nous</Unicode>
                    </TextEquiv>
                    <TextStyle fontFamily="Times New Roman" fontSize="12.0"/>
                </Word>
                <Word id="w_w2aab1b3b2c13b1ac71" language="English" custom="readingOrder {index:7;}">
                    <Coords points="2231,5287 2796,5287 2796,5442 2231,5442"/>
                    <TextEquiv>
                        <Unicode>rejoindre</Unicode>
                    </TextEquiv>
                    <TextStyle fontFamily="Times New Roman" fontSize="12.0"/>
                </Word>
                <Word id="w_w2aab1b3b2c13b1ac91" language="English" custom="readingOrder {index:8;}">
                    <Coords points="2825,5293 3021,5293 3021,5428 2825,5428"/>
                    <TextEquiv>
                        <Unicode>ici.</Unicode>
                    </TextEquiv>
                    <TextStyle fontFamily="Times New Roman" fontSize="12.0"/>
                </Word>
                <TextEquiv>
                    <Unicode>Depuis qu’elle a pris ſoin de nous rejoindre ici.</Unicode>
                </TextEquiv>
                <TextStyle fontFamily="Times New Roman" fontSize="12.0"/>
            </TextLine>
            <TextEquiv>
                <Unicode>Depuis qu’elle a pris ſoin de nous rejoindre ici.</Unicode>
            </TextEquiv>
        </TextRegion>
        <TextRegion type="paragraph" id="r_2_8" custom="readingOrder {index:11;}">
            <Coords points="127,5427 3266,5427 3266,5950 127,5950"/>
            <TextLine id="tl_11" primaryLanguage="English" custom="readingOrder {index:0;}">
                <Coords points="132,5428 3265,5428 3265,5622 132,5622"/>
                <Baseline points="132,5587 393,5556 833,5565 1443,5545 1865,5560 1967,5561 2243,5561 2633,5566 2751,5566 3264,5616"/>
                <Word id="w_w2aab1b3b2c15b1ab1" language="English" custom="readingOrder {index:0;}">
                    <Coords points="132,5442 393,5442 393,5587 132,5587"/>
                    <TextEquiv>
                        <Unicode>Qui</Unicode>
                    </TextEquiv>
                    <TextStyle fontFamily="Times New Roman" fontSize="12.0"/>
                </Word>
                <Word id="w_w2aab1b3b2c15b1ab9" language="English" custom="readingOrder {index:1;}">
                    <Coords points="436,5440 833,5440 833,5565 436,5565"/>
                    <TextEquiv>
                        <Unicode>m’euft</Unicode>
                    </TextEquiv>
                    <TextStyle fontFamily="Times New Roman" fontSize="12.0"/>
                </Word>
                <Word id="w_w2aab1b3b2c15b1ac23" language="English" custom="readingOrder {index:2;}">
                    <Coords points="866,5446 1443,5446 1443,5605 866,5605"/>
                    <TextEquiv>
                        <Unicode>dit,qu’un</Unicode>
                    </TextEquiv>
                    <TextStyle fontFamily="Times New Roman" fontSize="12.0"/>
                </Word>
                <Word id="w_w2aab1b3b2c15b1ac43" language="English" custom="readingOrder {index:3;}">
                    <Coords points="1478,5446 1865,5446 1865,5612 1478,5612"/>
                    <TextEquiv>
                        <Unicode>rivage</Unicode>
                    </TextEquiv>
                    <TextStyle fontFamily="Times New Roman" fontSize="12.0"/>
                </Word>
                <Word id="w_w2aab1b3b2c15b1ac57" language="English" custom="readingOrder {index:4;}">
                    <Coords points="1902,5450 1967,5450 1967,5561 1902,5561"/>
                    <TextEquiv>
                        <Unicode>à</Unicode>
                    </TextEquiv>
                    <TextStyle fontFamily="Times New Roman" fontSize="12.0"/>
                </Word>
                <Word id="w_w2aab1b3b2c15b1ac61" language="English" custom="readingOrder {index:5;}">
                    <Coords points="2006,5486 2243,5486 2243,5561 2006,5561"/>
                    <TextEquiv>
                        <Unicode>mes</Unicode>
                    </TextEquiv>
                    <TextStyle fontFamily="Times New Roman" fontSize="12.0"/>
                </Word>
                <Word id="w_w2aab1b3b2c15b1ac69" language="English" custom="readingOrder {index:6;}">
                    <Coords points="2282,5488 2633,5488 2633,5566 2282,5566"/>
                    <TextEquiv>
                        <Unicode>vœux</Unicode>
                    </TextEquiv>
                    <TextStyle fontFamily="Times New Roman" fontSize="12.0"/>
                </Word>
                <Word id="w_w2aab1b3b2c15b1ac79" language="English" custom="readingOrder {index:7;}">
                    <Coords points="2678,5446 2751,5446 2751,5566 2678,5566"/>
                    <TextEquiv>
                        <Unicode>fi</Unicode>
                    </TextEquiv>
                    <TextStyle fontFamily="Times New Roman" fontSize="12.0"/>
                </Word>
                <Word id="w_w2aab1b3b2c15b1ac85" language="English" custom="readingOrder {index:8;}">
                    <Coords points="2810,5451 3264,5451 3264,5616 2810,5616"/>
                    <TextEquiv>
                        <Unicode>funefte,</Unicode>
                    </TextEquiv>
                    <TextStyle fontFamily="Times New Roman" fontSize="12.0"/>
                </Word>
                <TextEquiv>
                    <Unicode>Qui m’euſt dit, qu’un rivage à mes vœux ſi funeſte,</Unicode>
                </TextEquiv>
                <TextStyle fontFamily="Times New Roman" fontSize="12.0"/>
            </TextLine>
            <TextLine id="tl_12" primaryLanguage="English" custom="readingOrder {index:1;}">
                <Coords points="129,5592 2988,5592 2988,5772 129,5772"/>
                <Baseline points="129,5715 848,5725 1376,5725 1816,5724 2063,5726 2365,5730 2919,5736 2987,5710"/>
                <Word id="w_w2aab1b3b2c15b3ab1" language="English" custom="readingOrder {index:0;}">
                    <Coords points="129,5606 848,5606 848,5725 129,5725"/>
                    <TextEquiv>
                        <Unicode>Prélênteroit</Unicode>
                    </TextEquiv>
                    <TextStyle fontFamily="Times New Roman" fontSize="12.0"/>
                </Word>
                <Word id="w_w2aab1b3b2c15b3ac27" language="English" custom="readingOrder {index:1;}">
                    <Coords points="909,5609 1376,5609 1376,5730 909,5730"/>
                    <TextEquiv>
                        <Unicode>d’abord</Unicode>
                    </TextEquiv>
                    <TextStyle fontFamily="Times New Roman" fontSize="12.0"/>
                </Word>
                <Word id="w_w2aab1b3b2c15b3ac43" language="English" custom="readingOrder {index:2;}">
                    <Coords points="1415,5610 1816,5610 1816,5760 1415,5760"/>
                    <TextEquiv>
                        <Unicode>Pylade</Unicode>
                    </TextEquiv>
                    <TextStyle fontFamily="Times New Roman" fontSize="12.0"/>
                </Word>
                <Word id="w_w2aab1b3b2c15b3ac57" language="English" custom="readingOrder {index:3;}">
                    <Coords points="1855,5651 2063,5651 2063,5731 1855,5731"/>
                    <TextEquiv>
                        <Unicode>aux</Unicode>
                    </TextEquiv>
                    <TextStyle fontFamily="Times New Roman" fontSize="12.0"/>
                </Word>
                <Word id="w_w2aab1b3b2c15b3ac65" language="English" custom="readingOrder {index:4;}">
                    <Coords points="2093,5650 2365,5650 2365,5766 2093,5766"/>
                    <TextEquiv>
                        <Unicode>yeux</Unicode>
                    </TextEquiv>
                    <TextStyle fontFamily="Times New Roman" fontSize="12.0"/>
                </Word>
                <Word id="w_w2aab1b3b2c15b3ac75" language="English" custom="readingOrder {index:5;}">
                    <Coords points="2401,5610 2919,5610 2919,5736 2401,5736"/>
                    <TextEquiv>
                        <Unicode>d’Orefte</Unicode>
                    </TextEquiv>
                    <TextStyle fontFamily="Times New Roman" fontSize="12.0"/>
                </Word>
                <Word id="w_w2aab1b3b2c15b3ac93" language="English" custom="readingOrder {index:6;}">
                    <Coords points="2965,5692 2987,5692 2987,5710 2965,5710"/>
                    <TextEquiv>
                        <Unicode>•</Unicode>
                    </TextEquiv>
                    <TextStyle fontFamily="Times New Roman" fontSize="12.0"/>
                </Word>
                <TextEquiv>
                    <Unicode>Préſenteroit d’abord Pylade aux yeux d’Oreſte;</Unicode>
                </TextEquiv>
                <TextStyle fontFamily="Times New Roman" fontSize="12.0"/>
            </TextLine>
            <TextLine id="tl_13" primaryLanguage="English" custom="readingOrder {index:2;}">
                <Coords points="128,5762 3069,5762 3069,5949 128,5949"/>
                <Baseline points="128,5919 684,5888 986,5888 1170,5889 1380,5885 1720,5889 1996,5893 2164,5894 2606,5893 3068,5939"/>
                <Word id="w_w2aab1b3b2c15b5ab1" language="English" custom="readingOrder {index:0;}">
                    <Coords points="128,5770 684,5770 684,5925 128,5925"/>
                    <TextEquiv>
                        <Unicode>Qudpres</Unicode>
                    </TextEquiv>
                    <TextStyle fontFamily="Times New Roman" fontSize="12.0"/>
                </Word>
                <Word id="w_w2aab1b3b2c15b5ac17" language="English" custom="readingOrder {index:1;}">
                    <Coords points="754,5779 986,5779 986,5931 754,5931"/>
                    <TextEquiv>
                        <Unicode>plus</Unicode>
                    </TextEquiv>
                    <TextStyle fontFamily="Times New Roman" fontSize="12.0"/>
                </Word>
                <Word id="w_w2aab1b3b2c15b5ac27" language="English" custom="readingOrder {index:2;}">
                    <Coords points="1036,5778 1170,5778 1170,5889 1036,5889"/>
                    <TextEquiv>
                        <Unicode>de</Unicode>
                    </TextEquiv>
                    <TextStyle fontFamily="Times New Roman" fontSize="12.0"/>
                </Word>
                <Word id="w_w2aab1b3b2c15b5ac33" language="English" custom="readingOrder {index:3;}">
                    <Coords points="1236,5770 1380,5770 1380,5885 1236,5885"/>
                    <TextEquiv>
                        <Unicode>fix</Unicode>
                    </TextEquiv>
                    <TextStyle fontFamily="Times New Roman" fontSize="12.0"/>
                </Word>
                <Word id="w_w2aab1b3b2c15b5ac41" language="English" custom="readingOrder {index:4;}">
                    <Coords points="1426,5779 1720,5779 1720,5893 1426,5893"/>
                    <TextEquiv>
                        <Unicode>mois</Unicode>
                    </TextEquiv>
                    <TextStyle fontFamily="Times New Roman" fontSize="12.0"/>
                </Word>
                <Word id="w_w2aab1b3b2c15b5ac51" language="English" custom="readingOrder {index:5;}">
                    <Coords points="1780,5816 1996,5816 1996,5940 1780,5940"/>
                    <TextEquiv>
                        <Unicode>que</Unicode>
                    </TextEquiv>
                    <TextStyle fontFamily="Times New Roman" fontSize="12.0"/>
                </Word>
                <Word id="w_w2aab1b3b2c15b5ac59" language="English" custom="readingOrder {index:6;}">
                    <Coords points="2052,5789 2164,5789 2164,5934 2052,5934"/>
                    <TextEquiv>
                        <Unicode>je</Unicode>
                    </TextEquiv>
                    <TextStyle fontFamily="Times New Roman" fontSize="12.0"/>
                </Word>
                <Word id="w_w2aab1b3b2c15b5ac65" language="English" custom="readingOrder {index:7;}">
                    <Coords points="2216,5785 2606,5785 2606,5898 2216,5898"/>
                    <TextEquiv>
                        <Unicode>t’avois</Unicode>
                    </TextEquiv>
                    <TextStyle fontFamily="Times New Roman" fontSize="12.0"/>
                </Word>
                <Word id="w_w2aab1b3b2c15b5ac81" language="English" custom="readingOrder {index:8;}">
                    <Coords points="2656,5789 3068,5789 3068,5939 2656,5939"/>
                    <TextEquiv>
                        <Unicode>perdu,</Unicode>
                    </TextEquiv>
                    <TextStyle fontFamily="Times New Roman" fontSize="12.0"/>
                </Word>
                <TextEquiv>
                    <Unicode>Qu'apres plus de ſix mois que je t’avois perdu,</Unicode>
                </TextEquiv>
                <TextStyle fontFamily="Times New Roman" fontSize="12.0"/>
            </TextLine>
            <TextEquiv>
                <Unicode>Qui m’euſt dit, qu’un rivage à mes vœux ſi funeſte,
Préſenteroit d’abord Pylade aux yeux d’Oreſte;
Qu'apres plus de ſix mois que je t’avois perdu,</Unicode>
            </TextEquiv>
        </TextRegion>
        <TextRegion type="paragraph" id="r_2_9" custom="readingOrder {index:12;}">
            <Coords points="121,5925 2782,5925 2782,6112 121,6112"/>
            <TextLine id="tl_14" primaryLanguage="English" custom="readingOrder {index:0;}">
                <Coords points="122,5926 2781,5926 2781,6111 122,6111"/>
                <Baseline points="123,6053 227,6053 397,6054 755,6052 961,6058 1505,6038 1669,6057 1929,6059 2119,6058 2299,6053 2715,6058 2781,6065"/>
                <Word id="w_w2aab1b3b2c17b1ab1" language="English" custom="readingOrder {index:0;}">
                    <Coords points="123,5938 227,5938 227,6053 123,6053"/>
                    <TextEquiv>
                        <Unicode>A</Unicode>
                    </TextEquiv>
                    <TextStyle fontFamily="Times New Roman" fontSize="12.0"/>
                </Word>
                <Word id="w_w2aab1b3b2c17b1ab5" language="English" custom="readingOrder {index:1;}">
                    <Coords points="293,5969 397,5969 397,6057 293,6057"/>
                    <TextEquiv>
                        <Unicode>ta</Unicode>
                    </TextEquiv>
                    <TextStyle fontFamily="Times New Roman" fontSize="12.0"/>
                </Word>
                <Word id="w_w2aab1b3b2c17b1ac11" language="English" custom="readingOrder {index:2;}">
                    <Coords points="447,5950 755,5950 755,6063 447,6063"/>
                    <TextEquiv>
                        <Unicode>Cour</Unicode>
                    </TextEquiv>
                    <TextStyle fontFamily="Times New Roman" fontSize="12.0"/>
                </Word>
                <Word id="w_w2aab1b3b2c17b1ac21" language="English" custom="readingOrder {index:3;}">
                    <Coords points="821,5945 961,5945 961,6058 821,6058"/>
                    <TextEquiv>
                        <Unicode>de</Unicode>
                    </TextEquiv>
                    <TextStyle fontFamily="Times New Roman" fontSize="12.0"/>
                </Word>
                <Word id="w_w2aab1b3b2c17b1ac27" language="English" custom="readingOrder {index:4;}">
                    <Coords points="1015,5934 1505,5934 1505,6099 1015,6099"/>
                    <TextEquiv>
                        <Unicode>Pyrrhus,</Unicode>
                    </TextEquiv>
                    <TextStyle fontFamily="Times New Roman" fontSize="12.0"/>
                </Word>
                <Word id="w_w2aab1b3b2c17b1ac45" language="English" custom="readingOrder {index:5;}">
                    <Coords points="1559,5974 1669,5974 1669,6057 1559,6057"/>
                    <TextEquiv>
                        <Unicode>tu</Unicode>
                    </TextEquiv>
                    <TextStyle fontFamily="Times New Roman" fontSize="12.0"/>
                </Word>
                <Word id="w_w2aab1b3b2c17b1ac51" language="English" custom="readingOrder {index:6;}">
                    <Coords points="1739,5984 1929,5984 1929,6064 1739,6064"/>
                    <TextEquiv>
                        <Unicode>me</Unicode>
                    </TextEquiv>
                    <TextStyle fontFamily="Times New Roman" fontSize="12.0"/>
                </Word>
                <Word id="w_w2aab1b3b2c17b1ac57" language="English" custom="readingOrder {index:7;}">
                    <Coords points="1969,5945 2119,5945 2119,6058 1969,6058"/>
                    <TextEquiv>
                        <Unicode>fer</Unicode>
                    </TextEquiv>
                    <TextStyle fontFamily="Times New Roman" fontSize="12.0"/>
                </Word>
                <Word id="w_w2aab1b3b2c17b1ac65" language="English" custom="readingOrder {index:8;}">
                    <Coords points="2129,5945 2299,5945 2299,6059 2129,6059"/>
                    <TextEquiv>
                        <Unicode>ois</Unicode>
                    </TextEquiv>
                    <TextStyle fontFamily="Times New Roman" fontSize="12.0"/>
                </Word>
                <Word id="w_w2aab1b3b2c17b1ac73" language="English" custom="readingOrder {index:9;}">
                    <Coords points="2359,5949 2715,5949 2715,6063 2359,6063"/>
                    <TextEquiv>
                        <Unicode>rendu</Unicode>
                    </TextEquiv>
                    <TextStyle fontFamily="Times New Roman" fontSize="12.0"/>
                </Word>
                <Word id="w_w2aab1b3b2c17b1ac85" language="English" custom="readingOrder {index:10;}">
                    <Coords points="2759,5964 2781,5964 2781,6065 2759,6065"/>
                    <TextEquiv>
                        <Unicode>!</Unicode>
                    </TextEquiv>
                    <TextStyle fontFamily="Times New Roman" fontSize="12.0"/>
                </Word>
                <TextEquiv>
                    <Unicode>A ta Cour de Pyrrhus, tu me ſerois rendu!</Unicode>
                </TextEquiv>
                <TextStyle fontFamily="Times New Roman" fontSize="12.0"/>
            </TextLine>
            <TextEquiv>
                <Unicode>A ta Cour de Pyrrhus, tu me ſerois rendu!</Unicode>
            </TextEquiv>
        </TextRegion>
        <TextRegion type="paragraph" id="r_2_10" custom="readingOrder {index:13;}">
            <Coords points="1388,6108 2203,6108 2203,6244 1388,6244"/>
            <TextLine id="tl_15" primaryLanguage="English" custom="readingOrder {index:0;}">
                <Coords points="1389,6109 2202,6109 2202,6243 1389,6243"/>
                <Baseline points="1390,6217 2202,6243"/>
                <Word id="w_w2aab1b3b2c19b1ab1" language="English" custom="readingOrder {index:0;}">
                    <Coords points="1390,6109 2202,6109 2202,6243 1390,6243"/>
                    <TextEquiv>
                        <Unicode>PYLADE.</Unicode>
                    </TextEquiv>
                    <TextStyle fontFamily="Times New Roman" fontSize="12.0"/>
                </Word>
                <TextEquiv>
                    <Unicode>PYLADE.</Unicode>
                </TextEquiv>
                <TextStyle fontFamily="Times New Roman" fontSize="12.0"/>
            </TextLine>
            <TextEquiv>
                <Unicode>PYLADE.</Unicode>
            </TextEquiv>
        </TextRegion>
        <TextRegion type="paragraph" id="r_2_11" custom="readingOrder {index:14;}">
            <Coords points="106,6249 3378,6249 3378,6778 106,6778"/>
            <TextLine id="tl_16" primaryLanguage="English" custom="readingOrder {index:0;}">
                <Coords points="112,6250 3377,6250 3377,6453 112,6453"/>
                <Baseline points="112,6412 361,6380 735,6380 1157,6381 1321,6380 1709,6417 1951,6391 2709,6386 2971,6388 3247,6412 3376,6453"/>
                <Word id="w_w2aab1b3b2c21b1ab1" language="English" custom="readingOrder {index:0;}">
                    <Coords points="112,6262 361,6262 361,6412 112,6412"/>
                    <TextEquiv>
                        <Unicode>J’en</Unicode>
                    </TextEquiv>
                    <TextStyle fontFamily="Times New Roman" fontSize="12.0"/>
                </Word>
                <Word id="w_w2aab1b3b2c21b1ac11" language="English" custom="readingOrder {index:1;}">
                    <Coords points="400,6267 735,6267 735,6387 400,6387"/>
                    <TextEquiv>
                        <Unicode>rends</Unicode>
                    </TextEquiv>
                    <TextStyle fontFamily="Times New Roman" fontSize="12.0"/>
                </Word>
                <Word id="w_w2aab1b3b2c21b1ac23" language="English" custom="readingOrder {index:2;}">
                    <Coords points="770,6308 1157,6308 1157,6433 770,6433"/>
                    <TextEquiv>
                        <Unicode>grâces</Unicode>
                    </TextEquiv>
                    <TextStyle fontFamily="Times New Roman" fontSize="12.0"/>
                </Word>
                <Word id="w_w2aab1b3b2c21b1ac37" language="English" custom="readingOrder {index:3;}">
                    <Coords points="1190,6308 1321,6308 1321,6382 1190,6382"/>
                    <TextEquiv>
                        <Unicode>au</Unicode>
                    </TextEquiv>
                    <TextStyle fontFamily="Times New Roman" fontSize="12.0"/>
                </Word>
                <Word id="w_w2aab1b3b2c21b1ac43" language="English" custom="readingOrder {index:4;}">
                    <Coords points="1390,6274 1709,6274 1709,6417 1390,6417"/>
                    <TextEquiv>
                        <Unicode>Ciel,</Unicode>
                    </TextEquiv>
                    <TextStyle fontFamily="Times New Roman" fontSize="12.0"/>
                </Word>
                <Word id="w_w2aab1b3b2c21b1ac55" language="English" custom="readingOrder {index:5;}">
                    <Coords points="1758,6279 1951,6279 1951,6438 1758,6438"/>
                    <TextEquiv>
                        <Unicode>qui</Unicode>
                    </TextEquiv>
                    <TextStyle fontFamily="Times New Roman" fontSize="12.0"/>
                </Word>
                <Word id="w_w2aab1b3b2c21b1ac63" language="English" custom="readingOrder {index:6;}">
                    <Coords points="2000,6268 2709,6268 2709,6392 2000,6392"/>
                    <TextEquiv>
                        <Unicode>m’arrefhnt</Unicode>
                    </TextEquiv>
                    <TextStyle fontFamily="Times New Roman" fontSize="12.0"/>
                </Word>
                <Word id="w_w2aab1b3b2c21b1ac85" language="English" custom="readingOrder {index:7;}">
                    <Coords points="2738,6268 2971,6268 2971,6392 2738,6392"/>
                    <TextEquiv>
                        <Unicode>fins</Unicode>
                    </TextEquiv>
                    <TextStyle fontFamily="Times New Roman" fontSize="12.0"/>
                </Word>
                <Word id="w_w2aab1b3b2c21b1ac95" language="English" custom="readingOrder {index:8;}">
                    <Coords points="3040,6281 3311,6281 3311,6412 3040,6412"/>
                    <TextEquiv>
                        <Unicode>cçfle</Unicode>
                    </TextEquiv>
                    <TextStyle fontFamily="Times New Roman" fontSize="12.0"/>
                </Word>
                <Word id="w_w2aab1b3b2c21b1b1b1" language="English" custom="readingOrder {index:9;}">
                    <Coords points="3334,6380 3376,6380 3376,6453 3334,6453"/>
                    <TextEquiv>
                        <Unicode>?</Unicode>
                    </TextEquiv>
                    <TextStyle fontFamily="Times New Roman" fontSize="12.0" subscript="true"/>
                </Word>
                <TextEquiv>
                    <Unicode>J’en rends graces au Ciel, qui m’arreſtant ſans ceſſe,</Unicode>
                </TextEquiv>
            </TextLine>
            <TextLine id="tl_17" primaryLanguage="English" custom="readingOrder {index:1;}">
                <Coords points="107,6420 3058,6420 3058,6597 107,6597"/>
                <Baseline points="107,6551 674,6546 1192,6545 1588,6550 1736,6555 2242,6551 2432,6550 2576,6551 3057,6597"/>
                <Word id="w_w2aab1b3b2c21b3ab1" language="English" custom="readingOrder {index:0;}">
                    <Coords points="107,6426 674,6426 674,6551 107,6551"/>
                    <TextEquiv>
                        <Unicode>Semblait</Unicode>
                    </TextEquiv>
                    <TextStyle fontFamily="Times New Roman" fontSize="12.0"/>
                </Word>
                <Word id="w_w2aab1b3b2c21b3ac19" language="English" custom="readingOrder {index:1;}">
                    <Coords points="717,6441 1192,6441 1192,6551 717,6551"/>
                    <TextEquiv>
                        <Unicode>m’avoir</Unicode>
                    </TextEquiv>
                    <TextStyle fontFamily="Times New Roman" fontSize="12.0"/>
                </Word>
                <Word id="w_w2aab1b3b2c21b3ac35" language="English" custom="readingOrder {index:2;}">
                    <Coords points="1231,6432 1588,6432 1588,6552 1231,6552"/>
                    <TextEquiv>
                        <Unicode>fermé</Unicode>
                    </TextEquiv>
                    <TextStyle fontFamily="Times New Roman" fontSize="12.0"/>
                </Word>
                <Word id="w_w2aab1b3b2c21b3ac47" language="English" custom="readingOrder {index:3;}">
                    <Coords points="1637,6441 1736,6441 1736,6555 1637,6555"/>
                    <TextEquiv>
                        <Unicode>le</Unicode>
                    </TextEquiv>
                    <TextStyle fontFamily="Times New Roman" fontSize="12.0"/>
                </Word>
                <Word id="w_w2aab1b3b2c21b3ac53" language="English" custom="readingOrder {index:4;}">
                    <Coords points="1789,6436 2242,6436 2242,6556 1789,6556"/>
                    <TextEquiv>
                        <Unicode>chemin</Unicode>
                    </TextEquiv>
                    <TextStyle fontFamily="Times New Roman" fontSize="12.0"/>
                </Word>
                <Word id="w_w2aab1b3b2c21b3ac67" language="English" custom="readingOrder {index:5;}">
                    <Coords points="2297,6435 2432,6435 2432,6552 2297,6552"/>
                    <TextEquiv>
                        <Unicode>de</Unicode>
                    </TextEquiv>
                    <TextStyle fontFamily="Times New Roman" fontSize="12.0"/>
                </Word>
                <Word id="w_w2aab1b3b2c21b3ac73" language="English" custom="readingOrder {index:6;}">
                    <Coords points="2473,6442 2576,6442 2576,6551 2473,6551"/>
                    <TextEquiv>
                        <Unicode>la</Unicode>
                    </TextEquiv>
                    <TextStyle fontFamily="Times New Roman" fontSize="12.0"/>
                </Word>
                <Word id="w_w2aab1b3b2c21b3ac79" language="English" custom="readingOrder {index:7;}">
                    <Coords points="2635,6446 3057,6446 3057,6597 2635,6597"/>
                    <TextEquiv>
                        <Unicode>Crece,</Unicode>
                    </TextEquiv>
                    <TextStyle fontFamily="Times New Roman" fontSize="12.0"/>
                </Word>
                <TextEquiv>
                    <Unicode>Sembloit m’avoir fermé le chemin de la Grece,</Unicode>
                </TextEquiv>
                <TextStyle fontFamily="Times New Roman" fontSize="12.0"/>
            </TextLine>
            <TextLine id="tl_18" primaryLanguage="English" custom="readingOrder {index:2;}">
                <Coords points="108,6580 2793,6580 2793,6777 108,6777"/>
                <Baseline points="108,6699 371,6752 597,6715 951,6714 1275,6724 1541,6724 1639,6735 1811,6730 2345,6720 2792,6751"/>
                <Word id="w_w2aab1b3b2c21b5ab1" language="English" custom="readingOrder {index:0;}">
                    <Coords points="108,6580 535,6580 535,6752 108,6752"/>
                    <TextEquiv>
                        <Unicode>Depuis</Unicode>
                    </TextEquiv>
                    <TextStyle fontFamily="Times New Roman" fontSize="12.0"/>
                </Word>
                <Word id="w_w2aab1b3b2c21b5b1b1" language="English" custom="readingOrder {index:1;}">
                    <Coords points="564,6605 665,6605 665,6760 564,6760"/>
                    <TextEquiv>
                        <Unicode>le</Unicode>
                    </TextEquiv>
                    <TextStyle fontFamily="Times New Roman" fontSize="11.0"/>
                </Word>
                <Word id="w_w2aab1b3b2c21b5b2b1" language="English" custom="readingOrder {index:2;}">
                    <Coords points="698,6610 951,6610 951,6760 698,6760"/>
                    <TextEquiv>
                        <Unicode>jour</Unicode>
                    </TextEquiv>
                    <TextStyle fontFamily="Times New Roman" fontSize="12.0"/>
                </Word>
                <Word id="w_w2aab1b3b2c21b5b2c11" language="English" custom="readingOrder {index:3;}">
                    <Coords points="1016,6594 1275,6594 1275,6724 1016,6724"/>
                    <TextEquiv>
                        <Unicode>fatal</Unicode>
                    </TextEquiv>
                    <TextStyle fontFamily="Times New Roman" fontSize="12.0"/>
                </Word>
                <Word id="w_w2aab1b3b2c21b5b2c23" language="English" custom="readingOrder {index:4;}">
                    <Coords points="1328,6640 1541,6640 1541,6767 1328,6767"/>
                    <TextEquiv>
                        <Unicode>que</Unicode>
                    </TextEquiv>
                    <TextStyle fontFamily="Times New Roman" fontSize="12.0"/>
                </Word>
                <Word id="w_w2aab1b3b2c21b5b2c31" language="English" custom="readingOrder {index:5;}">
                    <Coords points="1610,6595 1705,6595 1705,6735 1610,6735"/>
                    <TextEquiv>
                        <Unicode>la</Unicode>
                    </TextEquiv>
                    <TextStyle fontFamily="Times New Roman" fontSize="12.0"/>
                </Word>
                <Word id="w_w2aab1b3b2c21b5b3b1" language="English" custom="readingOrder {index:6;}">
                    <Coords points="1750,6595 2109,6595 2109,6730 1750,6730"/>
                    <TextEquiv>
                        <Unicode>fureur</Unicode>
                    </TextEquiv>
                    <TextStyle fontFamily="Times New Roman" fontSize="11.0"/>
                </Word>
                <Word id="w_w2aab1b3b2c21b5b4b1" language="English" custom="readingOrder {index:7;}">
                    <Coords points="2160,6606 2345,6606 2345,6731 2160,6731"/>
                    <TextEquiv>
                        <Unicode>des</Unicode>
                    </TextEquiv>
                    <TextStyle fontFamily="Times New Roman" fontSize="12.0"/>
                </Word>
                <Word id="w_w2aab1b3b2c21b5b4b9" language="English" custom="readingOrder {index:8;}">
                    <Coords points="2410,6614 2792,6614 2792,6751 2410,6751"/>
                    <TextEquiv>
                        <Unicode>Eaux,</Unicode>
                    </TextEquiv>
                    <TextStyle fontFamily="Times New Roman" fontSize="12.0"/>
                </Word>
                <TextEquiv>
                    <Unicode>Depuis le jour fatal que la fureur des Eaux,</Unicode>
                </TextEquiv>
            </TextLine>
            <TextEquiv>
                <Unicode>J’en rends graces au Ciel, qui m’arreſtant ſans ceſſe,
Sembloit m’avoir fermé le chemin de la Grece,
Depuis le jour fatal que la fureur des Eaux,</Unicode>
            </TextEquiv>
        </TextRegion>
        <TextRegion type="paragraph" id="r_2_12" custom="readingOrder {index:15;}">
            <Coords points="2512,6772 2799,6772 2799,6936 2512,6936"/>
            <TextLine id="tl_19" primaryLanguage="English" custom="readingOrder {index:0;}">
                <Coords points="2513,6773 2798,6773 2798,6935 2513,6935"/>
                <Baseline points="2513,6894 2632,6894 2798,6935"/>
                <Word id="w_w2aab1b3b2c23b1ab1" language="English" custom="readingOrder {index:0;}">
                    <Coords points="2513,6774 2632,6774 2632,6894 2513,6894"/>
                    <TextEquiv>
                        <Unicode>N</Unicode>
                    </TextEquiv>
                    <TextStyle fontFamily="Times New Roman" fontSize="12.0"/>
                </Word>
                <Word id="w_w2aab1b3b2c23b1b1b1" language="English" custom="readingOrder {index:1;}">
                    <Coords points="2713,6774 2798,6774 2798,6935 2713,6935"/>
                    <TextEquiv>
                        <Unicode>ïj</Unicode>
                    </TextEquiv>
                    <TextStyle fontFamily="Times New Roman" fontSize="13.0" bold="true" italic="true"/>
                </Word>
                <TextEquiv>
                    <Unicode>N ij</Unicode>
                </TextEquiv>
            </TextLine>
            <TextEquiv>
                <Unicode>N ij</Unicode>
            </TextEquiv>
        </TextRegion>
        <SeparatorRegion id="r_3" custom="readingOrder {index:16;}">
            <Coords points="2983,105 3471,105 3471,117 2983,117"/>
        </SeparatorRegion>
        <SeparatorRegion id="r_4" custom="readingOrder {index:17;}">
            <Coords points="3607,111 3855,111 3855,121 3607,121"/>
        </SeparatorRegion>
        <SeparatorRegion id="r_5" custom="readingOrder {index:18;}">
            <Coords points="331,99 1039,99 1039,115 331,115"/>
        </SeparatorRegion>
        <SeparatorRegion id="r_6" custom="readingOrder {index:19;}">
            <Coords points="443,2957 887,2957 887,2996 443,2996"/>
        </SeparatorRegion>
        <SeparatorRegion id="r_7" custom="readingOrder {index:20;}">
            <Coords points="1431,2972 2499,2972 2499,3028 1431,3028"/>
        </SeparatorRegion>
        <SeparatorRegion id="r_8" custom="readingOrder {index:21;}">
            <Coords points="2531,3008 3227,3008 3227,3047 2531,3047"/>
        </SeparatorRegion>
        <SeparatorRegion id="r_9" custom="readingOrder {index:22;}">
            <Coords points="4143,5535 4165,5535 4165,6443 4143,6443"/>
        </SeparatorRegion>
        <SeparatorRegion id="r_10" custom="readingOrder {index:23;}">
            <Coords points="1047,101 1643,101 1643,117 1047,117"/>
        </SeparatorRegion>
        <SeparatorRegion id="r_11" custom="readingOrder {index:24;}">
            <Coords points="4126,3119 4134,3119 4134,3219 4126,3219"/>
        </SeparatorRegion>
        <ImageRegion id="Image_1546603169258_898" custom="readingOrder {index:25;}">
            <Coords points="144,1137 3495,1137 3495,1905 144,1905"/>
        </ImageRegion>
    </Page>
</PcGts>
