4267 7638
935 666 1177 799 154
1686 621 3439 818 ANDROMAQTJE

934 866 1256 1022 Ouy,
1314 866 1857 1032 Seigneur
1913 961 1946 1017 ,
2024 880 2241 996 lors
2331 896 2649 1046 qu’au
2675 887 2851 1046 pic
2944 889 3135 1016 des
3178 936 3473 1018 murs
3528 900 4086 1096 fumante

1241 1034 1674 1185 Troye,

929 1184 1126 1295 Les
1271 1194 1952 1351 Vainqueurs
2093 1234 2324 1320 tout
2463 1203 2966 1369 fànglans
3094 1249 3786 1385 partagèrent

1153 1349 1573 1499 Proye,

930 1498 1075 1604 Le
1154 1507 1413 1618 Sort
1472 1596 1504 1652 ,
1642 1517 1923 1629 dont
1978 1522 2121 1632 les
2184 1521 2569 1642 arrefts
2636 1526 2995 1649 furent
3064 1544 3345 1653 alors
3412 1543 3721 1702 fïiivis
3769 1642 3836 1703 y

940 1657 1101 1763 Fit
1124 1671 1559 1782 tomber
1592 1706 1723 1786 en
1765 1717 2000 1791 mes
2033 1692 2394 1798 mains
2433 1690 3224 1857 Andromaque
3261 1716 3369 1813 &
3401 1706 3592 1818 jfon
3633 1717 3891 1851 Fils*'

929 1810 1423 1971 Hécube,
1468 1866 1708 1981 près
1755 1838 2259 1991 dUlyfi’e,
2317 1845 2722 1965 acheva
2765 1850 3274 1972 fàmifère
3312 1929 3339 2011 $

935 1973 1603 2130 Gaffandre,
1687 1993 1958 2109 dans
2015 2008 2370 2160 Argos
2408 2008 2879 2170 ,>Quivy
2918 2013 3283 2131 voftre
3318 2029 3620 2155 PerS.

924 2138 1135 2251 Sur
1178 2178 1444 2286 eux,
1540 2143 1693 2265 for
1724 2158 1991 2269 leurs
2028 2158 2482 2314 Captifs,
2566 2184 2867 2325 ay-je
2908 2172 3309 2294 étendu
3342 2219 3581 2295 mes
3626 2177 4004 2329 droits
4039 2254 4070 2348 }

926 2298 1265 2450 Ay-je
1298 2298 1595 2420 enfin
1630 2307 2031 2464 difpofé
2069 2321 2211 2434 du
2241 2318 2489 2435 fruit
2515 2326 2649 2439 de
2675 2337 2951 2444 leurs
2997 2341 3468 2487 Exploits
3505 2368 3543 2458 ?

929 2456 1126 2567 On
1169 2466 1514 2574 craint
1597 2556 1628 2612 ,
1740 2483 2180 2633 qu’avec
2243 2481 2672 2599 Ke&or
2749 2500 3116 2649 Troye
3177 2525 3330 2609 Un
3396 2510 3646 2656 jour
3721 2545 3856 2623 ne
3932 2566 4065 2648 te,

1243 2616 1568 2738 naiffe
1621 2680 1648 2747 ;

924 2774 1178 2886 Son
1218 2780 1407 2890 Fils
1458 2820 1703 2931 peut
1736 2828 1925 2902 me
1954 2801 2235 2907 ravir
2278 2795 2373 2907 le
2411 2805 2657 2951 jour
2723 2835 2931 2961 que
2975 2819 3079 2966 je
3128 2810 3299 2960 luy
3358 2815 3494 2926 lai
3506 2810 3682 2950 fie.

920 2934 1449 3090 Seigneur
1501 3029 1534 3085 ,
1600 2979 1837 3056 tant
1876 2954 2007 3060 de
2039 2954 2583 3100 prudence
2622 2964 3145 3085 entrai/he
3198 3005 3443 3125 trop
3482 2979 3617 3089 de
3655 2978 3947 3131 foin^

925 3088 1061 3239 Je
1083 3132 1225 3201 ne
1253 3093 1478 3248 fçay
1517 3109 1832 3250 point
1851 3108 2292 3259 prévoir
2323 3117 2468 3228 les
2501 3118 3030 3239 malheurs
3069 3129 3200 3244 de
3233 3127 3305 3239 fi
3337 3133 3617 3269 loin.

931 3252 1062 3371 Je
1115 3247 1450 3413 fonge
1516 3272 1852 3418 quelle
1905 3266 2216 3383 eftoit
2273 3271 2778 3393 autrefois
2839 3317 3106 3398 cette
3143 3292 3418 3404 Ville
3470 3381 3507 3438 ,

924 3405 1052 3523 Si
1085 3400 1514 3559 fiiperbe
1542 3461 1673 3537 en
1730 3432 2329 3582 Rampars,
2406 3476 2543 3549 en
2602 3440 2971 3553 Héros
3008 3442 3082 3557 fi
3122 3440 3463 3564 fertile

930 3564 1543 3691 Maiftrefie
1590 3580 2061 3702 deFAfie
2133 3680 2170 3731 ,
2248 3604 2349 3708 &
2377 3606 2489 3747 je
2522 3604 2977 3762 regarde
3010 3600 3309 3723 enfin

925 3726 1231 3862 Quel
1257 3729 1415 3847 fut
1471 3740 1569 3851 le
1597 3744 1867 3856 Sort
1905 3749 2036 3860 de
2079 3760 2448 3910 Troye
2507 3844 2538 3897 ,
2635 3774 2739 3872 &
2795 3764 3035 3916 quel
3073 3754 3235 3872 efl
3271 3764 3464 3876 fon
3517 3759 3959 3916 DefKn*.

920 3894 1060 4045 Je
1089 3932 1234 4005 ne
1257 3933 1474 4046 voy
1506 3937 1712 4056 que
1731 3904 1912 4015 des
1943 3916 2046 4021 T
2053 3947 2304 4020 ours
2356 4002 2393 4055 ,
2476 3952 2682 4071 que
2705 3923 2808 4030 la
2843 3923 3240 4036 cendre
3261 3968 3324 4035 a
3353 3962 3892 4084 couvertes
3920 4018 3979 4085 ÿ

919 4048 1116 4160 Un
1159 4057 1530 4168 Fleuve
1565 4063 1832 4175 teint
1864 4062 1996 4178 de
2023 4059 2281 4229 fàng
2352 4162 2385 4214 ,
2466 4078 2650 4189 des
2694 4091 3403 4239 Campagnes
3440 4083 3871 4248 defèrtes
3904 4182 3945 4249 s

918 4202 1125 4320 Un
1164 4206 1573 4327 Enfant
1606 4222 1873 4334 dans
1920 4227 2067 4334 les
2098 4222 2303 4343 fers
2377 4320 2408 4373 ,
2492 4246 2593 4348 &
2627 4252 2733 4393 je
2770 4278 2911 4349 ne
2943 4243 3181 4388 puis
3232 4248 3621 4404 longer

923 4366 1191 4506 Que
1242 4381 1609 4527 Troye
1642 4417 1779 4493 en
1820 4416 1985 4493 cet
2030 4381 2309 4497 eflat
2351 4391 2682 4539 afpire
2735 4396 2799 4507 à
2849 4396 2947 4507 fè
2999 4441 3464 4563 vanger.

925 4526 1117 4638 Ah
1179 4550 1201 4642 î
1289 4526 1367 4641 fi
1413 4533 1558 4646 du
1611 4544 1802 4653 Fils
1835 4540 2374 4661 d’Heélor
2403 4555 2502 4662 la
2550 4585 2840 4696 perte
2883 4555 3208 4672 eftoit
3238 4560 3601 4720 jurée,

925 4690 1504 4841 Pourquoy
1567 4694 1822 4811 d'un
1881 4743 2026 4812 an
2089 4709 2428 4820 entier
2483 4714 2608 4822 la
2620 4753 2842 4826 von
2854 4754 3240 4832 s-nous
3306 4713 3746 4837 différée
3790 4748 3832 4845 ?

916 4848 1239 4956 Dans
1272 4844 1607 4961 lefèin
1660 4857 1791 4970 de
1834 4868 2195 4976 Priam
2234 4873 2717 4986 n'a-t'on
2751 4912 2901 5025 pu
2940 4883 3527 4996 l'immoler
3570 4909 3601 4995 ?

916 5008 1205 5115 Sous
1242 5037 1475 5120 tant
1522 5007 1657 5124 de
1692 5024 2061 5134 Morts
2107 5112 2140 5165 ,
2202 5024 2435 5139 lous
2476 5042 2841 5185 Troye
2869 5037 2947 5149 il
2993 5032 3345 5155 falloit
3371 5043 3960 5185 l'accabler»

919 5168 1221 5274 Tout
1257 5162 1578 5279 efloit
1601 5172 1876 5327 jufle
1909 5192 2235 5312 alors.
2307 5193 2454 5299 La
2497 5193 3002 5312 Vieilldfe
3033 5215 3140 5314 &
3177 5207 3239 5314 F
3267 5201 3756 5319 Enfance

929 5326 1086 5433 Fn
1123 5327 1380 5437 vain
1423 5326 1582 5438 fur
1609 5337 1828 5452 leur
1871 5337 3274 5502 foiblefleappuyoientleur
3313 5361 3801 5497 defance,

914 5480 1738 5607 LaViéloire&
1814 5500 1911 5610 la
1968 5505 2239 5616 Nuit
2278 5599 2304 5641 ,
2382 5516 2603 5652 plus
2646 5520 3065 5631 cruelles
3137 5560 3349 5675 que
3392 5561 3726 5665 nous,

920 5644 1239 5758 Nous
1312 5649 1897 5770 excitoient
1970 5699 2103 5775 au
2158 5703 2633 5780 meurtre
2715 5758 2748 5810 ,
2864 5694 2967 5792 &
3038 5678 3847 5801 confondoient
3895 5734 4065 5816 nos

1129 5843 1514 5960 coups.

931 5962 1236 6074 Mon
1269 6006 1802 6085 courroux
1835 6012 2036 6084 aux
2075 5986 2524 6095 vaincus
2563 6027 2702 6100 ne
2725 5982 2886 6104 fut
2914 6027 3116 6148 que
3143 6032 3394 6148 trop
3421 5997 3801 6143 fèvere.

934 6122 1236 6234 Mais
1278 6161 1484 6283 que
1516 6169 1703 6244 ma
1750 6135 2216 6248 Cruauté
2248 6141 2407 6253 fur
2416 6146 2661 6258 vive
2696 6146 2758 6258 à
2790 6191 2981 6265 ma
3022 6161 3413 6273 Colere
3456 6187 3493 6278 ?

930 6276 1185 6422 Que
1222 6286 1644 6451 malgré
1672 6298 1773 6412 la
1805 6295 2062 6453 pitié
2094 6296 2369 6417 dont
2413 6315 2523 6462 je
2568 6345 2763 6431 are
2800 6305 3025 6433 fens
3062 6309 3398 6462 fàifir,
