4267 7638
900 632 1170 797 *44

900 860 1020 1006 le
1090 871 1290 1061 pié
1374 871 1674 1007 dans
1786 880 2224 1066 Troye
2304 970 2360 1040 *
2462 880 2602 1007 &
2726 871 3294 1065 qu’apres
3372 866 4046 1040 l’embraie,

905 1105 1254 1195 ment
1333 1069 1488 1195 de
1555 1109 1882 1200 cette
1939 1064 2270 1230 Ville
2303 1178 2363 1230 r
2383 1065 2946 1201 Menelas
3017 1109 3458 1195 trouve
3525 1064 3648 1200 fa
3719 1074 4039 1230 Fem¬

905 1302 1111 1385 me
1173 1299 1329 1389 en
1403 1269 1905 1443 Egypte
1929 1368 1971 1424 ^
2019 1264 2337 1388 dont
2377 1252 2603 1389 elle
2671 1259 3175 1389 n'eftoit
3213 1264 3581 1440 point
3641 1288 4043 1444 partie.

905 1452 1269 1579 Tout
1333 1443 1587 1577 cela
1667 1447 2055 1582 fondé
2129 1438 2323 1578 fur
2393 1492 2633 1583 une
2695 1453 3213 1633 opinion
3317 1448 3537 1622 qui
3595 1452 4049 1617 n'eftoit

901 1641 1345 1762 receuë
1427 1681 1673 1817 que
1723 1687 2155 1822 parmy
2199 1636 2369 1770 les
2437 1646 3203 1827 Egyptiens,
3239 1681 3737 1772 comme
3775 1696 3935 1786 on
3959 1662 4049 1807 le

896 1865 1201 2010 peut
1258 1831 1533 1955 voir
1616 1831 1917 1962 dans
1988 1830 2690 1967 Hérodote.

1054 2015 1230 2205 Je
1324 2059 1484 2145 ne
1582 2055 1882 2206 croy
1968 2070 2180 2204 pas
2284 2064 2532 2200 que
2596 2009 3020 2205 j’euiïe
3132 2010 3558 2150 befoin
3636 2020 3786 2154 de
3870 2084 4034 2188 cet

900 2199 1464 2389 exemple
1562 2208 2260 2398 d'Euripide
2352 2258 2672 2398 pour
2780 2199 3268 2399 juftifier
3378 2204 3498 2338 le
3570 2254 3806 2394 peu
3900 2234 4030 2374 de

890 2382 1330 2528 liberté
1434 2443 1678 2577 que
1750 2413 1782 2584 j
1832 2452 1990 2588 ay
2070 2392 2444 2588 prife^
2572 2413 2832 2543 Car
2920 2397 3006 2533 il
3058 2451 3144 2583 y
3212 2447 3288 2534 a
3352 2398 3636 2532 bien
3722 2408 3870 2542 de
3920 2422 4020 2562 la

895 2586 1022 2716 di
1029 2583 1260 2717 fier
1267 2631 1414 2717 en
1427 2641 1564 2721 ce
1661 2636 2006 2726 entre
2103 2592 2644 2727 détruire
2745 2587 2862 2721 le
2929 2592 3534 2777 principal
3601 2586 4015 2746 fonde¬

895 2821 1245 2911 ment
1387 2781 1751 2915 d'une
1881 2780 2239 2920 Fable
2363 2800 2503 2920 Ôt
2641 2831 2801 2915 en
2925 2781 3367 2916 altérer
3447 2780 4019 2966 quelques

891 2969 1433 3145 incidens
1503 3079 1567 3145 y
1717 2980 1931 3154 qui
2029 2970 2643 3164 changent
2785 2969 3309 3165 prcfque
3497 2980 3651 3104 de
3789 2980 4025 3134 face

891 3158 1199 3289 dans
1343 3203 1751 3299 toutes
1935 3164 2105 3298 les
2259 3172 2647 3302 mains
2825 3173 3041 3349 qui
3153 3159 3329 3298 les
3471 3174 4029 3332 traînent,

890 3352 1011 3483 A
1024 3357 1151 3479 in
1164 3347 1249 3483 fi
1328 3353 1807 3487 Achille
1884 3348 2225 3488 félon
2302 3352 2419 3488 la
2486 3347 3029 3543 plufpart
3094 3353 3315 3488 des
3386 3364 3831 3492 Poctes
3884 3416 4021 3512 ne

890 3584 1194 3722 peut
1268 3547 1572 3677 eftre
1636 3541 2006 3682 bîeflë
2084 3546 2458 3722 qu'au
2556 3547 2900 3683 talon
2978 3661 3016 3717 ,
3114 3595 3468 3731 quoy
3542 3590 3716 3726 qu
3754 3562 4014 3692 Ho¬

890 3779 1234 3867 mère
1308 3735 1424 3867 le
1518 3729 1806 3871 falïe
1906 3736 2334 3870 blefler
2432 3784 2582 3871 au
2666 3737 2950 3875 bras
3024 3749 3170 3875 &
3258 3785 3418 3870 ne
3486 3736 3600 3866 le
3686 3784 4020 3938 croye

886 3924 1732 4059 invulnérable
1840 3974 2000 4064 en
2064 3978 2538 4064 aucune
2628 3939 3016 4119 partie
3094 3929 3248 4059 de
3332 3930 3558 4070 fon
3650 3984 4020 4124 corps.

889 4113 1250 4253 Ainfi
1333 4114 1956 4303 Sophocle
2033 4112 2260 4254 fait
2353 4127 2818 4254 mourir
2859 4117 3374 4313 Jocafte
3441 4118 4020 4274 aufli-toft

885 4352 1239 4469 apres
1353 4307 1469 4443 la
1553 4306 2547 4448 reconnoifïànce
2645 4311 3283 4497 d'Oedipe
3357 4418 3393 4478 5
3501 4352 3781 4442 tout
3889 4372 4019 4466 au

885 4511 1499 4637 contraire
1557 4505 2249 4686 d'Euripide
2323 4510 2533 4680 qui
2607 4501 2721 4637 la
2801 4501 3025 4637 fait
3089 4511 3437 4636 vivre
3507 4496 3861 4686 jufqu
3895 4560 4025 4656 au

885 4689 1399 4825 combat
1517 4709 1657 4831 &
1761 4696 1841 4830 à
1955 4694 2065 4826 la
2145 4734 2477 4826 mort
2561 4699 2711 4825 de
2781 4689 2961 4825 les
3069 4695 3385 4826 deux
3477 4690 3755 4830 Fils.
3895 4714 4021 4844 Et

886 4879 1175 5009 e'eft
1258 4883 1341 5015 à
1392 4933 1863 5073 propos
1944 4888 2101 5016 de
2162 4878 2713 5064 quelque
2780 4884 3523 5020 contrariété
3586 4884 3743 5020 de
3814 4938 4020 5034 cet*

880 5102 1010 5199 te
1072 5077 1946 5257 nature,qu'un
1990 5078 2472 5204 Ancien
2512 5076 3552 5209 Commentateur
3606 5072 3760 5208 de
3800 5088 4008 5216 So¬

886 5256 1340 5446 phocle
1404 5311 2056 5446 remarque
2094 5262 2354 5396 fort
2412 5262 2702 5437 bien
2740 5331 2798 5437 y
2920 5271 2996 5431 *
3118 5271 3328 5431 Qu
3372 5276 3474 5402 U
3566 5322 3712 5402 ne
3740 5276 4020 5446 faut

866 5457 1230 5640 point
1354 5511 1408 5585 s
1414 5465 1450 5531 y
1444 5456 1926 5630 amufer
2050 5456 2134 5586 k
2286 5450 2856 5591 chicaner
2954 5461 3130 5591 les
3250 5469 3356 5590 P
3364 5516 3420 5590 e
3432 5506 3544 5596 et
3548 5510 3664 5596 es
3740 5504 4020 5650 pour

885 5649 1458 5820 quelques
1531 5645 1678 5775 ch
1685 5696 1986 5834 ange
1997 5700 2320 5780 mens
2401 5698 2564 5794 qu
2611 5655 2768 5775 ils
2833 5695 3036 5779 ont
3077 5689 3264 5839 pu
3307 5654 3658 5826 faire
3749 5654 4020 5794 dam

891 5812 1027 5988 }a
1119 5833 1513 5973 Fable
1587 5933 1635 5983 ,
1751 5844 2065 5974 mais
2149 5888 2311 6024 qu
2359 5838 2459 5968 il
2507 5842 2833 6023 faut
2903 5838 3559 5979 s'attacher
3625 5892 3707 5978 a
3769 5894 3965 5982 con
3969 5938 4025 5972 »

985 6102 1051 6203 *
1135 6087 1587 6247 Soçhoci
1657 6092 2103 6213 Ele&t&

3593 6401 4039 6604 ſiderer
