4267 7905
1194 701 2506 880 TRAGEDIE.
3293 765 3518 899 tCx

175 931 438 1062 Aux
505 947 970 1073 cendres
1059 956 1330 1078 d’on
1401 969 1804 1123 Epoux
1847 968 2354 1089 doit-elle
2413 968 2720 1089 enfin
2779 983 2880 1089 fa
2975 983 3394 1114 fiâmes

175 1111 312 1222 Et
364 1117 620 1273 quel
695 1133 1082 1273 Epoux
1137 1157 1556 1252 encore
1613 1158 1640 1252 l
1709 1144 1798 1249 A
1817 1127 1882 1242 fi
1967 1137 2472 1254 fouvenir
2533 1147 2822 1258 cruel
2881 1169 2902 1263 !

161 1275 312 1386 Sa
390 1318 698 1393 mort
762 1258 1035 1398 feule
1100 1333 1165 1402 a
1234 1292 1591 1408 rendu
1668 1281 2045 1416 vofiare
2084 1307 2353 1417 Pere
2418 1308 3048 1443 immortel.

164 1436 266 1544 Il
314 1435 557 1556 doit
592 1483 733 1561 au
768 1440 1043 1608 fong
1086 1446 1653 1572 d’Heétor
1718 1493 1959 1572 tout
2008 1457 2365 1582 l’éclat
2414 1466 2555 1582 de
2634 1467 2781 1583 fos
2816 1513 3254 1638 armes,

160 1607 301 1716 Et
360 1644 631 1721 vous
706 1610 1105 1731 n’eftes
1168 1648 1413 1731 tous
1498 1620 1788 1737 deux
1899 1667 2339 1747 connus
2423 1668 2643 1793 que
2703 1674 2900 1793 par
2971 1682 3212 1763 mes
3283 1657 3502 1773 lar¬

303 1797 599 1905 mes,

1313 1946 2307 2096 PYRRHUS.

139 2085 332 2199 Hé
394 2090 651 2210 bien
710 2187 743 2241 ,
788 2099 1339 2221 Madame
1384 2199 1417 2245 ,
1466 2106 1608 2224 fié
1648 2115 1907 2233 bien
1956 2213 1989 2266 ,
2058 2131 2130 2242 il
2198 2125 2427 2242 faut
2470 2167 2749 2246 vous
2806 2131 3172 2277 obéir.

138 2245 244 2360 Il
278 2249 507 2370 faut
556 2301 831 2381 vous
910 2270 1345 2385 oublier
1390 2363 1416 2415 ,
1508 2315 1659 2390 ou
1709 2275 2130 2431 piûtoft
2172 2331 2447 2411 vous
2506 2289 2802 2430 fiaïr,

138 2419 403 2570 Oüy
453 2517 482 2566 ,
536 2464 779 2540 mes
859 2465 1211 2550 vœux
1255 2465 1465 2554 ont
1524 2477 1779 2597 trop
1827 2451 2062 2565 loin
2121 2456 2502 2611 poulie
2569 2460 2796 2576 leur
2897 2464 3404 2592 violence
3433 2485 3487 2628 J

133 2573 432 2698 Pour
485 2629 640 2704 ne
669 2594 908 2741 plus
977 2589 1746 2766 s’arefterque
1801 2609 2080 2730 dans
2147 2615 3007 2761 rinaifrerence.

129 2738 734 2909 Songez-y
817 2755 1123 2893 bien.
1257 2769 1346 2874 Il
1395 2759 1628 2884 faut
1699 2770 2314 2904 déformais
2362 2825 2576 2946 que
2621 2831 2915 2906 mon
2958 2800 3321 2940 Cœur
3356 2892 3403 2941 y

125 2908 326 3023 S’il
396 2918 819 3033 n’aime
850 2959 1119 3039 avec
1162 2929 2041 3085 ttanfportliai
2054 2943 2195 3060 fie
2260 2990 2529 3065 avec
2580 2944 2992 3095 fureur.

108 3066 239 3193 Je
310 3073 1139 3244 n’épargneray
1204 3093 1449 3204 rien
1534 3097 1815 3215 dans
1890 3148 2087 3223 ma
2163 3108 2447 3269 jufte
2516 3120 2916 3255 colère.

108 3228 259 3346 Le
310 3242 507 3358 fils
558 3285 749 3363 me
808 3241 1377 3405 répondra
1435 3258 1625 3374 des
1667 3263 2086 3425 mépris
2141 3278 2276 3394 de
2379 3284 2484 3390 la
2527 3290 2852 3435 Mere
2893 3377 2946 3436 y

103 3392 254 3506 La
287 3401 650 3523 Grèce
705 3413 804 3522 le
843 3411 1412 3533 demande
1457 3510 1483 3564 ,
1543 3437 1648 3539 &
1672 3437 1788 3584 je
1827 3479 1968 3548 ne
2046 3439 2494 3590 prétens
2542 3478 2740 3595 pas

109 3562 538 3688 Mettre
597 3587 1124 3733 toujours
1179 3622 1368 3697 ma
1426 3587 1794 3745 gloire
1859 3592 1918 3709 à
1971 3592 2138 3714 fou
2150 3648 2333 3719 ver
2382 3634 2565 3724 des
2614 3613 3130 3780 Ingrats,’

942 3747 1206 3860 AN
1260 3751 1372 3863 D
1440 3758 1876 3878 ROM
1930 3767 2360 3924 AQJJ
2428 3782 2554 3902 E.

86 3882 439 4011 Helas
494 3922 513 4022 î
556 3901 632 4011 il
678 3941 1145 4022 mourra
1188 3912 1546 4041 donc.
1628 3922 1721 4032 Il
1778 3932 1969 4038 n’a
2047 3968 2339 4084 pour
2384 3926 2489 4047 fo
2518 3922 2957 4052 défenfè
3005 4041 3040 4093 ,

91 4050 367 4202 Que
432 4067 585 4180 les
638 4070 1007 4182 Pleurs
1056 4070 1191 4186 de
1226 4067 1327 4186 fo
1365 4083 1691 4192 Mere
1733 4101 1762 4223 ,
1817 4101 1926 4202 8c
1991 4127 2210 4247 que
2265 4092 2468 4213 fon
2527 4102 3178 4233 Innocence
3187 4108 3239 4248 l

87 4220 228 4326 Et
279 4262 536 4378 peut
597 4224 876 4347 eftre
921 4271 1238 4392 apres
1297 4268 1603 4382 tout,
1661 4283 1798 4357 en
1851 4250 2202 4372 l'citât
2259 4304 2412 4378 ou
2464 4277 2566 4407 je
2605 4255 2798 4382 fins
2846 4359 2883 4413 ,

81 4380 234 4491 Sa
303 4427 614 4506 mort
659 4436 1222 4517 avancera
1297 4406 1398 4516 la
1459 4394 1624 4517 fin
1673 4405 1810 4521 de
1898 4451 2138 4532 mes
2208 4432 2647 4558 ennuis.

70 4546 208 4691 Je
256 4566 989 4722 prolongeons
1040 4596 1329 4707 pour
1374 4571 1555 4722 luy
1626 4611 1825 4686 ma
1872 4587 2106 4728 vie,
2162 4601 2269 4702 8c
2336 4627 2535 4706 ma
2604 4597 2762 4705 mi
2774 4581 3032 4727 fore.

68 4704 367 4825 Mais
416 4713 729 4835 enfin
794 4720 959 4840 for
998 4719 1149 4840 fos
1199 4770 1397 4887 pas
1445 4735 1771 4891 j’iray
1838 4750 2209 4867 revoir
2286 4744 2483 4867 fon
2534 4760 2848 4885 Pere,

68 4873 375 4994 Ainfi
421 4973 450 5019 ,
510 4920 753 5000 tous
834 4900 1174 5040 trois,
1251 4899 1882 5061 Seigneur,
1945 4951 2152 5066 par
2197 4955 2400 5036 vos
2449 4915 2744 5036 foins
2795 4920 3250 5072 réunis*

65 5028 316 5155 Nos
385 5048 806 5165 Cœurs
891 5152 923 5188 ,
989 5147 1021 5184 .
1081 5157 1109 5189 ,
1189 5162 1217 5195 ,

1219 5229 2231 5370 PYRRHUS.

714 5377 1027 5495 Allez
1076 5471 1109 5519 ,
1164 5389 1782 5545 Madame,
1826 5405 2093 5515 allez
2146 5399 3100 5554 voirvoflreTils.

56 5512 665 5648 Peut-eftre
710 5583 851 5657 en
890 5548 991 5658 le
1044 5588 1546 5706 voyant,
1594 5557 1977 5680 voftre
2018 5605 2421 5689 amour
2475 5578 2715 5720 plus
2774 5580 3254 5731 timide*

50 5678 239 5796 Ne
287 5697 774 5844 prendra
821 5745 1017 5864 pas
1059 5727 1582 5874 toujours
1657 5713 1757 5839 fo
1801 5733 2158 5850 colere
2235 5775 2518 5891 pour
2563 5739 2951 5896 guide.

46 5838 330 5966 Pour
371 5852 788 6020 savoir
897 5913 1120 5989 nos
1189 5873 1604 5998 deftins
1662 5981 1695 6034 ,
1728 5899 2050 6049 j’iray
2109 5938 2386 6014 vous
2455 5929 3089 6044 retrouver,,

47 6006 665 6183 Madame,
741 6073 882 6157 en
941 6037 1779 6199 l’embrafianr,
1822 6052 2241 6224 fongez
2286 6058 2354 6177 à
2382 6068 2487 6178 le
2554 6062 2983 6205 fouver.

942 6310 1206 6451 Fin
1256 6309 1425 6452 du
1513 6331 2061 6508 premier
2116 6334 2515 6471 jiflee.

2491 6732 2612 6837 O
