4267 7692
840 585 1065 730 ip
1508 543 2757 737 ANDROMA
2828 563 3368 739 QUE.

835 781 1644 943 Andromaque
1679 826 2126 948 trompa
2159 801 2836 965 l'ingenieux
2859 801 3301 965 Ülyfle,

836 950 1258 1064 Tandis
1331 957 1660 1108 qu’un
1734 992 2030 1073 autre
2074 961 2476 1079 Enfant
2524 963 2973 1080 arraché
3050 968 3356 1085 défis
3420 968 3749 1128 bras,"

840 1113 1135 1224 Sous
1166 1112 1259 1219 le
1298 1150 1573 1224 nom
1618 1112 1969 1229 defbn
2032 1126 2225 1238 Fils
2274 1122 2431 1238 fut
2464 1127 2917 1240 conduit
2960 1172 3091 1243 au
3130 1128 3532 1283 trépas.

847 1273 1040 1380 On
1091 1271 1309 1409 dit,
1353 1308 1560 1428 que
1597 1308 1806 1424 peu
1843 1272 2285 1400 finfible
2315 1327 2515 1404 aux
2555 1287 3058 1404 charmes
3105 1287 3853 1462 d’Hermione
3890 1408 3929 1462 7

842 1433 1148 1538 Mon
1182 1437 1494 1549 Rival
1521 1467 1834 1584 porte
1878 1443 2286 1558 ailleurs
2325 1448 2526 1560 ion
2599 1456 2962 1560 Cœur
3005 1468 3106 1565 &
3156 1451 3252 1564 fa
3289 1462 3898 1588 Couronne
3921 1542 3954 1630 3

846 1587 1408 1734 Menelas,
1458 1593 1681 1710 (ans
1722 1603 1819 1710 le
1868 1608 2286 1754 croire,
2328 1648 2461 1721 en
2514 1603 2931 1760 paroifî:
2980 1608 3347 1774 affligé
3380 1689 3406 1764 $

841 1759 993 1866 Et
1027 1743 1120 1860 fi
1152 1752 1495 1900 plaint
1553 1757 1815 1876 d’un
1883 1768 2341 1916 Hymen
2385 1769 2456 1885 fi
2521 1774 3221 1940 long-temps
3265 1778 3759 1944 négligé,

826 1909 1254 2061 ’Parmy
1287 1919 1428 2030 les
1477 1913 2016 2071 déplaifirs
2053 1964 2206 2035 ou
2229 1933 2426 2041 Ion
2479 1932 2846 2044 amele
2891 1973 3247 2085 noyé,

840 2068 949 2180 Il
1012 2062 1403 2185 s’élève
1432 2114 1569 2189 en
1622 2088 1725 2195 la
1774 2088 2221 2195 mienne
2264 2129 2474 2205 une
2550 2088 2972 2205 fecrette
3006 2104 3302 2250 joye.

836 2223 983 2376 Je
1033 2233 1593 2386 triomphe
1624 2254 1655 2387 3
1736 2255 1835 2356 $c
1878 2280 2407 2395 pourtant
2440 2263 2545 2401 je
2608 2295 2795 2366 me
2838 2255 3097 2367 fiate
3154 2255 3619 2371 d’abord

851 2383 1124 2526 Que
1177 2398 1274 2506 la
1303 2399 1568 2510 feule
1633 2444 2272 2567 vangeance
2319 2414 2660 2527 excite
2689 2454 2810 2526 ce
2839 2419 3421 2566 tranfport.

852 2549 1148 2661 Mais
1228 2559 1760 2715 l’ingrate
1854 2604 1990 2676 en
2090 2608 2376 2687 mon
2450 2604 2770 2686 cœur
2870 2579 3208 2730 reprit
3320 2579 3752 2697 bien-to
3766 2579 3863 2696 fl
3951 2598 4032 2721 &

1012 2713 1373 2855 place,

847 2873 1040 2982 De
1077 2910 1310 2987 mes
1353 2874 1598 2993 feux
1663 2890 1890 3002 mal
1953 2885 2332 3003 éteints
2373 2911 2471 3033 je
2525 2930 3062 3012 reconnus
3101 2905 3201 3011 la
3265 2930 3623 3047 trace,

847 3035 984 3182 Je
1052 3025 1354 3148 fèntis
1411 3075 1620 3187 que
1653 3084 1840 3157 ma
1904 3044 2234 3163 haine
2269 3056 2560 3167 aüoit
2606 3045 2866 3167 finir
2905 3055 3096 3172 fbn
3129 3095 3512 3202 cours,

860 3195 1049 3307 Ou
1098 3194 1509 3338 plutofl
1538 3215 1645 3352 je
1684 3201 1995 3317 fèntis
2034 3245 2241 3366 que
2280 3220 2391 3362 je
2424 3215 2897 3327 l’aimois
2936 3231 3492 3372 toujours,

857 3349 1160 3462 Ainfi
1213 3354 1343 3468 de
1377 3390 1619 3472 tous
1669 3370 1815 3478 les
1889 3374 2219 3482 Grecs
2258 3386 2355 3512 je
2411 3375 2785 3533 brigue
2835 3381 2931 3487 le
2995 3379 3491 3543 fufirage.

861 3515 1060 3623 On
1117 3525 1700 3674 m’envoye
1757 3525 1824 3638 à
1873 3526 2365 3683 Pyrrhus,
2449 3541 3182 3688 J’entreprens
3231 3581 3352 3653 ce
3399 3535 3872 3703 voyagej

840 3671 899 3822 3
926 3712 989 3782 e
1028 3681 1335 3789 viens
1402 3687 1641 3794 voir
1698 3681 1781 3797 fi
1808 3696 2040 3803 l'on
2110 3730 2361 3843 peut
2434 3692 2936 3808 arracher
3016 3696 3152 3813 de
3196 3696 3336 3813 fis
3380 3697 3622 3813 bras

867 3830 1089 3943 Cét
1137 3835 1595 3984 Enfant,
1639 3846 1915 3959 dont
1972 3857 2069 3963 la
2108 3857 2275 3967 vie
2334 3857 2775 3970 alîarme
2834 3892 3071 3972 tant
3120 3855 3623 3978 d’Eflats.

851 3995 1374 4113 Heureux
1433 4000 1504 4113 fi
1543 4017 1646 4158 je
1675 4043 1900 4157 pou
1913 4016 2140 4128 vois
2193 4035 2466 4128 dans
2499 4015 2956 4129 l’ardeur
3005 4025 3192 4179 qui
3225 4061 3408 4134 me
3449 4016 3853 4175 preîFe,

862 4161 1038 4269 Au
1084 4165 1288 4275 lieu
1328 4155 2190 4329 d’Aftyanaxluy
2228 4187 2516 4293 ravir
2574 4221 2760 4289 ma
2824 4182 3202 4299 Prince
3216 4182 3353 4299 fié
3386 4211 3406 4304 [

872 4328 1099 4429 Car
1132 4317 1429 4435 enfin
1472 4332 1931 4445 n’attens
2004 4373 2189 4488 pas
2244 4377 2451 4498 que
2488 4377 2721 4450 mes
2788 4338 3031 4454 feux
3094 4342 3752 4489 redoublez,

857 4483 1100 4590 Des
1163 4477 1494 4633 périls
1557 4492 1700 4600 les
1743 4498 1965 4640 plus
2002 4502 2415 4654 grands
2475 4492 2928 4648 puifiènt
2979 4503 3257 4620 efirre
3331 4503 3853 4640 troublez.

862 4647 1104 4759 Puis
1147 4653 1634 4799 qu’apres
1678 4687 1914 4768 tant
1963 4653 2446 4770 d’efiorts
2509 4702 2696 4773 ma
2733 4658 3302 4784 refîflance
3345 4658 3498 4780 eft
3555 4672 3934 4820 vaine,

856 4801 999 4950 Je
1052 4843 1235 4920 me
1278 4807 1543 4920 livre
1578 4852 1715 4925 en
1748 4828 2201 4976 aveugle
2238 4863 2371 4935 au
2408 4819 2947 4976 tranfport
2990 4833 3167 4985 qui
3226 4822 3932 4980 m’entraîne,

860 4967 1315 5116 J’aime,
1358 4984 1463 5120 je
1531 4974 1839 5085 viens
1883 4973 2405 5095 chercher
2455 4989 3077 5105 Hermione
3111 5029 3247 5100 en
3281 5028 3447 5105 ces
3501 4992 3777 5105 lieux
3820 5077 3853 5130 ,

861 5129 1024 5235 La
1061 5123 1503 5269 fléchir,
1537 5133 2109 5284 l’enlever,
2183 5184 2330 5256 ou
2393 5148 2812 5260 mourir
2875 5149 2942 5264 à
2999 5148 3142 5265 fis
3175 5192 3487 5304 yeux,

866 5294 1119 5440 Toy
1172 5328 1348 5445 qui
1392 5299 1854 5406 connois
1918 5303 2450 5450 Pyrrhus,
2499 5348 2706 5464 que
2749 5308 3292 5457 penfis-tu
3325 5319 3585 5476 qu’il
3616 5308 3718 5430 fa
3732 5313 3862 5430 fie
3900 5342 3933 5434 ?

866 5450 1193 5561 Dans
1247 5449 1345 5562 fa
1416 5458 1715 5566 Cour
1808 5550 1845 5600 ,
1918 5459 2189 5581 dans
2260 5464 2455 5581 fbn
2524 5503 2841 5582 cœur
2904 5569 2940 5622 ,
3014 5478 3491 5631 dy-moy
3550 5514 3673 5591 ce
3740 5484 3917 5635 qui
3962 5479 4039 5601 fi

1017 5608 1349 5761 pafie.

876 5774 1178 5887 Mon
1214 5780 1840 5891 Hermione
1878 5818 2210 5897 encor
2256 5790 2356 5905 le
2414 5793 2942 5906 tient-elle
3000 5789 3466 5952 afièrvy?

876 5940 1083 6047 Me
1148 5934 1759 6051 rendra-t’il
1794 5944 2246 6097 Pylade,
2274 5990 2425 6061 un
2474 5960 2831 6066 Cœur
2870 5961 3127 6116 qu’il
3160 5965 3387 6072 m’a
3420 5994 3677 6118 ravy
3710 5984 3747 6081 ê

2007 6115 2781 6236 PYLADE.

871 6246 1008 6398 Je
1087 6290 1354 6376 vous
1397 6260 2020 6416 abuferois,
2073 6270 2146 6387 fi
2193 6265 2546 6431 j’ofbis
2589 6311 2850 6397 vous
2901 6305 3498 6428 promettre
