<?xml version="1.0" encoding="UTF-8" standalone="yes"?>
<PcGts xmlns="http://schema.primaresearch.org/PAGE/gts/pagecontent/2013-07-15" xmlns:xsi="http://www.w3.org/2001/XMLSchema-instance" xsi:schemaLocation="http://schema.primaresearch.org/PAGE/gts/pagecontent/2013-07-15 http://schema.primaresearch.org/PAGE/gts/pagecontent/2013-07-15/pagecontent.xsd">
    <Metadata>
        <Creator></Creator>
        <Created>2019-01-04T15:24:49.769+01:00</Created>
        <LastChange>2019-09-29T14:49:43.681+02:00</LastChange>
        <Comments>
                Measurement unit: pixel
                PrimaryLanguage: English
                Language: FrenchStandard
                Producer: ABBYY FineReader Engine 11</Comments>
        <TranskribusMetadata docId="189251" pageId="7488972" pageNr="180" tsid="16135215" status="DONE" userId="10612" imgUrl="https://files.transkribus.eu/Get?id=XWLLLJNXBKDAZPCJTLFWTCVO&amp;fileType=view" xmlUrl="https://files.transkribus.eu/Get?id=VLXPFSLBRUNPFQOIZKKKTXVQ" imageId="2284752"/>
    </Metadata>
    <Page imageFilename="Racine1676_Oeuvres1_cb31168676r_corrected_0180.png" imageWidth="4267" imageHeight="7774">
        <PrintSpace>
            <Coords points="708,2 4267,2 4267,7766 708,7766"/>
        </PrintSpace>
        <ReadingOrder>
            <OrderedGroup id="ro_1604235678740" caption="Regions reading order">
                <RegionRefIndexed index="0" regionRef="r_1_1"/>
                <RegionRefIndexed index="1" regionRef="r_1_2"/>
                <RegionRefIndexed index="2" regionRef="r_1_3"/>
                <RegionRefIndexed index="3" regionRef="r_1_4"/>
                <RegionRefIndexed index="4" regionRef="r_1_5"/>
                <RegionRefIndexed index="5" regionRef="r_1_6"/>
                <RegionRefIndexed index="6" regionRef="r_1_7"/>
                <RegionRefIndexed index="7" regionRef="r_1_8"/>
                <RegionRefIndexed index="8" regionRef="r_1_9"/>
                <RegionRefIndexed index="9" regionRef="r_1_10"/>
                <RegionRefIndexed index="10" regionRef="r_1_11"/>
                <RegionRefIndexed index="11" regionRef="r_1_12"/>
                <RegionRefIndexed index="12" regionRef="r_1_13"/>
                <RegionRefIndexed index="13" regionRef="r_1_14"/>
                <RegionRefIndexed index="14" regionRef="r_1_15"/>
                <RegionRefIndexed index="15" regionRef="r_1_16"/>
                <RegionRefIndexed index="16" regionRef="r_1_17"/>
                <RegionRefIndexed index="17" regionRef="r_1_18"/>
                <RegionRefIndexed index="18" regionRef="r_1_19"/>
                <RegionRefIndexed index="19" regionRef="r_1_20"/>
            </OrderedGroup>
        </ReadingOrder>
        <TextRegion type="paragraph" id="r_1_1" custom="readingOrder {index:0;}">
            <Coords points="752,694 3317,694 3317,906 752,906"/>
            <TextLine id="tl_1" primaryLanguage="English" custom="readingOrder {index:0;}">
                <Coords points="753,695 3316,695 3316,905 753,905"/>
                <Baseline points="754,849 1016,854 3316,847"/>
                <Word id="w_w2aab1b1b2b1b1ab1" language="English" custom="readingOrder {index:0;}">
                    <Coords points="754,715 1016,715 1016,904 754,904"/>
                    <TextEquiv>
                        <Unicode>üj*</Unicode>
                    </TextEquiv>
                    <TextStyle fontFamily="Times New Roman" fontSize="12.0"/>
                </Word>
                <Word id="w_w2aab1b1b2b1b1ab9" language="English" custom="readingOrder {index:1;}">
                    <Coords points="1523,697 3316,697 3316,879 1523,879"/>
                    <TextEquiv>
                        <Unicode>ANDROMAQUE</Unicode>
                    </TextEquiv>
                    <TextStyle fontFamily="Times New Roman" fontSize="12.0"/>
                </Word>
                <TextEquiv>
                    <Unicode>158 ANDROMAQUE</Unicode>
                </TextEquiv>
                <TextStyle fontFamily="Times New Roman" fontSize="12.0"/>
            </TextLine>
            <TextEquiv>
                <Unicode>158 ANDROMAQUE</Unicode>
            </TextEquiv>
        </TextRegion>
        <TextRegion type="paragraph" id="r_1_2" custom="readingOrder {index:1;}">
            <Coords points="1922,960 2883,960 2883,1096 1922,1096"/>
            <TextLine id="tl_2" primaryLanguage="English" custom="readingOrder {index:0;}">
                <Coords points="1923,961 2882,961 2882,1095 1923,1095"/>
                <Baseline points="1923,1075 2001,1075 2137,1074 2412,1079 2547,1070 2716,1079 2882,1090"/>
                <Word id="w_w2aab1b1b2b3b1ab1" language="English" custom="readingOrder {index:0;}">
                    <Coords points="1923,967 2001,967 2001,1075 1923,1075"/>
                    <TextEquiv>
                        <Unicode>P</Unicode>
                    </TextEquiv>
                    <TextStyle fontFamily="Times New Roman" fontSize="8.5"/>
                </Word>
                <Word id="w_w2aab1b1b2b3b1ab5" language="English" custom="readingOrder {index:1;}">
                    <Coords points="2051,978 2137,978 2137,1074 2051,1074"/>
                    <TextEquiv>
                        <Unicode>Y</Unicode>
                    </TextEquiv>
                    <TextStyle fontFamily="Times New Roman" fontSize="8.5"/>
                </Word>
                <Word id="w_w2aab1b1b2b3b1ab9" language="English" custom="readingOrder {index:2;}">
                    <Coords points="2193,967 2412,967 2412,1079 2193,1079"/>
                    <TextEquiv>
                        <Unicode>RR</Unicode>
                    </TextEquiv>
                    <TextStyle fontFamily="Times New Roman" fontSize="8.5"/>
                </Word>
                <Word id="w_w2aab1b1b2b3b1ac15" language="English" custom="readingOrder {index:3;}">
                    <Coords points="2455,963 2547,963 2547,1070 2455,1070"/>
                    <TextEquiv>
                        <Unicode>H</Unicode>
                    </TextEquiv>
                    <TextStyle fontFamily="Times New Roman" fontSize="8.5"/>
                </Word>
                <Word id="w_w2aab1b1b2b3b1ac19" language="English" custom="readingOrder {index:4;}">
                    <Coords points="2603,962 2716,962 2716,1079 2603,1079"/>
                    <TextEquiv>
                        <Unicode>ü</Unicode>
                    </TextEquiv>
                    <TextStyle fontFamily="Times New Roman" fontSize="8.5"/>
                </Word>
                <Word id="w_w2aab1b1b2b3b1ac23" language="English" custom="readingOrder {index:5;}">
                    <Coords points="2753,972 2882,972 2882,1090 2753,1090"/>
                    <TextEquiv>
                        <Unicode>S.</Unicode>
                    </TextEquiv>
                    <TextStyle fontFamily="Times New Roman" fontSize="8.5"/>
                </Word>
                <TextEquiv>
                    <Unicode>PYRRHUS.</Unicode>
                </TextEquiv>
                <TextStyle fontFamily="Times New Roman" fontSize="8.5"/>
            </TextLine>
            <TextEquiv>
                <Unicode>PYRRHUS.</Unicode>
            </TextEquiv>
        </TextRegion>
        <TextRegion type="paragraph" id="r_1_3" custom="readingOrder {index:2;}">
            <Coords points="763,1098 3884,1098 3884,1604 763,1604"/>
            <TextLine id="tl_3" primaryLanguage="English" custom="readingOrder {index:0;}">
                <Coords points="764,1099 3883,1099 3883,1298 764,1298"/>
                <Baseline points="764,1247 972,1237 1288,1237 1440,1233 1565,1258 1824,1232 2004,1231 2376,1231 3131,1236 3429,1236 3883,1271"/>
                <Word id="w_w2aab1b1b2b5b1ab1" language="English" custom="readingOrder {index:0;}">
                    <Coords points="764,1129 972,1129 972,1247 764,1247"/>
                    <TextEquiv>
                        <Unicode>Tel</Unicode>
                    </TextEquiv>
                    <TextStyle fontFamily="Times New Roman" fontSize="8.5"/>
                </Word>
                <Word id="w_w2aab1b1b2b5b1ab9" language="English" custom="readingOrder {index:1;}">
                    <Coords points="1038,1125 1288,1125 1288,1283 1038,1283"/>
                    <TextEquiv>
                        <Unicode>qu’il</Unicode>
                    </TextEquiv>
                    <TextStyle fontFamily="Times New Roman" fontSize="8.5"/>
                </Word>
                <Word id="w_w2aab1b1b2b5b1ac21" language="English" custom="readingOrder {index:2;}">
                    <Coords points="1322,1114 1480,1114 1480,1258 1322,1258"/>
                    <TextEquiv>
                        <Unicode>eft</Unicode>
                    </TextEquiv>
                    <TextStyle fontFamily="Times New Roman" fontSize="8.5"/>
                </Word>
                <Word id="w_w2aab1b1b2b5b1b1b1" language="English" custom="readingOrder {index:3;}">
                    <Coords points="1524,1216 1565,1216 1565,1258 1524,1258"/>
                    <TextEquiv>
                        <Unicode>v</Unicode>
                    </TextEquiv>
                    <TextStyle fontFamily="Times New Roman" fontSize="8.5" subscript="true"/>
                </Word>
                <Word id="w_w2aab1b1b2b5b1b2b1" language="English" custom="readingOrder {index:4;}">
                    <Coords points="1584,1153 1824,1153 1824,1233 1584,1233"/>
                    <TextEquiv>
                        <Unicode>tous</Unicode>
                    </TextEquiv>
                    <TextStyle fontFamily="Times New Roman" fontSize="8.5"/>
                </Word>
                <Word id="w_w2aab1b1b2b5b1b2c11" language="English" custom="readingOrder {index:5;}">
                    <Coords points="1858,1123 2004,1123 2004,1237 1858,1237"/>
                    <TextEquiv>
                        <Unicode>les</Unicode>
                    </TextEquiv>
                    <TextStyle fontFamily="Times New Roman" fontSize="8.5"/>
                </Word>
                <Word id="w_w2aab1b1b2b5b1b2c19" language="English" custom="readingOrder {index:6;}">
                    <Coords points="2046,1130 2376,1130 2376,1233 2046,1233"/>
                    <TextEquiv>
                        <Unicode>Grecs</Unicode>
                    </TextEquiv>
                    <TextStyle fontFamily="Times New Roman" fontSize="8.5"/>
                </Word>
                <Word id="w_w2aab1b1b2b5b1b2c31" language="English" custom="readingOrder {index:7;}">
                    <Coords points="2420,1120 3131,1120 3131,1241 2420,1241"/>
                    <TextEquiv>
                        <Unicode>demandent</Unicode>
                    </TextEquiv>
                    <TextStyle fontFamily="Times New Roman" fontSize="8.5"/>
                </Word>
                <Word id="w_w2aab1b1b2b5b1b2c51" language="English" custom="readingOrder {index:8;}">
                    <Coords points="3174,1130 3429,1130 3429,1283 3174,1283"/>
                    <TextEquiv>
                        <Unicode>qu’il</Unicode>
                    </TextEquiv>
                    <TextStyle fontFamily="Times New Roman" fontSize="8.5"/>
                </Word>
                <Word id="w_w2aab1b1b2b5b1b2c63" language="English" custom="readingOrder {index:9;}">
                    <Coords points="3462,1120 3883,1120 3883,1276 3462,1276"/>
                    <TextEquiv>
                        <Unicode>pende.</Unicode>
                    </TextEquiv>
                    <TextStyle fontFamily="Times New Roman" fontSize="8.5"/>
                </Word>
                <TextEquiv>
                    <Unicode>Tel qu’il eſt, tous les Grecs demandent qu’il periſſe.</Unicode>
                </TextEquiv>
            </TextLine>
            <TextLine id="tl_4" primaryLanguage="English" custom="readingOrder {index:1;}">
                <Coords points="769,1272 3712,1272 3712,1458 769,1458"/>
                <Baseline points="769,1404 918,1404 1161,1398 1889,1394 2148,1398 2491,1394 2694,1399 2922,1399 3170,1404 3712,1418"/>
                <Word id="w_w2aab1b1b2b5b3ab1" language="English" custom="readingOrder {index:0;}">
                    <Coords points="769,1296 918,1296 918,1404 769,1404"/>
                    <TextEquiv>
                        <Unicode>Le</Unicode>
                    </TextEquiv>
                    <TextStyle fontFamily="Times New Roman" fontSize="8.5"/>
                </Word>
                <Word id="w_w2aab1b1b2b5b3ab7" language="English" custom="readingOrder {index:1;}">
                    <Coords points="961,1291 1161,1291 1161,1403 961,1403"/>
                    <TextEquiv>
                        <Unicode>Fils</Unicode>
                    </TextEquiv>
                    <TextStyle fontFamily="Times New Roman" fontSize="8.5"/>
                </Word>
                <Word id="w_w2aab1b1b2b5b3ac17" language="English" custom="readingOrder {index:2;}">
                    <Coords points="1205,1287 1889,1287 1889,1444 1205,1444"/>
                    <TextEquiv>
                        <Unicode>d’Agamem</Unicode>
                    </TextEquiv>
                    <TextStyle fontFamily="Times New Roman" fontSize="8.5"/>
                </Word>
                <Word id="w_w2aab1b1b2b5b3ac35" language="English" custom="readingOrder {index:3;}">
                    <Coords points="1907,1326 2148,1326 2148,1399 1907,1399"/>
                    <TextEquiv>
                        <Unicode>non</Unicode>
                    </TextEquiv>
                    <TextStyle fontFamily="Times New Roman" fontSize="8.5"/>
                </Word>
                <Word id="w_w2aab1b1b2b5b3ac43" language="English" custom="readingOrder {index:4;}">
                    <Coords points="2181,1287 2491,1287 2491,1400 2181,1400"/>
                    <TextEquiv>
                        <Unicode>vient</Unicode>
                    </TextEquiv>
                    <TextStyle fontFamily="Times New Roman" fontSize="8.5"/>
                </Word>
                <Word id="w_w2aab1b1b2b5b3ac55" language="English" custom="readingOrder {index:5;}">
                    <Coords points="2561,1281 2694,1281 2694,1399 2561,1399"/>
                    <TextEquiv>
                        <Unicode>ha</Unicode>
                    </TextEquiv>
                    <TextStyle fontFamily="Times New Roman" fontSize="8.5"/>
                </Word>
                <Word id="w_w2aab1b1b2b5b3ac61" language="English" custom="readingOrder {index:6;}">
                    <Coords points="2709,1280 2922,1280 2922,1399 2709,1399"/>
                    <TextEquiv>
                        <Unicode>fier</Unicode>
                    </TextEquiv>
                    <TextStyle fontFamily="Times New Roman" fontSize="8.5"/>
                </Word>
                <Word id="w_w2aab1b1b2b5b3ac71" language="English" custom="readingOrder {index:7;}">
                    <Coords points="2977,1290 3170,1290 3170,1404 2977,1404"/>
                    <TextEquiv>
                        <Unicode>fon</Unicode>
                    </TextEquiv>
                    <TextStyle fontFamily="Times New Roman" fontSize="8.5"/>
                </Word>
                <Word id="w_w2aab1b1b2b5b3ac79" language="English" custom="readingOrder {index:8;}">
                    <Coords points="3209,1295 3712,1295 3712,1443 3209,1443"/>
                    <TextEquiv>
                        <Unicode>mpplice,</Unicode>
                    </TextEquiv>
                    <TextStyle fontFamily="Times New Roman" fontSize="8.5"/>
                </Word>
                <TextEquiv>
                    <Unicode>Le Fils d’Agamemnon vient haſter ſon ſupplice.</Unicode>
                </TextEquiv>
                <TextStyle fontFamily="Times New Roman" fontSize="8.5"/>
            </TextLine>
            <TextLine id="tl_5" primaryLanguage="English" custom="readingOrder {index:2;}">
                <Coords points="1584,1440 3101,1440 3101,1603 1584,1603"/>
                <Baseline points="1584,1561 3101,1580"/>
                <Word id="w_w2aab1b1b2b5b5ab1" language="English" custom="readingOrder {index:0;}">
                    <Coords points="1584,1448 3101,1448 3101,1596 1584,1596"/>
                    <TextEquiv>
                        <Unicode>ANDROMAQJJE.</Unicode>
                    </TextEquiv>
                    <TextStyle fontFamily="Times New Roman" fontSize="8.5"/>
                </Word>
                <TextEquiv>
                    <Unicode>ANDROMAQUE.</Unicode>
                </TextEquiv>
                <TextStyle fontFamily="Times New Roman" fontSize="8.5"/>
            </TextLine>
            <TextEquiv>
                <Unicode>Tel qu’il eſt, tous les Grecs demandent qu’il periſſe.
Le Fils d’Agamemnon vient haſter ſon ſupplice.
ANDROMAQUE.</Unicode>
            </TextEquiv>
        </TextRegion>
        <TextRegion type="paragraph" id="r_1_4" custom="readingOrder {index:3;}">
            <Coords points="774,1600 3247,1600 3247,1761 774,1761"/>
            <TextLine id="tl_6" primaryLanguage="English" custom="readingOrder {index:0;}">
                <Coords points="775,1601 3246,1601 3246,1760 775,1760"/>
                <Baseline points="775,1732 918,1728 1237,1718 2071,1719 2290,1723 2726,1719 2846,1728 3180,1728 3246,1731"/>
                <Word id="w_w2aab1b1b2b7b1ab1" language="English" custom="readingOrder {index:0;}">
                    <Coords points="775,1626 918,1626 918,1732 775,1732"/>
                    <TextEquiv>
                        <Unicode>Et</Unicode>
                    </TextEquiv>
                    <TextStyle fontFamily="Times New Roman" fontSize="8.5"/>
                </Word>
                <Word id="w_w2aab1b1b2b7b1ab7" language="English" custom="readingOrder {index:1;}">
                    <Coords points="967,1646 1237,1646 1237,1727 967,1727"/>
                    <TextEquiv>
                        <Unicode>vous</Unicode>
                    </TextEquiv>
                    <TextStyle fontFamily="Times New Roman" fontSize="8.5"/>
                </Word>
                <Word id="w_w2aab1b1b2b7b1ac17" language="English" custom="readingOrder {index:2;}">
                    <Coords points="1301,1645 2071,1645 2071,1757 1301,1757"/>
                    <TextEquiv>
                        <Unicode>prononcerez</Unicode>
                    </TextEquiv>
                    <TextStyle fontFamily="Times New Roman" fontSize="8.5"/>
                </Word>
                <Word id="w_w2aab1b1b2b7b1ac41" language="English" custom="readingOrder {index:3;}">
                    <Coords points="2141,1650 2290,1650 2290,1723 2141,1723"/>
                    <TextEquiv>
                        <Unicode>un</Unicode>
                    </TextEquiv>
                    <TextStyle fontFamily="Times New Roman" fontSize="8.5"/>
                </Word>
                <Word id="w_w2aab1b1b2b7b1ac47" language="English" custom="readingOrder {index:4;}">
                    <Coords points="2349,1604 2726,1604 2726,1723 2349,1723"/>
                    <TextEquiv>
                        <Unicode>Arrefl</Unicode>
                    </TextEquiv>
                    <TextStyle fontFamily="Times New Roman" fontSize="8.5"/>
                </Word>
                <Word id="w_w2aab1b1b2b7b1ac61" language="English" custom="readingOrder {index:5;}">
                    <Coords points="2773,1610 2846,1610 2846,1728 2773,1728"/>
                    <TextEquiv>
                        <Unicode>fi</Unicode>
                    </TextEquiv>
                    <TextStyle fontFamily="Times New Roman" fontSize="8.5"/>
                </Word>
                <Word id="w_w2aab1b1b2b7b1ac67" language="English" custom="readingOrder {index:6;}">
                    <Coords points="2895,1619 3180,1619 3180,1728 2895,1728"/>
                    <TextEquiv>
                        <Unicode>cruel</Unicode>
                    </TextEquiv>
                    <TextStyle fontFamily="Times New Roman" fontSize="8.5"/>
                </Word>
                <Word id="w_w2aab1b1b2b7b1ac79" language="English" custom="readingOrder {index:7;}">
                    <Coords points="3215,1641 3246,1641 3246,1731 3215,1731"/>
                    <TextEquiv>
                        <Unicode>?</Unicode>
                    </TextEquiv>
                    <TextStyle fontFamily="Times New Roman" fontSize="8.5"/>
                </Word>
                <TextEquiv>
                    <Unicode>Et vous prononcerez un Arreſt ſi cruel?</Unicode>
                </TextEquiv>
                <TextStyle fontFamily="Times New Roman" fontSize="8.5"/>
            </TextLine>
            <TextEquiv>
                <Unicode>Et vous prononcerez un Arreſt ſi cruel?</Unicode>
            </TextEquiv>
        </TextRegion>
        <TextRegion type="paragraph" id="r_1_5" custom="readingOrder {index:4;}">
            <Coords points="773,1749 3350,1749 3350,1939 773,1939"/>
            <TextLine id="tl_7" primaryLanguage="English" custom="readingOrder {index:0;}">
                <Coords points="774,1750 3349,1750 3349,1938 774,1938"/>
                <Baseline points="774,1890 1157,1884 1500,1880 2010,1879 2233,1884 2401,1881 2725,1885 3277,1889 3349,1885"/>
                <Word id="w_w2aab1b1b2b9b1ab1" language="English" custom="readingOrder {index:0;}">
                    <Coords points="774,1765 1157,1765 1157,1890 774,1890"/>
                    <TextEquiv>
                        <Unicode>Eft-ce</Unicode>
                    </TextEquiv>
                    <TextStyle fontFamily="Times New Roman" fontSize="8.5"/>
                </Word>
                <Word id="w_w2aab1b1b2b9b1ac15" language="English" custom="readingOrder {index:1;}">
                    <Coords points="1216,1812 1500,1812 1500,1885 1216,1885"/>
                    <TextEquiv>
                        <Unicode>mon</Unicode>
                    </TextEquiv>
                    <TextStyle fontFamily="Times New Roman" fontSize="8.5"/>
                </Word>
                <Word id="w_w2aab1b1b2b9b1ac23" language="English" custom="readingOrder {index:2;}">
                    <Coords points="1564,1767 2010,1767 2010,1885 1564,1885"/>
                    <TextEquiv>
                        <Unicode>intereft</Unicode>
                    </TextEquiv>
                    <TextStyle fontFamily="Times New Roman" fontSize="8.5"/>
                </Word>
                <Word id="w_w2aab1b1b2b9b1ac41" language="English" custom="readingOrder {index:3;}">
                    <Coords points="2050,1771 2233,1771 2233,1930 2050,1930"/>
                    <TextEquiv>
                        <Unicode>qui</Unicode>
                    </TextEquiv>
                    <TextStyle fontFamily="Times New Roman" fontSize="8.5"/>
                </Word>
                <Word id="w_w2aab1b1b2b9b1ac49" language="English" custom="readingOrder {index:4;}">
                    <Coords points="2304,1777 2401,1777 2401,1885 2304,1885"/>
                    <TextEquiv>
                        <Unicode>le</Unicode>
                    </TextEquiv>
                    <TextStyle fontFamily="Times New Roman" fontSize="8.5"/>
                </Word>
                <Word id="w_w2aab1b1b2b9b1ac55" language="English" custom="readingOrder {index:5;}">
                    <Coords points="2446,1770 2725,1770 2725,1885 2446,1885"/>
                    <TextEquiv>
                        <Unicode>rend</Unicode>
                    </TextEquiv>
                    <TextStyle fontFamily="Times New Roman" fontSize="8.5"/>
                </Word>
                <Word id="w_w2aab1b1b2b9b1ac65" language="English" custom="readingOrder {index:6;}">
                    <Coords points="2770,1777 3277,1777 3277,1890 2770,1890"/>
                    <TextEquiv>
                        <Unicode>criminel</Unicode>
                    </TextEquiv>
                    <TextStyle fontFamily="Times New Roman" fontSize="8.5"/>
                </Word>
                <Word id="w_w2aab1b1b2b9b1ac83" language="English" custom="readingOrder {index:7;}">
                    <Coords points="3316,1792 3349,1792 3349,1885 3316,1885"/>
                    <TextEquiv>
                        <Unicode>?</Unicode>
                    </TextEquiv>
                    <TextStyle fontFamily="Times New Roman" fontSize="8.5"/>
                </Word>
                <TextEquiv>
                    <Unicode>Eſt-ce mon intereſt qui le rend criminel?</Unicode>
                </TextEquiv>
                <TextStyle fontFamily="Times New Roman" fontSize="8.5"/>
            </TextLine>
            <TextEquiv>
                <Unicode>Eſt-ce mon intereſt qui le rend criminel?</Unicode>
            </TextEquiv>
        </TextRegion>
        <TextRegion type="paragraph" id="r_1_6" custom="readingOrder {index:5;}">
            <Coords points="774,1921 4013,1921 4013,2227 774,2227"/>
            <TextLine id="tl_8" primaryLanguage="English" custom="readingOrder {index:0;}">
                <Coords points="775,1922 4012,1922 4012,2116 775,2116"/>
                <Baseline points="775,2052 1126,2047 1428,2051 1612,2046 2038,2047 2426,2042 2736,2046 3156,2052 3382,2043 3732,2046 4012,2077"/>
                <Word id="w_w2aab1b1b2c11b1ab1" language="English" custom="readingOrder {index:0;}">
                    <Coords points="775,1944 1126,1944 1126,2052 775,2052"/>
                    <TextEquiv>
                        <Unicode>Heias</Unicode>
                    </TextEquiv>
                    <TextStyle fontFamily="Times New Roman" fontSize="8.5"/>
                </Word>
                <Word id="w_w2aab1b1b2c11b1ac13" language="English" custom="readingOrder {index:1;}">
                    <Coords points="1205,1960 1428,1960 1428,2052 1205,2052"/>
                    <TextEquiv>
                        <Unicode>Ion</Unicode>
                    </TextEquiv>
                    <TextStyle fontFamily="Times New Roman" fontSize="8.5"/>
                </Word>
                <Word id="w_w2aab1b1b2c11b1ac21" language="English" custom="readingOrder {index:2;}">
                    <Coords points="1469,1969 1612,1969 1612,2046 1469,2046"/>
                    <TextEquiv>
                        <Unicode>ne</Unicode>
                    </TextEquiv>
                    <TextStyle fontFamily="Times New Roman" fontSize="8.5"/>
                </Word>
                <Word id="w_w2aab1b1b2c11b1ac27" language="English" custom="readingOrder {index:3;}">
                    <Coords points="1685,1937 2038,1937 2038,2047 1685,2047"/>
                    <TextEquiv>
                        <Unicode>craint</Unicode>
                    </TextEquiv>
                    <TextStyle fontFamily="Times New Roman" fontSize="8.5"/>
                </Word>
                <Word id="w_w2aab1b1b2c11b1ac41" language="English" custom="readingOrder {index:4;}">
                    <Coords points="2101,1933 2426,1933 2426,2086 2101,2086"/>
                    <TextEquiv>
                        <Unicode>point</Unicode>
                    </TextEquiv>
                    <TextStyle fontFamily="Times New Roman" fontSize="8.5"/>
                </Word>
                <Word id="w_w2aab1b1b2c11b1ac53" language="English" custom="readingOrder {index:5;}">
                    <Coords points="2475,1932 2736,1932 2736,2092 2475,2092"/>
                    <TextEquiv>
                        <Unicode>quil</Unicode>
                    </TextEquiv>
                    <TextStyle fontFamily="Times New Roman" fontSize="8.5"/>
                </Word>
                <Word id="w_w2aab1b1b2c11b1ac63" language="English" custom="readingOrder {index:6;}">
                    <Coords points="2779,1978 3156,1978 3156,2103 2779,2103"/>
                    <TextEquiv>
                        <Unicode>vange</Unicode>
                    </TextEquiv>
                    <TextStyle fontFamily="Times New Roman" fontSize="8.5"/>
                </Word>
                <Word id="w_w2aab1b1b2c11b1ac75" language="English" custom="readingOrder {index:7;}">
                    <Coords points="3235,1970 3382,1970 3382,2051 3235,2051"/>
                    <TextEquiv>
                        <Unicode>un</Unicode>
                    </TextEquiv>
                    <TextStyle fontFamily="Times New Roman" fontSize="8.5"/>
                </Word>
                <Word id="w_w2aab1b1b2c11b1ac81" language="English" custom="readingOrder {index:8;}">
                    <Coords points="3477,1933 3732,1933 3732,2082 3477,2082"/>
                    <TextEquiv>
                        <Unicode>jour</Unicode>
                    </TextEquiv>
                    <TextStyle fontFamily="Times New Roman" fontSize="8.5"/>
                </Word>
                <Word id="w_w2aab1b1b2c11b1ac91" language="English" custom="readingOrder {index:9;}">
                    <Coords points="3837,1939 4012,1939 4012,2077 3837,2077"/>
                    <TextEquiv>
                        <Unicode>fon</Unicode>
                    </TextEquiv>
                    <TextStyle fontFamily="Times New Roman" fontSize="8.5"/>
                </Word>
                <TextEquiv>
                    <Unicode>Helas! on ne craint point qu'il vange un jour ſon</Unicode>
                </TextEquiv>
                <TextStyle fontFamily="Times New Roman" fontSize="8.5"/>
            </TextLine>
            <TextLine id="tl_9" primaryLanguage="English" custom="readingOrder {index:1;}">
                <Coords points="916,2104 1231,2104 1231,2226 916,2226"/>
                <Baseline points="916,2210 1231,2224"/>
                <Word id="w_w2aab1b1b2c11b3ab1" language="English" custom="readingOrder {index:0;}">
                    <Coords points="916,2105 1231,2105 1231,2224 916,2224"/>
                    <TextEquiv>
                        <Unicode>Pere.</Unicode>
                    </TextEquiv>
                    <TextStyle fontFamily="Times New Roman" fontSize="8.5"/>
                </Word>
                <TextEquiv>
                    <Unicode>Pere.</Unicode>
                </TextEquiv>
                <TextStyle fontFamily="Times New Roman" fontSize="8.5"/>
            </TextLine>
            <TextEquiv>
                <Unicode>Helas! on ne craint point qu'il vange un jour ſon
Pere.</Unicode>
            </TextEquiv>
        </TextRegion>
        <TextRegion type="paragraph" id="r_1_7" custom="readingOrder {index:6;}">
            <Coords points="754,2241 3727,2241 3727,2426 754,2426"/>
            <TextLine id="tl_10" primaryLanguage="English" custom="readingOrder {index:0;}">
                <Coords points="755,2242 3726,2242 3726,2425 755,2425"/>
                <Baseline points="755,2355 765,2355 988,2372 1404,2365 1702,2371 2320,2371 2524,2366 2994,2365 3170,2366 3322,2371 3726,2386"/>
                <Word id="w_w2aab1b1b2c13b1ab1" language="English" custom="readingOrder {index:0;}">
                    <Coords points="755,2345 765,2345 765,2355 755,2355"/>
                    <TextEquiv>
                        <Unicode>•</Unicode>
                    </TextEquiv>
                    <TextStyle fontFamily="Times New Roman" fontSize="8.5"/>
                </Word>
                <Word id="w_w2aab1b1b2c13b1ab5" language="English" custom="readingOrder {index:1;}">
                    <Coords points="795,2268 988,2268 988,2376 795,2376"/>
                    <TextEquiv>
                        <Unicode>On</Unicode>
                    </TextEquiv>
                    <TextStyle fontFamily="Times New Roman" fontSize="8.5"/>
                </Word>
                <Word id="w_w2aab1b1b2c13b1ac11" language="English" custom="readingOrder {index:2;}">
                    <Coords points="1043,2257 1404,2257 1404,2376 1043,2376"/>
                    <TextEquiv>
                        <Unicode>craint</Unicode>
                    </TextEquiv>
                    <TextStyle fontFamily="Times New Roman" fontSize="8.5"/>
                </Word>
                <Word id="w_w2aab1b1b2c13b1ac25" language="English" custom="readingOrder {index:3;}">
                    <Coords points="1443,2263 1702,2263 1702,2410 1443,2410"/>
                    <TextEquiv>
                        <Unicode>qu’il</Unicode>
                    </TextEquiv>
                    <TextStyle fontFamily="Times New Roman" fontSize="8.5"/>
                </Word>
                <Word id="w_w2aab1b1b2c13b1ac37" language="English" custom="readingOrder {index:4;}">
                    <Coords points="1761,2253 2320,2253 2320,2416 1761,2416"/>
                    <TextEquiv>
                        <Unicode>n’efïuyaft</Unicode>
                    </TextEquiv>
                    <TextStyle fontFamily="Times New Roman" fontSize="8.5"/>
                </Word>
                <Word id="w_w2aab1b1b2c13b1ac59" language="English" custom="readingOrder {index:5;}">
                    <Coords points="2379,2262 2524,2262 2524,2374 2379,2374"/>
                    <TextEquiv>
                        <Unicode>les</Unicode>
                    </TextEquiv>
                    <TextStyle fontFamily="Times New Roman" fontSize="8.5"/>
                </Word>
                <Word id="w_w2aab1b1b2c13b1ac67" language="English" custom="readingOrder {index:6;}">
                    <Coords points="2591,2257 2994,2257 2994,2371 2591,2371"/>
                    <TextEquiv>
                        <Unicode>larmes</Unicode>
                    </TextEquiv>
                    <TextStyle fontFamily="Times New Roman" fontSize="8.5"/>
                </Word>
                <Word id="w_w2aab1b1b2c13b1ac81" language="English" custom="readingOrder {index:7;}">
                    <Coords points="3033,2252 3170,2252 3170,2366 3033,2366"/>
                    <TextEquiv>
                        <Unicode>de</Unicode>
                    </TextEquiv>
                    <TextStyle fontFamily="Times New Roman" fontSize="8.5"/>
                </Word>
                <Word id="w_w2aab1b1b2c13b1ac87" language="English" custom="readingOrder {index:8;}">
                    <Coords points="3223,2253 3322,2253 3322,2371 3223,2371"/>
                    <TextEquiv>
                        <Unicode>fa</Unicode>
                    </TextEquiv>
                    <TextStyle fontFamily="Times New Roman" fontSize="8.5"/>
                </Word>
                <Word id="w_w2aab1b1b2c13b1ac93" language="English" custom="readingOrder {index:9;}">
                    <Coords points="3361,2258 3726,2258 3726,2386 3361,2386"/>
                    <TextEquiv>
                        <Unicode>Mere,</Unicode>
                    </TextEquiv>
                    <TextStyle fontFamily="Times New Roman" fontSize="8.5"/>
                </Word>
                <TextEquiv>
                    <Unicode>On craint qu’il n’eſſuyaſt les larmes de ſa Mere.</Unicode>
                </TextEquiv>
                <TextStyle fontFamily="Times New Roman" fontSize="8.5"/>
            </TextLine>
            <TextEquiv>
                <Unicode>On craint qu’il n’eſſuyaſt les larmes de ſa Mere.</Unicode>
            </TextEquiv>
        </TextRegion>
        <TextRegion type="paragraph" id="r_1_8" custom="readingOrder {index:7;}">
            <Coords points="789,2405 3682,2405 3682,2583 789,2583"/>
            <TextLine id="tl_11" primaryLanguage="English" custom="readingOrder {index:0;}">
                <Coords points="790,2406 3681,2406 3681,2582 790,2582"/>
                <Baseline points="790,2532 889,2532 1471,2528 1767,2529 2037,2533 2143,2536 2335,2537 2709,2563 2891,2528 3195,2528 3681,2547"/>
                <Word id="w_w2aab1b1b2c15b1ab1" language="English" custom="readingOrder {index:0;}">
                    <Coords points="790,2424 889,2424 889,2532 790,2532"/>
                    <TextEquiv>
                        <Unicode>Il</Unicode>
                    </TextEquiv>
                    <TextStyle fontFamily="Times New Roman" fontSize="8.5"/>
                </Word>
                <Word id="w_w2aab1b1b2c15b1ab7" language="English" custom="readingOrder {index:1;}">
                    <Coords points="952,2420 1471,2420 1471,2538 952,2538"/>
                    <TextEquiv>
                        <Unicode>m‘aurait</Unicode>
                    </TextEquiv>
                    <TextStyle fontFamily="Times New Roman" fontSize="8.5"/>
                </Word>
                <Word id="w_w2aab1b1b2c15b1ac25" language="English" custom="readingOrder {index:2;}">
                    <Coords points="1504,2450 1767,2450 1767,2533 1504,2533"/>
                    <TextEquiv>
                        <Unicode>tenu</Unicode>
                    </TextEquiv>
                    <TextStyle fontFamily="Times New Roman" fontSize="8.5"/>
                </Word>
                <Word id="w_w2aab1b1b2c15b1ac35" language="English" custom="readingOrder {index:3;}">
                    <Coords points="1816,2424 2037,2424 2037,2538 1816,2538"/>
                    <TextEquiv>
                        <Unicode>lieu</Unicode>
                    </TextEquiv>
                    <TextStyle fontFamily="Times New Roman" fontSize="8.5"/>
                </Word>
                <Word id="w_w2aab1b1b2c15b1ac45" language="English" custom="readingOrder {index:4;}">
                    <Coords points="2070,2470 2143,2470 2143,2536 2070,2536"/>
                    <TextEquiv>
                        <Unicode>a</Unicode>
                    </TextEquiv>
                    <TextStyle fontFamily="Times New Roman" fontSize="8.5"/>
                </Word>
                <Word id="w_w2aab1b1b2c15b1ac49" language="English" custom="readingOrder {index:5;}">
                    <Coords points="2180,2461 2335,2461 2335,2538 2180,2538"/>
                    <TextEquiv>
                        <Unicode>un</Unicode>
                    </TextEquiv>
                    <TextStyle fontFamily="Times New Roman" fontSize="8.5"/>
                </Word>
                <Word id="w_w2aab1b1b2c15b1ac55" language="English" custom="readingOrder {index:6;}">
                    <Coords points="2378,2428 2709,2428 2709,2563 2378,2563"/>
                    <TextEquiv>
                        <Unicode>Pere,</Unicode>
                    </TextEquiv>
                    <TextStyle fontFamily="Times New Roman" fontSize="8.5"/>
                </Word>
                <Word id="w_w2aab1b1b2c15b1ac67" language="English" custom="readingOrder {index:7;}">
                    <Coords points="2784,2429 2891,2429 2891,2528 2784,2528"/>
                    <TextEquiv>
                        <Unicode>&amp;</Unicode>
                    </TextEquiv>
                    <TextStyle fontFamily="Times New Roman" fontSize="8.5"/>
                </Word>
                <Word id="w_w2aab1b1b2c15b1ac71" language="English" custom="readingOrder {index:8;}">
                    <Coords points="2930,2415 3195,2415 3195,2533 2930,2533"/>
                    <TextEquiv>
                        <Unicode>d'un</Unicode>
                    </TextEquiv>
                    <TextStyle fontFamily="Times New Roman" fontSize="8.5"/>
                </Word>
                <Word id="w_w2aab1b1b2c15b1ac81" language="English" custom="readingOrder {index:9;}">
                    <Coords points="3250,2429 3681,2429 3681,2567 3250,2567"/>
                    <TextEquiv>
                        <Unicode>Epoux.</Unicode>
                    </TextEquiv>
                    <TextStyle fontFamily="Times New Roman" fontSize="8.5"/>
                </Word>
                <TextEquiv>
                    <Unicode>Il m’auroit tenu lieu d'un Pere, &amp; d'un Epoux.</Unicode>
                </TextEquiv>
                <TextStyle fontFamily="Times New Roman" fontSize="8.5"/>
            </TextLine>
            <TextEquiv>
                <Unicode>Il m’auroit tenu lieu d'un Pere, &amp; d'un Epoux.</Unicode>
            </TextEquiv>
        </TextRegion>
        <TextRegion type="paragraph" id="r_1_9" custom="readingOrder {index:8;}">
            <Coords points="768,2561 4017,2561 4017,2900 768,2900"/>
            <TextLine id="tl_12" primaryLanguage="English" custom="readingOrder {index:0;}">
                <Coords points="793,2563 4016,2562 4016,2754 793,2755"/>
                <Baseline points="797,2697 1094,2695 1232,2694 1494,2694 1794,2694 2128,2698 2582,2696 2690,2725 2926,2690 3516,2690 3778,2700 4016,2715"/>
                <Word id="w_w2aab1b1b2c17b1ab1" language="English" custom="readingOrder {index:0;}">
                    <Coords points="796,2585 1094,2587 1094,2700 796,2698"/>
                    <TextEquiv>
                        <Unicode>.Mais</Unicode>
                    </TextEquiv>
                    <TextStyle fontFamily="Times New Roman" fontSize="8.5"/>
                </Word>
                <Word id="w_w2aab1b1b2c17b1ac13" language="English" custom="readingOrder {index:1;}">
                    <Coords points="1159,2588 1232,2588 1232,2694 1159,2694"/>
                    <TextEquiv>
                        <Unicode>il</Unicode>
                    </TextEquiv>
                    <TextStyle fontFamily="Times New Roman" fontSize="8.5"/>
                </Word>
                <Word id="w_w2aab1b1b2c17b1ac19" language="English" custom="readingOrder {index:2;}">
                    <Coords points="1301,2618 1494,2618 1494,2695 1301,2695"/>
                    <TextEquiv>
                        <Unicode>me</Unicode>
                    </TextEquiv>
                    <TextStyle fontFamily="Times New Roman" fontSize="8.5"/>
                </Word>
                <Word id="w_w2aab1b1b2c17b1ac25" language="English" custom="readingOrder {index:3;}">
                    <Coords points="1565,2577 1794,2577 1794,2699 1565,2699"/>
                    <TextEquiv>
                        <Unicode>faut</Unicode>
                    </TextEquiv>
                    <TextStyle fontFamily="Times New Roman" fontSize="8.5"/>
                </Word>
                <Word id="w_w2aab1b1b2c17b1ac35" language="English" custom="readingOrder {index:4;}">
                    <Coords points="1883,2617 2128,2617 2128,2699 1883,2699"/>
                    <TextEquiv>
                        <Unicode>tout</Unicode>
                    </TextEquiv>
                    <TextStyle fontFamily="Times New Roman" fontSize="8.5"/>
                </Word>
                <Word id="w_w2aab1b1b2c17b1ac45" language="English" custom="readingOrder {index:5;}">
                    <Coords points="2191,2586 2582,2586 2582,2736 2191,2736"/>
                    <TextEquiv>
                        <Unicode>perdre</Unicode>
                    </TextEquiv>
                    <TextStyle fontFamily="Times New Roman" fontSize="8.5"/>
                </Word>
                <Word id="w_w2aab1b1b2c17b1ac59" language="English" custom="readingOrder {index:6;}">
                    <Coords points="2657,2673 2690,2673 2690,2725 2657,2725"/>
                    <TextEquiv>
                        <Unicode>,</Unicode>
                    </TextEquiv>
                    <TextStyle fontFamily="Times New Roman" fontSize="8.5"/>
                </Word>
                <Word id="w_w2aab1b1b2c17b1ac63" language="English" custom="readingOrder {index:7;}">
                    <Coords points="2819,2591 2926,2591 2926,2690 2819,2690"/>
                    <TextEquiv>
                        <Unicode>&amp;</Unicode>
                    </TextEquiv>
                    <TextStyle fontFamily="Times New Roman" fontSize="8.5"/>
                </Word>
                <Word id="w_w2aab1b1b2c17b1ac67" language="English" custom="readingOrder {index:8;}">
                    <Coords points="3017,2597 3516,2597 3516,2739 3017,2739"/>
                    <TextEquiv>
                        <Unicode>toujours</Unicode>
                    </TextEquiv>
                    <TextStyle fontFamily="Times New Roman" fontSize="8.5"/>
                </Word>
                <Word id="w_w2aab1b1b2c17b1ac85" language="English" custom="readingOrder {index:9;}">
                    <Coords points="3577,2613 3778,2613 3778,2729 3577,2729"/>
                    <TextEquiv>
                        <Unicode>par</Unicode>
                    </TextEquiv>
                    <TextStyle fontFamily="Times New Roman" fontSize="8.5"/>
                </Word>
                <Word id="w_w2aab1b1b2c17b1ac93" language="English" custom="readingOrder {index:10;}">
                    <Coords points="3837,2623 4016,2623 4016,2715 3837,2715"/>
                    <TextEquiv>
                        <Unicode>vos</Unicode>
                    </TextEquiv>
                    <TextStyle fontFamily="Times New Roman" fontSize="8.5"/>
                </Word>
                <TextEquiv>
                    <Unicode>Mais il me faut tout perdre, &amp; toûjours par vos</Unicode>
                </TextEquiv>
                <TextStyle fontFamily="Times New Roman" fontSize="8.5"/>
            </TextLine>
            <TextLine id="tl_13" primaryLanguage="English" custom="readingOrder {index:1;}">
                <Coords points="942,2779 1329,2779 1329,2899 942,2899"/>
                <Baseline points="942,2861 1329,2877"/>
                <Word id="w_w2aab1b1b2c17b3ab1" language="English" custom="readingOrder {index:0;}">
                    <Coords points="942,2780 1329,2780 1329,2898 942,2898"/>
                    <TextEquiv>
                        <Unicode>coups.</Unicode>
                    </TextEquiv>
                    <TextStyle fontFamily="Times New Roman" fontSize="8.5"/>
                </Word>
                <TextEquiv>
                    <Unicode>coups.</Unicode>
                </TextEquiv>
                <TextStyle fontFamily="Times New Roman" fontSize="8.5"/>
            </TextLine>
            <TextEquiv>
                <Unicode>Mais il me faut tout perdre, &amp; toûjours par vos
coups.</Unicode>
            </TextEquiv>
        </TextRegion>
        <TextRegion type="paragraph" id="r_1_10" custom="readingOrder {index:9;}">
            <Coords points="1984,2904 2949,2898 2951,3021 1986,3027"/>
            <TextLine id="tl_14" primaryLanguage="English" custom="readingOrder {index:0;}">
                <Coords points="1985,2899 2948,2899 2954,3030 1991,3030"/>
                <Baseline points="1991,3027 2948,3029"/>
                <Word id="w_w2aab1b1b2c19b1b1b1" language="English" custom="readingOrder {index:0;}">
                    <Coords points="1985,2900 2948,2900 2948,3029 1985,3029"/>
                    <TextEquiv>
                        <Unicode>PYRRHUS.</Unicode>
                    </TextEquiv>
                    <TextStyle fontFamily="Times New Roman" fontSize="8.5"/>
                </Word>
                <TextEquiv>
                    <Unicode>PYRRHUS.</Unicode>
                </TextEquiv>
            </TextLine>
            <TextEquiv>
                <Unicode>PYRRHUS.</Unicode>
            </TextEquiv>
        </TextRegion>
        <TextRegion type="paragraph" id="r_1_11" custom="readingOrder {index:10;}">
            <Coords points="804,3056 3536,3056 3536,3231 804,3231"/>
            <TextLine id="tl_15" primaryLanguage="English" custom="readingOrder {index:0;}">
                <Coords points="804,3055 3535,3057 3535,3230 804,3228"/>
                <Baseline points="807,3192 1413,3217 1699,3185 2007,3179 2259,3179 2791,3174 3029,3169 3535,3195"/>
                <Word id="w_w2aab1b1b2c21b1ab1" language="English" custom="readingOrder {index:0;}">
                    <Coords points="804,3077 1413,3077 1413,3217 804,3217"/>
                    <TextEquiv>
                        <Unicode>.Madame,</Unicode>
                    </TextEquiv>
                    <TextStyle fontFamily="Times New Roman" fontSize="8.5"/>
                </Word>
                <Word id="w_w2aab1b1b2c21b1ac19" language="English" custom="readingOrder {index:1;}">
                    <Coords points="1462,3105 1699,3105 1699,3186 1462,3186"/>
                    <TextEquiv>
                        <Unicode>mes</Unicode>
                    </TextEquiv>
                    <TextStyle fontFamily="Times New Roman" fontSize="8.5"/>
                </Word>
                <Word id="w_w2aab1b1b2c21b1ac27" language="English" custom="readingOrder {index:2;}">
                    <Coords points="1730,3067 2007,3067 2007,3181 1730,3181"/>
                    <TextEquiv>
                        <Unicode>refus</Unicode>
                    </TextEquiv>
                    <TextStyle fontFamily="Times New Roman" fontSize="8.5"/>
                </Word>
                <Word id="w_w2aab1b1b2c21b1ac39" language="English" custom="readingOrder {index:3;}">
                    <Coords points="2060,3103 2259,3103 2259,3180 2060,3180"/>
                    <TextEquiv>
                        <Unicode>ont</Unicode>
                    </TextEquiv>
                    <TextStyle fontFamily="Times New Roman" fontSize="8.5"/>
                </Word>
                <Word id="w_w2aab1b1b2c21b1ac47" language="English" custom="readingOrder {index:4;}">
                    <Coords points="2294,3064 2791,3064 2791,3221 2294,3221"/>
                    <TextEquiv>
                        <Unicode>prévenu</Unicode>
                    </TextEquiv>
                    <TextStyle fontFamily="Times New Roman" fontSize="8.5"/>
                </Word>
                <Word id="w_w2aab1b1b2c21b1ac63" language="English" custom="readingOrder {index:5;}">
                    <Coords points="2834,3098 3029,3098 3029,3176 2834,3176"/>
                    <TextEquiv>
                        <Unicode>vos</Unicode>
                    </TextEquiv>
                    <TextStyle fontFamily="Times New Roman" fontSize="8.5"/>
                </Word>
                <Word id="w_w2aab1b1b2c21b1ac71" language="English" custom="readingOrder {index:6;}">
                    <Coords points="3078,3062 3535,3062 3535,3195 3078,3195"/>
                    <TextEquiv>
                        <Unicode>larmes.</Unicode>
                    </TextEquiv>
                    <TextStyle fontFamily="Times New Roman" fontSize="8.5"/>
                </Word>
                <TextEquiv>
                    <Unicode>Madame, mes refus ont prévenu vos larmes.</Unicode>
                </TextEquiv>
                <TextStyle fontFamily="Times New Roman" fontSize="8.5"/>
            </TextLine>
            <TextEquiv>
                <Unicode>Madame, mes refus ont prévenu vos larmes.</Unicode>
            </TextEquiv>
        </TextRegion>
        <TextRegion type="paragraph" id="r_1_12" custom="readingOrder {index:11;}">
            <Coords points="803,3212 4027,3212 4027,4200 803,4200"/>
            <TextLine id="tl_16" primaryLanguage="English" custom="readingOrder {index:0;}">
                <Coords points="805,3213 3946,3213 3946,3402 805,3402"/>
                <Baseline points="805,3358 1110,3349 1308,3347 1698,3347 2114,3342 2410,3343 2918,3331 3116,3332 3448,3326 3946,3377"/>
                <Word id="w_w2aab1b1b2c23b1ab1" language="English" custom="readingOrder {index:0;}">
                    <Coords points="805,3244 1110,3244 1110,3358 805,3358"/>
                    <TextEquiv>
                        <Unicode>Tous</Unicode>
                    </TextEquiv>
                    <TextStyle fontFamily="Times New Roman" fontSize="8.5"/>
                </Word>
                <Word id="w_w2aab1b1b2c23b1ac11" language="English" custom="readingOrder {index:1;}">
                    <Coords points="1163,3240 1308,3240 1308,3348 1163,3348"/>
                    <TextEquiv>
                        <Unicode>les</Unicode>
                    </TextEquiv>
                    <TextStyle fontFamily="Times New Roman" fontSize="8.5"/>
                </Word>
                <Word id="w_w2aab1b1b2c23b1ac19" language="English" custom="readingOrder {index:2;}">
                    <Coords points="1357,3244 1698,3244 1698,3349 1357,3349"/>
                    <TextEquiv>
                        <Unicode>Grecs</Unicode>
                    </TextEquiv>
                    <TextStyle fontFamily="Times New Roman" fontSize="8.5"/>
                </Word>
                <Word id="w_w2aab1b1b2c23b1ac31" language="English" custom="readingOrder {index:3;}">
                    <Coords points="1741,3239 2114,3239 2114,3348 1741,3348"/>
                    <TextEquiv>
                        <Unicode>m’ont</Unicode>
                    </TextEquiv>
                    <TextStyle fontFamily="Times New Roman" fontSize="8.5"/>
                </Word>
                <Word id="w_w2aab1b1b2c23b1ac43" language="English" custom="readingOrder {index:4;}">
                    <Coords points="2161,3225 2410,3225 2410,3393 2161,3393"/>
                    <TextEquiv>
                        <Unicode>déjà</Unicode>
                    </TextEquiv>
                    <TextStyle fontFamily="Times New Roman" fontSize="8.5"/>
                </Word>
                <Word id="w_w2aab1b1b2c23b1ac53" language="English" custom="readingOrder {index:5;}">
                    <Coords points="2451,3219 2918,3219 2918,3342 2451,3342"/>
                    <TextEquiv>
                        <Unicode>menacé</Unicode>
                    </TextEquiv>
                    <TextStyle fontFamily="Times New Roman" fontSize="8.5"/>
                </Word>
                <Word id="w_w2aab1b1b2c23b1ac67" language="English" custom="readingOrder {index:6;}">
                    <Coords points="2981,3230 3116,3230 3116,3337 2981,3337"/>
                    <TextEquiv>
                        <Unicode>de</Unicode>
                    </TextEquiv>
                    <TextStyle fontFamily="Times New Roman" fontSize="8.5"/>
                </Word>
                <Word id="w_w2aab1b1b2c23b1ac73" language="English" custom="readingOrder {index:7;}">
                    <Coords points="3163,3225 3448,3225 3448,3336 3163,3336"/>
                    <TextEquiv>
                        <Unicode>leurs</Unicode>
                    </TextEquiv>
                    <TextStyle fontFamily="Times New Roman" fontSize="8.5"/>
                </Word>
                <Word id="w_w2aab1b1b2c23b1ac85" language="English" custom="readingOrder {index:8;}">
                    <Coords points="3491,3229 3946,3229 3946,3377 3491,3377"/>
                    <TextEquiv>
                        <Unicode>Armes,</Unicode>
                    </TextEquiv>
                    <TextStyle fontFamily="Times New Roman" fontSize="8.5"/>
                </Word>
                <TextEquiv>
                    <Unicode>Tous les Grecs m’ont déja menacé de leurs Armes,</Unicode>
                </TextEquiv>
                <TextStyle fontFamily="Times New Roman" fontSize="8.5"/>
            </TextLine>
            <TextLine id="tl_17" primaryLanguage="English" custom="readingOrder {index:1;}">
                <Coords points="804,3380 3723,3380 3723,3552 804,3552"/>
                <Baseline points="804,3516 1105,3509 1799,3508 2235,3504 2305,3539 2487,3504 3089,3494 3281,3493 3637,3495 3723,3530"/>
                <Word id="w_w2aab1b1b2c23b3ab1" language="English" custom="readingOrder {index:0;}">
                    <Coords points="804,3403 1105,3403 1105,3516 804,3516"/>
                    <TextEquiv>
                        <Unicode>Mais</Unicode>
                    </TextEquiv>
                    <TextStyle fontFamily="Times New Roman" fontSize="8.5"/>
                </Word>
                <Word id="w_w2aab1b1b2c23b3ac11" language="English" custom="readingOrder {index:1;}">
                    <Coords points="1138,3396 1799,3396 1799,3515 1138,3515"/>
                    <TextEquiv>
                        <Unicode>aeufîcnt-ils</Unicode>
                    </TextEquiv>
                    <TextStyle fontFamily="Times New Roman" fontSize="8.5"/>
                </Word>
                <Word id="w_w2aab1b1b2c23b3ac37" language="English" custom="readingOrder {index:2;}">
                    <Coords points="1826,3432 2235,3432 2235,3508 1826,3508"/>
                    <TextEquiv>
                        <Unicode>encore</Unicode>
                    </TextEquiv>
                    <TextStyle fontFamily="Times New Roman" fontSize="8.5"/>
                </Word>
                <Word id="w_w2aab1b1b2c23b3ac51" language="English" custom="readingOrder {index:3;}">
                    <Coords points="2269,3487 2305,3487 2305,3539 2269,3539"/>
                    <TextEquiv>
                        <Unicode>,</Unicode>
                    </TextEquiv>
                    <TextStyle fontFamily="Times New Roman" fontSize="8.5"/>
                </Word>
                <Word id="w_w2aab1b1b2c23b3ac55" language="English" custom="readingOrder {index:4;}">
                    <Coords points="2348,3436 2487,3436 2487,3505 2348,3505"/>
                    <TextEquiv>
                        <Unicode>en</Unicode>
                    </TextEquiv>
                    <TextStyle fontFamily="Times New Roman" fontSize="8.5"/>
                </Word>
                <Word id="w_w2aab1b1b2c23b3ac61" language="English" custom="readingOrder {index:5;}">
                    <Coords points="2542,3385 3089,3385 3089,3541 2542,3541"/>
                    <TextEquiv>
                        <Unicode>repayant</Unicode>
                    </TextEquiv>
                    <TextStyle fontFamily="Times New Roman" fontSize="8.5"/>
                </Word>
                <Word id="w_w2aab1b1b2c23b3ac79" language="English" custom="readingOrder {index:6;}">
                    <Coords points="3132,3386 3281,3386 3281,3494 3132,3494"/>
                    <TextEquiv>
                        <Unicode>les</Unicode>
                    </TextEquiv>
                    <TextStyle fontFamily="Times New Roman" fontSize="8.5"/>
                </Word>
                <Word id="w_w2aab1b1b2c23b3ac87" language="English" custom="readingOrder {index:7;}">
                    <Coords points="3340,3390 3637,3390 3637,3498 3340,3498"/>
                    <TextEquiv>
                        <Unicode>Eaux</Unicode>
                    </TextEquiv>
                    <TextStyle fontFamily="Times New Roman" fontSize="8.5"/>
                </Word>
                <Word id="w_w2aab1b1b2c23b3ac97" language="English" custom="readingOrder {index:8;}">
                    <Coords points="3690,3476 3723,3476 3723,3530 3690,3530"/>
                    <TextEquiv>
                        <Unicode>,</Unicode>
                    </TextEquiv>
                    <TextStyle fontFamily="Times New Roman" fontSize="8.5"/>
                </Word>
                <TextEquiv>
                    <Unicode>Mais deuſſent-ils encore, en repaſſant les Eaux,</Unicode>
                </TextEquiv>
                <TextStyle fontFamily="Times New Roman" fontSize="8.5"/>
            </TextLine>
            <TextLine id="tl_18" primaryLanguage="English" custom="readingOrder {index:2;}">
                <Coords points="809,3539 3590,3539 3590,3710 809,3710"/>
                <Baseline points="809,3676 1476,3670 1894,3670 2240,3702 2544,3666 2898,3660 3500,3656 3590,3661"/>
                <Word id="w_w2aab1b1b2c23b5ab1" language="English" custom="readingOrder {index:0;}">
                    <Coords points="809,3563 1476,3563 1476,3676 809,3676"/>
                    <TextEquiv>
                        <Unicode>Demander</Unicode>
                    </TextEquiv>
                    <TextStyle fontFamily="Times New Roman" fontSize="8.5"/>
                </Word>
                <Word id="w_w2aab1b1b2c23b5ac19" language="English" custom="readingOrder {index:1;}">
                    <Coords points="1523,3558 1894,3558 1894,3676 1523,3676"/>
                    <TextEquiv>
                        <Unicode>voftre</Unicode>
                    </TextEquiv>
                    <TextStyle fontFamily="Times New Roman" fontSize="8.5"/>
                </Word>
                <Word id="w_w2aab1b1b2c23b5ac33" language="English" custom="readingOrder {index:2;}">
                    <Coords points="1969,3562 2240,3562 2240,3702 1969,3702"/>
                    <TextEquiv>
                        <Unicode>Fils,</Unicode>
                    </TextEquiv>
                    <TextStyle fontFamily="Times New Roman" fontSize="8.5"/>
                </Word>
                <Word id="w_w2aab1b1b2c23b5ac45" language="English" custom="readingOrder {index:3;}">
                    <Coords points="2283,3594 2544,3594 2544,3671 2283,3671"/>
                    <TextEquiv>
                        <Unicode>avec</Unicode>
                    </TextEquiv>
                    <TextStyle fontFamily="Times New Roman" fontSize="8.5"/>
                </Word>
                <Word id="w_w2aab1b1b2c23b5ac55" language="English" custom="readingOrder {index:4;}">
                    <Coords points="2591,3554 2898,3554 2898,3665 2591,3665"/>
                    <TextEquiv>
                        <Unicode>mille</Unicode>
                    </TextEquiv>
                    <TextStyle fontFamily="Times New Roman" fontSize="8.5"/>
                </Word>
                <Word id="w_w2aab1b1b2c23b5ac67" language="English" custom="readingOrder {index:5;}">
                    <Coords points="2937,3541 3500,3541 3500,3671 2937,3671"/>
                    <TextEquiv>
                        <Unicode>Vaifléaux</Unicode>
                    </TextEquiv>
                    <TextStyle fontFamily="Times New Roman" fontSize="8.5"/>
                </Word>
                <Word id="w_w2aab1b1b2c23b5ac87" language="English" custom="readingOrder {index:6;}">
                    <Coords points="3557,3595 3590,3595 3590,3661 3557,3661"/>
                    <TextEquiv>
                        <Unicode>:</Unicode>
                    </TextEquiv>
                    <TextStyle fontFamily="Times New Roman" fontSize="8.5"/>
                </Word>
                <TextEquiv>
                    <Unicode>Demander voſtre Fils, avec mille Vaiſſeaux:</Unicode>
                </TextEquiv>
                <TextStyle fontFamily="Times New Roman" fontSize="8.5"/>
            </TextLine>
            <TextLine id="tl_19" primaryLanguage="English" custom="readingOrder {index:3;}">
                <Coords points="810,3698 3773,3698 3773,3888 810,3888"/>
                <Baseline points="810,3848 1475,3838 1743,3833 2163,3878 2835,3828 2937,3823 3155,3818 3773,3854"/>
                <Word id="w_w2aab1b1b2c23b7ab1" language="English" custom="readingOrder {index:0;}">
                    <Coords points="810,3720 1475,3720 1475,3848 810,3848"/>
                    <TextEquiv>
                        <Unicode>Couflaft-il</Unicode>
                    </TextEquiv>
                    <TextStyle fontFamily="Times New Roman" fontSize="8.5"/>
                </Word>
                <Word id="w_w2aab1b1b2c23b7ac25" language="English" custom="readingOrder {index:1;}">
                    <Coords points="1508,3760 1743,3760 1743,3838 1508,3838"/>
                    <TextEquiv>
                        <Unicode>tout</Unicode>
                    </TextEquiv>
                    <TextStyle fontFamily="Times New Roman" fontSize="8.5"/>
                </Word>
                <Word id="w_w2aab1b1b2c23b7ac35" language="English" custom="readingOrder {index:2;}">
                    <Coords points="1776,3711 2163,3711 2163,3878 1776,3878"/>
                    <TextEquiv>
                        <Unicode>lefàng</Unicode>
                    </TextEquiv>
                    <TextStyle fontFamily="Times New Roman" fontSize="8.5"/>
                </Word>
                <Word id="w_w2aab1b1b2c23b7ac49" language="English" custom="readingOrder {index:3;}">
                    <Coords points="2216,3721 2835,3721 2835,3879 2216,3879"/>
                    <TextEquiv>
                        <Unicode>qu’Helene</Unicode>
                    </TextEquiv>
                    <TextStyle fontFamily="Times New Roman" fontSize="8.5"/>
                </Word>
                <Word id="w_w2aab1b1b2c23b7ac69" language="English" custom="readingOrder {index:4;}">
                    <Coords points="2870,3755 2937,3755 2937,3823 2870,3823"/>
                    <TextEquiv>
                        <Unicode>a</Unicode>
                    </TextEquiv>
                    <TextStyle fontFamily="Times New Roman" fontSize="8.5"/>
                </Word>
                <Word id="w_w2aab1b1b2c23b7ac73" language="English" custom="readingOrder {index:5;}">
                    <Coords points="2962,3711 3155,3711 3155,3823 2962,3823"/>
                    <TextEquiv>
                        <Unicode>fait</Unicode>
                    </TextEquiv>
                    <TextStyle fontFamily="Times New Roman" fontSize="8.5"/>
                </Word>
                <Word id="w_w2aab1b1b2c23b7ac83" language="English" custom="readingOrder {index:6;}">
                    <Coords points="3178,3701 3773,3701 3773,3859 3178,3859"/>
                    <TextEquiv>
                        <Unicode>répandre,</Unicode>
                    </TextEquiv>
                    <TextStyle fontFamily="Times New Roman" fontSize="8.5"/>
                </Word>
                <TextEquiv>
                    <Unicode>Couſtaſt-il tout le ſang qu’Helene a fait répandre,</Unicode>
                </TextEquiv>
                <TextStyle fontFamily="Times New Roman" fontSize="8.5"/>
            </TextLine>
            <TextLine id="tl_20" primaryLanguage="English" custom="readingOrder {index:4;}">
                <Coords points="809,3868 4026,3868 4026,4046 809,4046"/>
                <Baseline points="809,4010 1520,4000 1886,3996 2128,3994 2386,3991 2696,3991 3064,3985 3500,3984 3722,3985 4026,3984"/>
                <Word id="w_w2aab1b1b2c23b9ab1" language="English" custom="readingOrder {index:0;}">
                    <Coords points="809,3888 1520,3888 1520,4042 809,4042"/>
                    <TextEquiv>
                        <Unicode>Deuffay-je</Unicode>
                    </TextEquiv>
                    <TextStyle fontFamily="Times New Roman" fontSize="8.5"/>
                </Word>
                <Word id="w_w2aab1b1b2c23b9ac23" language="English" custom="readingOrder {index:1;}">
                    <Coords points="1579,3922 1886,3922 1886,4041 1579,4041"/>
                    <TextEquiv>
                        <Unicode>apres</Unicode>
                    </TextEquiv>
                    <TextStyle fontFamily="Times New Roman" fontSize="8.5"/>
                </Word>
                <Word id="w_w2aab1b1b2c23b9ac35" language="English" custom="readingOrder {index:2;}">
                    <Coords points="1933,3886 2128,3886 2128,3995 1933,3995"/>
                    <TextEquiv>
                        <Unicode>dix</Unicode>
                    </TextEquiv>
                    <TextStyle fontFamily="Times New Roman" fontSize="8.5"/>
                </Word>
                <Word id="w_w2aab1b1b2c23b9ac43" language="English" custom="readingOrder {index:3;}">
                    <Coords points="2187,3918 2386,3918 2386,3999 2187,3999"/>
                    <TextEquiv>
                        <Unicode>ans</Unicode>
                    </TextEquiv>
                    <TextStyle fontFamily="Times New Roman" fontSize="8.5"/>
                </Word>
                <Word id="w_w2aab1b1b2c23b9ac51" language="English" custom="readingOrder {index:4;}">
                    <Coords points="2451,3883 2696,3883 2696,4000 2451,4000"/>
                    <TextEquiv>
                        <Unicode>voir</Unicode>
                    </TextEquiv>
                    <TextStyle fontFamily="Times New Roman" fontSize="8.5"/>
                </Word>
                <Word id="w_w2aab1b1b2c23b9ac61" language="English" custom="readingOrder {index:5;}">
                    <Coords points="2775,3916 3064,3916 3064,3990 2775,3990"/>
                    <TextEquiv>
                        <Unicode>mon</Unicode>
                    </TextEquiv>
                    <TextStyle fontFamily="Times New Roman" fontSize="8.5"/>
                </Word>
                <Word id="w_w2aab1b1b2c23b9ac69" language="English" custom="readingOrder {index:6;}">
                    <Coords points="3157,3872 3500,3872 3500,3985 3157,3985"/>
                    <TextEquiv>
                        <Unicode>Palais</Unicode>
                    </TextEquiv>
                    <TextStyle fontFamily="Times New Roman" fontSize="8.5"/>
                </Word>
                <Word id="w_w2aab1b1b2c23b9ac83" language="English" custom="readingOrder {index:7;}">
                    <Coords points="3583,3907 3722,3907 3722,3985 3583,3985"/>
                    <TextEquiv>
                        <Unicode>en</Unicode>
                    </TextEquiv>
                    <TextStyle fontFamily="Times New Roman" fontSize="8.5"/>
                </Word>
                <Word id="w_w2aab1b1b2c23b9ac89" language="English" custom="readingOrder {index:8;}">
                    <Coords points="3797,3911 4026,3911 4026,3999 3797,3999"/>
                    <TextEquiv>
                        <Unicode>cen¬</Unicode>
                    </TextEquiv>
                    <TextStyle fontFamily="Times New Roman" fontSize="8.5"/>
                </Word>
                <TextEquiv>
                    <Unicode>Deuſſay-je apres dix ans voir mon Palais en cen¬</Unicode>
                </TextEquiv>
                <TextStyle fontFamily="Times New Roman" fontSize="8.5"/>
            </TextLine>
            <TextLine id="tl_21" primaryLanguage="English" custom="readingOrder {index:5;}">
                <Coords points="982,4047 1257,4047 1257,4199 982,4199"/>
                <Baseline points="982,4167 1177,4166 1257,4198"/>
                <Word id="w_w2aab1b1b2c23c11ab1" language="English" custom="readingOrder {index:0;}">
                    <Coords points="982,4049 1177,4049 1177,4167 982,4167"/>
                    <TextEquiv>
                        <Unicode>dre</Unicode>
                    </TextEquiv>
                    <TextStyle fontFamily="Times New Roman" fontSize="8.5"/>
                </Word>
                <Word id="w_w2aab1b1b2c23c11ab9" language="English" custom="readingOrder {index:1;}">
                    <Coords points="1221,4139 1257,4139 1257,4198 1221,4198"/>
                    <TextEquiv>
                        <Unicode>,</Unicode>
                    </TextEquiv>
                    <TextStyle fontFamily="Times New Roman" fontSize="8.5"/>
                </Word>
                <TextEquiv>
                    <Unicode>dre,</Unicode>
                </TextEquiv>
                <TextStyle fontFamily="Times New Roman" fontSize="8.5"/>
            </TextLine>
            <TextEquiv>
                <Unicode>Tous les Grecs m’ont déja menacé de leurs Armes,
Mais deuſſent-ils encore, en repaſſant les Eaux,
Demander voſtre Fils, avec mille Vaiſſeaux:
Couſtaſt-il tout le ſang qu’Helene a fait répandre,
Deuſſay-je apres dix ans voir mon Palais en cen¬
dre,</Unicode>
            </TextEquiv>
        </TextRegion>
        <TextRegion type="paragraph" id="r_1_13" custom="readingOrder {index:12;}">
            <Coords points="814,4187 3379,4187 3379,4375 814,4375"/>
            <TextLine id="tl_22" primaryLanguage="English" custom="readingOrder {index:0;}">
                <Coords points="815,4188 3378,4188 3378,4374 815,4374"/>
                <Baseline points="815,4374 948,4334 1136,4325 1632,4323 2056,4359 2218,4324 2498,4318 2614,4317 2852,4314 3378,4338"/>
                <Word id="w_w2aab1b1b2c25b1ab1" language="English" custom="readingOrder {index:0;}">
                    <Coords points="815,4226 948,4226 948,4374 815,4374"/>
                    <TextEquiv>
                        <Unicode>Je</Unicode>
                    </TextEquiv>
                    <TextStyle fontFamily="Times New Roman" fontSize="8.5"/>
                </Word>
                <Word id="w_w2aab1b1b2c25b1ab7" language="English" custom="readingOrder {index:1;}">
                    <Coords points="997,4256 1136,4256 1136,4329 997,4329"/>
                    <TextEquiv>
                        <Unicode>ne</Unicode>
                    </TextEquiv>
                    <TextStyle fontFamily="Times New Roman" fontSize="8.5"/>
                </Word>
                <Word id="w_w2aab1b1b2c25b1ac13" language="English" custom="readingOrder {index:2;}">
                    <Coords points="1175,4216 1632,4216 1632,4328 1175,4328"/>
                    <TextEquiv>
                        <Unicode>balance</Unicode>
                    </TextEquiv>
                    <TextStyle fontFamily="Times New Roman" fontSize="8.5"/>
                </Word>
                <Word id="w_w2aab1b1b2c25b1ac29" language="English" custom="readingOrder {index:3;}">
                    <Coords points="1675,4216 2056,4216 2056,4361 1675,4361"/>
                    <TextEquiv>
                        <Unicode>point,</Unicode>
                    </TextEquiv>
                    <TextStyle fontFamily="Times New Roman" fontSize="8.5"/>
                </Word>
                <Word id="w_w2aab1b1b2c25b1ac43" language="English" custom="readingOrder {index:4;}">
                    <Coords points="2111,4222 2218,4222 2218,4364 2111,4364"/>
                    <TextEquiv>
                        <Unicode>je</Unicode>
                    </TextEquiv>
                    <TextStyle fontFamily="Times New Roman" fontSize="8.5"/>
                </Word>
                <Word id="w_w2aab1b1b2c25b1ac49" language="English" custom="readingOrder {index:5;}">
                    <Coords points="2247,4212 2498,4212 2498,4329 2247,4329"/>
                    <TextEquiv>
                        <Unicode>vole</Unicode>
                    </TextEquiv>
                    <TextStyle fontFamily="Times New Roman" fontSize="8.5"/>
                </Word>
                <Word id="w_w2aab1b1b2c25b1ac59" language="English" custom="readingOrder {index:6;}">
                    <Coords points="2547,4201 2614,4201 2614,4317 2547,4317"/>
                    <TextEquiv>
                        <Unicode>à</Unicode>
                    </TextEquiv>
                    <TextStyle fontFamily="Times New Roman" fontSize="8.5"/>
                </Word>
                <Word id="w_w2aab1b1b2c25b1ac63" language="English" custom="readingOrder {index:7;}">
                    <Coords points="2661,4201 2852,4201 2852,4315 2661,4315"/>
                    <TextEquiv>
                        <Unicode>fon</Unicode>
                    </TextEquiv>
                    <TextStyle fontFamily="Times New Roman" fontSize="8.5"/>
                </Word>
                <Word id="w_w2aab1b1b2c25b1ac71" language="English" custom="readingOrder {index:8;}">
                    <Coords points="2895,4191 3378,4191 3378,4338 2895,4338"/>
                    <TextEquiv>
                        <Unicode>fècours,</Unicode>
                    </TextEquiv>
                    <TextStyle fontFamily="Times New Roman" fontSize="8.5"/>
                </Word>
                <TextEquiv>
                    <Unicode>Je ne balance point, je vole à ſon ſecours,</Unicode>
                </TextEquiv>
                <TextStyle fontFamily="Times New Roman" fontSize="8.5"/>
            </TextLine>
            <TextEquiv>
                <Unicode>Je ne balance point, je vole à ſon ſecours,</Unicode>
            </TextEquiv>
        </TextRegion>
        <TextRegion type="paragraph" id="r_1_14" custom="readingOrder {index:13;}">
            <Coords points="809,4358 4031,4358 4031,4871 809,4871"/>
            <TextLine id="tl_23" primaryLanguage="English" custom="readingOrder {index:0;}">
                <Coords points="810,4359 3621,4359 3621,4536 810,4536"/>
                <Baseline points="810,4536 953,4490 1611,4532 1767,4487 1997,4491 2235,4482 2719,4477 2913,4472 3207,4470 3621,4491"/>
                <Word id="w_w2aab1b1b2c27b1ab1" language="English" custom="readingOrder {index:0;}">
                    <Coords points="810,4390 953,4390 953,4536 810,4536"/>
                    <TextEquiv>
                        <Unicode>Je</Unicode>
                    </TextEquiv>
                    <TextStyle fontFamily="Times New Roman" fontSize="8.5"/>
                </Word>
                <Word id="w_w2aab1b1b2c27b1ab7" language="English" custom="readingOrder {index:1;}">
                    <Coords points="1012,4372 1611,4372 1611,4532 1012,4532"/>
                    <TextEquiv>
                        <Unicode>defendray</Unicode>
                    </TextEquiv>
                    <TextStyle fontFamily="Times New Roman" fontSize="8.5"/>
                </Word>
                <Word id="w_w2aab1b1b2c27b1ac27" language="English" custom="readingOrder {index:2;}">
                    <Coords points="1664,4379 1767,4379 1767,4487 1664,4487"/>
                    <TextEquiv>
                        <Unicode>fa</Unicode>
                    </TextEquiv>
                    <TextStyle fontFamily="Times New Roman" fontSize="8.5"/>
                </Word>
                <Word id="w_w2aab1b1b2c27b1ac33" language="English" custom="readingOrder {index:3;}">
                    <Coords points="1828,4379 1997,4379 1997,4491 1828,4491"/>
                    <TextEquiv>
                        <Unicode>vie</Unicode>
                    </TextEquiv>
                    <TextStyle fontFamily="Times New Roman" fontSize="8.5"/>
                </Word>
                <Word id="w_w2aab1b1b2c27b1ac41" language="English" custom="readingOrder {index:4;}">
                    <Coords points="2030,4413 2235,4413 2235,4487 2030,4487"/>
                    <TextEquiv>
                        <Unicode>aux</Unicode>
                    </TextEquiv>
                    <TextStyle fontFamily="Times New Roman" fontSize="8.5"/>
                </Word>
                <Word id="w_w2aab1b1b2c27b1ac49" language="English" custom="readingOrder {index:5;}">
                    <Coords points="2278,4368 2719,4368 2719,4522 2278,4522"/>
                    <TextEquiv>
                        <Unicode>defpens</Unicode>
                    </TextEquiv>
                    <TextStyle fontFamily="Times New Roman" fontSize="8.5"/>
                </Word>
                <Word id="w_w2aab1b1b2c27b1ac65" language="English" custom="readingOrder {index:6;}">
                    <Coords points="2780,4364 2913,4364 2913,4476 2780,4476"/>
                    <TextEquiv>
                        <Unicode>de</Unicode>
                    </TextEquiv>
                    <TextStyle fontFamily="Times New Roman" fontSize="8.5"/>
                </Word>
                <Word id="w_w2aab1b1b2c27b1ac71" language="English" custom="readingOrder {index:7;}">
                    <Coords points="2972,4399 3207,4399 3207,4472 2972,4472"/>
                    <TextEquiv>
                        <Unicode>mes</Unicode>
                    </TextEquiv>
                    <TextStyle fontFamily="Times New Roman" fontSize="8.5"/>
                </Word>
                <Word id="w_w2aab1b1b2c27b1ac79" language="English" custom="readingOrder {index:8;}">
                    <Coords points="3258,4373 3621,4373 3621,4517 3258,4517"/>
                    <TextEquiv>
                        <Unicode>jours.</Unicode>
                    </TextEquiv>
                    <TextStyle fontFamily="Times New Roman" fontSize="8.5"/>
                </Word>
                <TextEquiv>
                    <Unicode>Je defendray ſa vie aux deſpens de mes jours.</Unicode>
                </TextEquiv>
                <TextStyle fontFamily="Times New Roman" fontSize="8.5"/>
            </TextLine>
            <TextLine id="tl_24" primaryLanguage="English" custom="readingOrder {index:1;}">
                <Coords points="825,4520 4030,4520 4030,4712 825,4712"/>
                <Baseline points="825,4658 1552,4694 1774,4649 2124,4648 2200,4684 2400,4647 2554,4648 2938,4637 3268,4633 3580,4627 4030,4692"/>
                <Word id="w_w2aab1b1b2c27b3ab1" language="English" custom="readingOrder {index:0;}">
                    <Coords points="825,4545 1552,4545 1552,4694 825,4694"/>
                    <TextEquiv>
                        <Unicode>Maisparmy</Unicode>
                    </TextEquiv>
                    <TextStyle fontFamily="Times New Roman" fontSize="8.5"/>
                </Word>
                <Word id="w_w2aab1b1b2c27b3ac21" language="English" custom="readingOrder {index:1;}">
                    <Coords points="1603,4575 1774,4575 1774,4653 1603,4653"/>
                    <TextEquiv>
                        <Unicode>ces</Unicode>
                    </TextEquiv>
                    <TextStyle fontFamily="Times New Roman" fontSize="8.5"/>
                </Word>
                <Word id="w_w2aab1b1b2c27b3ac29" language="English" custom="readingOrder {index:2;}">
                    <Coords points="1811,4540 2124,4540 2124,4688 1811,4688"/>
                    <TextEquiv>
                        <Unicode>périls</Unicode>
                    </TextEquiv>
                    <TextStyle fontFamily="Times New Roman" fontSize="8.5"/>
                </Word>
                <Word id="w_w2aab1b1b2c27b3ac43" language="English" custom="readingOrder {index:3;}">
                    <Coords points="2172,4628 2200,4628 2200,4684 2172,4684"/>
                    <TextEquiv>
                        <Unicode>,</Unicode>
                    </TextEquiv>
                    <TextStyle fontFamily="Times New Roman" fontSize="8.5"/>
                </Word>
                <Word id="w_w2aab1b1b2c27b3ac47" language="English" custom="readingOrder {index:4;}">
                    <Coords points="2247,4530 2400,4530 2400,4647 2247,4647"/>
                    <TextEquiv>
                        <Unicode>où</Unicode>
                    </TextEquiv>
                    <TextStyle fontFamily="Times New Roman" fontSize="8.5"/>
                </Word>
                <Word id="w_w2aab1b1b2c27b3ac53" language="English" custom="readingOrder {index:5;}">
                    <Coords points="2449,4550 2554,4550 2554,4688 2449,4688"/>
                    <TextEquiv>
                        <Unicode>je</Unicode>
                    </TextEquiv>
                    <TextStyle fontFamily="Times New Roman" fontSize="8.5"/>
                </Word>
                <Word id="w_w2aab1b1b2c27b3ac59" language="English" custom="readingOrder {index:6;}">
                    <Coords points="2617,4561 2938,4561 2938,4643 2617,4643"/>
                    <TextEquiv>
                        <Unicode>cours</Unicode>
                    </TextEquiv>
                    <TextStyle fontFamily="Times New Roman" fontSize="8.5"/>
                </Word>
                <Word id="w_w2aab1b1b2c27b3ac71" language="English" custom="readingOrder {index:7;}">
                    <Coords points="2985,4561 3268,4561 3268,4679 2985,4679"/>
                    <TextEquiv>
                        <Unicode>pour</Unicode>
                    </TextEquiv>
                    <TextStyle fontFamily="Times New Roman" fontSize="8.5"/>
                </Word>
                <Word id="w_w2aab1b1b2c27b3ac81" language="English" custom="readingOrder {index:8;}">
                    <Coords points="3305,4555 3580,4555 3580,4634 3305,4634"/>
                    <TextEquiv>
                        <Unicode>vous</Unicode>
                    </TextEquiv>
                    <TextStyle fontFamily="Times New Roman" fontSize="8.5"/>
                </Word>
                <Word id="w_w2aab1b1b2c27b3ac91" language="English" custom="readingOrder {index:9;}">
                    <Coords points="3659,4526 4030,4526 4030,4692 3659,4692"/>
                    <TextEquiv>
                        <Unicode>plaire,</Unicode>
                    </TextEquiv>
                    <TextStyle fontFamily="Times New Roman" fontSize="8.5"/>
                </Word>
                <TextEquiv>
                    <Unicode>Mais parmy ces perils, où je cours pour vous plaire,</Unicode>
                </TextEquiv>
                <TextStyle fontFamily="Times New Roman" fontSize="8.5"/>
            </TextLine>
            <TextLine id="tl_25" primaryLanguage="English" custom="readingOrder {index:2;}">
                <Coords points="830,4680 3489,4680 3489,4870 830,4870"/>
                <Baseline points="830,4824 1039,4815 1935,4814 2143,4810 2583,4810 3003,4799 3399,4794 3489,4800"/>
                <Word id="w_w2aab1b1b2c27b5ab1" language="English" custom="readingOrder {index:0;}">
                    <Coords points="830,4717 1039,4717 1039,4824 830,4824"/>
                    <TextEquiv>
                        <Unicode>Me</Unicode>
                    </TextEquiv>
                    <TextStyle fontFamily="Times New Roman" fontSize="8.5"/>
                </Word>
                <Word id="w_w2aab1b1b2c27b5ab7" language="English" custom="readingOrder {index:1;}">
                    <Coords points="1072,4697 1935,4697 1935,4819 1072,4819"/>
                    <TextEquiv>
                        <Unicode>refufèrez-vous</Unicode>
                    </TextEquiv>
                    <TextStyle fontFamily="Times New Roman" fontSize="8.5"/>
                </Word>
                <Word id="w_w2aab1b1b2c27b5ac37" language="English" custom="readingOrder {index:2;}">
                    <Coords points="1990,4742 2143,4742 2143,4815 1990,4815"/>
                    <TextEquiv>
                        <Unicode>un</Unicode>
                    </TextEquiv>
                    <TextStyle fontFamily="Times New Roman" fontSize="8.5"/>
                </Word>
                <Word id="w_w2aab1b1b2c27b5ac43" language="English" custom="readingOrder {index:3;}">
                    <Coords points="2172,4697 2583,4697 2583,4861 2172,4861"/>
                    <TextEquiv>
                        <Unicode>regard</Unicode>
                    </TextEquiv>
                    <TextStyle fontFamily="Times New Roman" fontSize="8.5"/>
                </Word>
                <Word id="w_w2aab1b1b2c27b5ac57" language="English" custom="readingOrder {index:4;}">
                    <Coords points="2628,4693 3003,4693 3003,4805 2628,4805"/>
                    <TextEquiv>
                        <Unicode>moins</Unicode>
                    </TextEquiv>
                    <TextStyle fontFamily="Times New Roman" fontSize="8.5"/>
                </Word>
                <Word id="w_w2aab1b1b2c27b5ac69" language="English" custom="readingOrder {index:5;}">
                    <Coords points="3046,4682 3399,4682 3399,4800 3046,4800"/>
                    <TextEquiv>
                        <Unicode>fèvere</Unicode>
                    </TextEquiv>
                    <TextStyle fontFamily="Times New Roman" fontSize="8.5"/>
                </Word>
                <Word id="w_w2aab1b1b2c27b5ac83" language="English" custom="readingOrder {index:6;}">
                    <Coords points="3452,4708 3489,4708 3489,4800 3452,4800"/>
                    <TextEquiv>
                        <Unicode>?</Unicode>
                    </TextEquiv>
                    <TextStyle fontFamily="Times New Roman" fontSize="8.5"/>
                </Word>
                <TextEquiv>
                    <Unicode>Me refuſerez-vous un regard moins ſevere?</Unicode>
                </TextEquiv>
                <TextStyle fontFamily="Times New Roman" fontSize="8.5"/>
            </TextLine>
            <TextEquiv>
                <Unicode>Je defendray ſa vie aux deſpens de mes jours.
Mais parmy ces perils, où je cours pour vous plaire,
Me refuſerez-vous un regard moins ſevere?</Unicode>
            </TextEquiv>
        </TextRegion>
        <TextRegion type="paragraph" id="r_1_15" custom="readingOrder {index:14;}">
            <Coords points="828,4836 3515,4836 3515,5023 828,5023"/>
            <TextLine id="tl_26" primaryLanguage="English" custom="readingOrder {index:0;}">
                <Coords points="829,4837 3514,4837 3514,5022 829,5022"/>
                <Baseline points="829,4982 1070,4981 1246,4982 1516,4976 1698,4977 2148,5008 2544,4972 2714,4971 3034,4957 3514,4986"/>
                <Word id="w_w2aab1b1b2c29b1ab1" language="English" custom="readingOrder {index:0;}">
                    <Coords points="829,4873 1070,4873 1070,4982 829,4982"/>
                    <TextEquiv>
                        <Unicode>Haï</Unicode>
                    </TextEquiv>
                    <TextStyle fontFamily="Times New Roman" fontSize="8.5"/>
                </Word>
                <Word id="w_w2aab1b1b2c29b1ab9" language="English" custom="readingOrder {index:1;}">
                    <Coords points="1113,4874 1246,4874 1246,4982 1113,4982"/>
                    <TextEquiv>
                        <Unicode>de</Unicode>
                    </TextEquiv>
                    <TextStyle fontFamily="Times New Roman" fontSize="8.5"/>
                </Word>
                <Word id="w_w2aab1b1b2c29b1ac15" language="English" custom="readingOrder {index:2;}">
                    <Coords points="1275,4899 1516,4899 1516,4977 1275,4977"/>
                    <TextEquiv>
                        <Unicode>tous</Unicode>
                    </TextEquiv>
                    <TextStyle fontFamily="Times New Roman" fontSize="8.5"/>
                </Word>
                <Word id="w_w2aab1b1b2c29b1ac25" language="English" custom="readingOrder {index:3;}">
                    <Coords points="1553,4869 1698,4869 1698,4981 1553,4981"/>
                    <TextEquiv>
                        <Unicode>les</Unicode>
                    </TextEquiv>
                    <TextStyle fontFamily="Times New Roman" fontSize="8.5"/>
                </Word>
                <Word id="w_w2aab1b1b2c29b1ac33" language="English" custom="readingOrder {index:4;}">
                    <Coords points="1741,4874 2148,4874 2148,5008 1741,5008"/>
                    <TextEquiv>
                        <Unicode>Grecs,</Unicode>
                    </TextEquiv>
                    <TextStyle fontFamily="Times New Roman" fontSize="8.5"/>
                </Word>
                <Word id="w_w2aab1b1b2c29b1ac47" language="English" custom="readingOrder {index:5;}">
                    <Coords points="2191,4850 2544,4850 2544,5014 2191,5014"/>
                    <TextEquiv>
                        <Unicode>preffé</Unicode>
                    </TextEquiv>
                    <TextStyle fontFamily="Times New Roman" fontSize="8.5"/>
                </Word>
                <Word id="w_w2aab1b1b2c29b1ac61" language="English" custom="readingOrder {index:6;}">
                    <Coords points="2581,4859 2714,4859 2714,4971 2581,4971"/>
                    <TextEquiv>
                        <Unicode>de</Unicode>
                    </TextEquiv>
                    <TextStyle fontFamily="Times New Roman" fontSize="8.5"/>
                </Word>
                <Word id="w_w2aab1b1b2c29b1ac67" language="English" custom="readingOrder {index:7;}">
                    <Coords points="2789,4884 3034,4884 3034,4966 2789,4966"/>
                    <TextEquiv>
                        <Unicode>tous</Unicode>
                    </TextEquiv>
                    <TextStyle fontFamily="Times New Roman" fontSize="8.5"/>
                </Word>
                <Word id="w_w2aab1b1b2c29b1ac77" language="English" custom="readingOrder {index:8;}">
                    <Coords points="3077,4839 3514,4839 3514,4986 3077,4986"/>
                    <TextEquiv>
                        <Unicode>collez,</Unicode>
                    </TextEquiv>
                    <TextStyle fontFamily="Times New Roman" fontSize="8.5"/>
                </Word>
                <TextEquiv>
                    <Unicode>Haï de tous les Grecs, preſſé de tous coſtez,</Unicode>
                </TextEquiv>
                <TextStyle fontFamily="Times New Roman" fontSize="8.5"/>
            </TextLine>
            <TextEquiv>
                <Unicode>Haï de tous les Grecs, preſſé de tous coſtez,</Unicode>
            </TextEquiv>
        </TextRegion>
        <TextRegion type="paragraph" id="r_1_16" custom="readingOrder {index:15;}">
            <Coords points="829,5010 3582,5010 3582,5151 829,5151"/>
            <TextLine id="tl_27" primaryLanguage="English" custom="readingOrder {index:0;}">
                <Coords points="830,5011 3581,5011 3581,5150 830,5150"/>
                <Baseline points="830,5148 1045,5143 1677,5143 2325,5139 2701,5129 2963,5123 3581,5119"/>
                <Word id="w_w2aab1b1b2c31b1ab1" language="English" custom="readingOrder {index:0;}">
                    <Coords points="830,5041 1045,5041 1045,5148 830,5148"/>
                    <TextEquiv>
                        <Unicode>Me</Unicode>
                    </TextEquiv>
                    <TextStyle fontFamily="Times New Roman" fontSize="8.5"/>
                </Word>
                <Word id="w_w2aab1b1b2c31b1ab7" language="English" custom="readingOrder {index:1;}">
                    <Coords points="1072,5026 1677,5026 1677,5145 1072,5145"/>
                    <TextEquiv>
                        <Unicode>faudra-t’il</Unicode>
                    </TextEquiv>
                    <TextStyle fontFamily="Times New Roman" fontSize="8.5"/>
                </Word>
                <Word id="w_w2aab1b1b2c31b1ac31" language="English" custom="readingOrder {index:2;}">
                    <Coords points="1710,5027 2325,5027 2325,5144 1710,5144"/>
                    <TextEquiv>
                        <Unicode>combattre</Unicode>
                    </TextEquiv>
                    <TextStyle fontFamily="Times New Roman" fontSize="8.5"/>
                </Word>
                <Word id="w_w2aab1b1b2c31b1ac51" language="English" custom="readingOrder {index:3;}">
                    <Coords points="2360,5056 2701,5056 2701,5139 2360,5139"/>
                    <TextEquiv>
                        <Unicode>encor</Unicode>
                    </TextEquiv>
                    <TextStyle fontFamily="Times New Roman" fontSize="8.5"/>
                </Word>
                <Word id="w_w2aab1b1b2c31b1ac63" language="English" custom="readingOrder {index:4;}">
                    <Coords points="2764,5051 2963,5051 2963,5134 2764,5134"/>
                    <TextEquiv>
                        <Unicode>vos</Unicode>
                    </TextEquiv>
                    <TextStyle fontFamily="Times New Roman" fontSize="8.5"/>
                </Word>
                <Word id="w_w2aab1b1b2c31b1ac71" language="English" custom="readingOrder {index:5;}">
                    <Coords points="3010,5027 3581,5027 3581,5125 3010,5125"/>
                    <TextEquiv>
                        <Unicode>cruautéz?</Unicode>
                    </TextEquiv>
                    <TextStyle fontFamily="Times New Roman" fontSize="8.5"/>
                </Word>
                <TextEquiv>
                    <Unicode>Me faudra-t’il combattre encor vos cruautez?</Unicode>
                </TextEquiv>
                <TextStyle fontFamily="Times New Roman" fontSize="8.5"/>
            </TextLine>
            <TextEquiv>
                <Unicode>Me faudra-t’il combattre encor vos cruautez?</Unicode>
            </TextEquiv>
        </TextRegion>
        <TextRegion type="paragraph" id="r_1_17" custom="readingOrder {index:16;}">
            <Coords points="818,5167 3765,5167 3765,5517 818,5517"/>
            <TextLine id="tl_28" primaryLanguage="English" custom="readingOrder {index:0;}">
                <Coords points="819,5168 3764,5168 3764,5352 819,5352"/>
                <Baseline points="819,5352 958,5306 1268,5306 1618,5302 1934,5302 2284,5319 2816,5296 3296,5285 3764,5286"/>
                <Word id="w_w2aab1b1b2c33b1ab1" language="English" custom="readingOrder {index:0;}">
                    <Coords points="819,5198 958,5198 958,5352 819,5352"/>
                    <TextEquiv>
                        <Unicode>Je</Unicode>
                    </TextEquiv>
                    <TextStyle fontFamily="Times New Roman" fontSize="8.5"/>
                </Word>
                <Word id="w_w2aab1b1b2c33b1ab7" language="English" custom="readingOrder {index:1;}">
                    <Coords points="1001,5233 1268,5233 1268,5311 1001,5311"/>
                    <TextEquiv>
                        <Unicode>vous</Unicode>
                    </TextEquiv>
                    <TextStyle fontFamily="Times New Roman" fontSize="8.5"/>
                </Word>
                <Word id="w_w2aab1b1b2c33b1ac17" language="English" custom="readingOrder {index:2;}">
                    <Coords points="1335,5188 1618,5188 1618,5302 1335,5302"/>
                    <TextEquiv>
                        <Unicode>offre</Unicode>
                    </TextEquiv>
                    <TextStyle fontFamily="Times New Roman" fontSize="8.5"/>
                </Word>
                <Word id="w_w2aab1b1b2c33b1ac29" language="English" custom="readingOrder {index:3;}">
                    <Coords points="1649,5232 1934,5232 1934,5306 1649,5306"/>
                    <TextEquiv>
                        <Unicode>mon</Unicode>
                    </TextEquiv>
                    <TextStyle fontFamily="Times New Roman" fontSize="8.5"/>
                </Word>
                <Word id="w_w2aab1b1b2c33b1ac37" language="English" custom="readingOrder {index:4;}">
                    <Coords points="1989,5192 2284,5192 2284,5319 1989,5319"/>
                    <TextEquiv>
                        <Unicode>bras.</Unicode>
                    </TextEquiv>
                    <TextStyle fontFamily="Times New Roman" fontSize="8.5"/>
                </Word>
                <Word id="w_w2aab1b1b2c33b1ac49" language="English" custom="readingOrder {index:5;}">
                    <Coords points="2403,5189 2816,5189 2816,5336 2403,5336"/>
                    <TextEquiv>
                        <Unicode>Puis-je</Unicode>
                    </TextEquiv>
                    <TextStyle fontFamily="Times New Roman" fontSize="8.5"/>
                </Word>
                <Word id="w_w2aab1b1b2c33b1ac65" language="English" custom="readingOrder {index:6;}">
                    <Coords points="2881,5173 3296,5173 3296,5325 2881,5325"/>
                    <TextEquiv>
                        <Unicode>efpcrer</Unicode>
                    </TextEquiv>
                    <TextStyle fontFamily="Times New Roman" fontSize="8.5"/>
                </Word>
                <Word id="w_w2aab1b1b2c33b1ac81" language="English" custom="readingOrder {index:7;}">
                    <Coords points="3357,5204 3764,5204 3764,5286 3357,5286"/>
                    <TextEquiv>
                        <Unicode>encore</Unicode>
                    </TextEquiv>
                    <TextStyle fontFamily="Times New Roman" fontSize="8.5"/>
                </Word>
                <TextEquiv>
                    <Unicode>Je vous offre mon bras. Puis-je eſperer encore</Unicode>
                </TextEquiv>
                <TextStyle fontFamily="Times New Roman" fontSize="8.5"/>
            </TextLine>
            <TextLine id="tl_29" primaryLanguage="English" custom="readingOrder {index:1;}">
                <Coords points="840,5328 3707,5328 3707,5516 840,5516"/>
                <Baseline points="840,5510 1109,5469 1413,5463 2077,5463 2305,5463 2655,5457 2891,5454 3217,5448 3627,5439 3707,5446"/>
                <Word id="w_w2aab1b1b2c33b3ab1" language="English" custom="readingOrder {index:0;}">
                    <Coords points="840,5359 1109,5359 1109,5510 840,5510"/>
                    <TextEquiv>
                        <Unicode>Que</Unicode>
                    </TextEquiv>
                    <TextStyle fontFamily="Times New Roman" fontSize="8.5"/>
                </Word>
                <Word id="w_w2aab1b1b2c33b3ab9" language="English" custom="readingOrder {index:1;}">
                    <Coords points="1140,5391 1413,5391 1413,5472 1140,5472"/>
                    <TextEquiv>
                        <Unicode>vous</Unicode>
                    </TextEquiv>
                    <TextStyle fontFamily="Times New Roman" fontSize="8.5"/>
                </Word>
                <Word id="w_w2aab1b1b2c33b3ac19" language="English" custom="readingOrder {index:2;}">
                    <Coords points="1458,5390 2077,5390 2077,5509 1458,5509"/>
                    <TextEquiv>
                        <Unicode>accepterez</Unicode>
                    </TextEquiv>
                    <TextStyle fontFamily="Times New Roman" fontSize="8.5"/>
                </Word>
                <Word id="w_w2aab1b1b2c33b3ac41" language="English" custom="readingOrder {index:3;}">
                    <Coords points="2152,5389 2305,5389 2305,5464 2152,5464"/>
                    <TextEquiv>
                        <Unicode>un</Unicode>
                    </TextEquiv>
                    <TextStyle fontFamily="Times New Roman" fontSize="8.5"/>
                </Word>
                <Word id="w_w2aab1b1b2c33b3ac47" language="English" custom="readingOrder {index:4;}">
                    <Coords points="2338,5380 2655,5380 2655,5463 2338,5463"/>
                    <TextEquiv>
                        <Unicode>cœur</Unicode>
                    </TextEquiv>
                    <TextStyle fontFamily="Times New Roman" fontSize="8.5"/>
                </Word>
                <Word id="w_w2aab1b1b2c33b3ac57" language="English" custom="readingOrder {index:5;}">
                    <Coords points="2698,5345 2891,5345 2891,5504 2698,5504"/>
                    <TextEquiv>
                        <Unicode>qui</Unicode>
                    </TextEquiv>
                    <TextStyle fontFamily="Times New Roman" fontSize="8.5"/>
                </Word>
                <Word id="w_w2aab1b1b2c33b3ac65" language="English" custom="readingOrder {index:6;}">
                    <Coords points="2946,5375 3217,5375 3217,5453 2946,5453"/>
                    <TextEquiv>
                        <Unicode>vous</Unicode>
                    </TextEquiv>
                    <TextStyle fontFamily="Times New Roman" fontSize="8.5"/>
                </Word>
                <Word id="w_w2aab1b1b2c33b3ac75" language="English" custom="readingOrder {index:7;}">
                    <Coords points="3280,5330 3627,5330 3627,5448 3280,5448"/>
                    <TextEquiv>
                        <Unicode>adore</Unicode>
                    </TextEquiv>
                    <TextStyle fontFamily="Times New Roman" fontSize="8.5"/>
                </Word>
                <Word id="w_w2aab1b1b2c33b3ac87" language="English" custom="readingOrder {index:8;}">
                    <Coords points="3668,5360 3707,5360 3707,5446 3668,5446"/>
                    <TextEquiv>
                        <Unicode>?</Unicode>
                    </TextEquiv>
                    <TextStyle fontFamily="Times New Roman" fontSize="8.5"/>
                </Word>
                <TextEquiv>
                    <Unicode>Que vous accepterez un cœur qui vous adore?</Unicode>
                </TextEquiv>
                <TextStyle fontFamily="Times New Roman" fontSize="8.5"/>
            </TextLine>
            <TextEquiv>
                <Unicode>Je vous offre mon bras. Puis-je eſperer encore
Que vous accepterez un cœur qui vous adore?</Unicode>
            </TextEquiv>
        </TextRegion>
        <TextRegion type="paragraph" id="r_1_18" custom="readingOrder {index:17;}">
            <Coords points="843,5489 3744,5489 3744,5843 843,5843"/>
            <TextLine id="tl_30" primaryLanguage="English" custom="readingOrder {index:0;}">
                <Coords points="845,5490 3672,5490 3672,5676 845,5676"/>
                <Baseline points="845,5630 1024,5635 1794,5630 2118,5630 2430,5624 2512,5650 2740,5619 2938,5615 3216,5613 3672,5595"/>
                <Word id="w_w2aab1b1b2c35b1ab1" language="English" custom="readingOrder {index:0;}">
                    <Coords points="845,5521 1024,5521 1024,5635 845,5635"/>
                    <TextEquiv>
                        <Unicode>En</Unicode>
                    </TextEquiv>
                    <TextStyle fontFamily="Times New Roman" fontSize="8.5"/>
                </Word>
                <Word id="w_w2aab1b1b2c35b1ab7" language="English" custom="readingOrder {index:1;}">
                    <Coords points="1093,5516 1794,5516 1794,5634 1093,5634"/>
                    <TextEquiv>
                        <Unicode>combattant</Unicode>
                    </TextEquiv>
                    <TextStyle fontFamily="Times New Roman" fontSize="8.5"/>
                </Word>
                <Word id="w_w2aab1b1b2c35b1ac29" language="English" custom="readingOrder {index:2;}">
                    <Coords points="1831,5551 2118,5551 2118,5670 1831,5670"/>
                    <TextEquiv>
                        <Unicode>pour</Unicode>
                    </TextEquiv>
                    <TextStyle fontFamily="Times New Roman" fontSize="8.5"/>
                </Word>
                <Word id="w_w2aab1b1b2c35b1ac39" language="English" custom="readingOrder {index:3;}">
                    <Coords points="2155,5549 2430,5549 2430,5630 2155,5630"/>
                    <TextEquiv>
                        <Unicode>vous</Unicode>
                    </TextEquiv>
                    <TextStyle fontFamily="Times New Roman" fontSize="8.5"/>
                </Word>
                <Word id="w_w2aab1b1b2c35b1ac49" language="English" custom="readingOrder {index:4;}">
                    <Coords points="2480,5604 2512,5604 2512,5650 2480,5650"/>
                    <TextEquiv>
                        <Unicode>,</Unicode>
                    </TextEquiv>
                    <TextStyle fontFamily="Times New Roman" fontSize="8.5"/>
                </Word>
                <Word id="w_w2aab1b1b2c35b1ac53" language="English" custom="readingOrder {index:5;}">
                    <Coords points="2555,5546 2740,5546 2740,5619 2555,5619"/>
                    <TextEquiv>
                        <Unicode>me</Unicode>
                    </TextEquiv>
                    <TextStyle fontFamily="Times New Roman" fontSize="8.5"/>
                </Word>
                <Word id="w_w2aab1b1b2c35b1ac59" language="English" custom="readingOrder {index:6;}">
                    <Coords points="2783,5508 2938,5508 2938,5620 2783,5620"/>
                    <TextEquiv>
                        <Unicode>fer</Unicode>
                    </TextEquiv>
                    <TextStyle fontFamily="Times New Roman" fontSize="8.5"/>
                </Word>
                <Word id="w_w2aab1b1b2c35b1ac67" language="English" custom="readingOrder {index:7;}">
                    <Coords points="2945,5503 3216,5503 3216,5615 2945,5615"/>
                    <TextEquiv>
                        <Unicode>a-1'il</Unicode>
                    </TextEquiv>
                    <TextStyle fontFamily="Times New Roman" fontSize="8.5"/>
                </Word>
                <Word id="w_w2aab1b1b2c35b1ac81" language="English" custom="readingOrder {index:8;}">
                    <Coords points="3253,5491 3672,5491 3672,5649 3253,5649"/>
                    <TextEquiv>
                        <Unicode>permis</Unicode>
                    </TextEquiv>
                    <TextStyle fontFamily="Times New Roman" fontSize="8.5"/>
                </Word>
                <TextEquiv>
                    <Unicode>En combattant pour vous, me ſera-t'il permis</Unicode>
                </TextEquiv>
                <TextStyle fontFamily="Times New Roman" fontSize="8.5"/>
            </TextLine>
            <TextLine id="tl_31" primaryLanguage="English" custom="readingOrder {index:1;}">
                <Coords points="844,5652 3743,5652 3743,5842 844,5842"/>
                <Baseline points="844,5802 1035,5801 1231,5796 1537,5792 1905,5792 2331,5787 2777,5822 3089,5772 3671,5763 3743,5766"/>
                <Word id="w_w2aab1b1b2c35b3ab1" language="English" custom="readingOrder {index:0;}">
                    <Coords points="844,5689 1035,5689 1035,5802 844,5802"/>
                    <TextEquiv>
                        <Unicode>De</Unicode>
                    </TextEquiv>
                    <TextStyle fontFamily="Times New Roman" fontSize="8.5"/>
                </Word>
                <Word id="w_w2aab1b1b2c35b3ab7" language="English" custom="readingOrder {index:1;}">
                    <Coords points="1082,5720 1231,5720 1231,5803 1082,5803"/>
                    <TextEquiv>
                        <Unicode>ne</Unicode>
                    </TextEquiv>
                    <TextStyle fontFamily="Times New Roman" fontSize="8.5"/>
                </Word>
                <Word id="w_w2aab1b1b2c35b3ac13" language="English" custom="readingOrder {index:2;}">
                    <Coords points="1264,5720 1537,5720 1537,5801 1264,5801"/>
                    <TextEquiv>
                        <Unicode>vous</Unicode>
                    </TextEquiv>
                    <TextStyle fontFamily="Times New Roman" fontSize="8.5"/>
                </Word>
                <Word id="w_w2aab1b1b2c35b3ac23" language="English" custom="readingOrder {index:3;}">
                    <Coords points="1574,5684 1905,5684 1905,5837 1574,5837"/>
                    <TextEquiv>
                        <Unicode>point</Unicode>
                    </TextEquiv>
                    <TextStyle fontFamily="Times New Roman" fontSize="8.5"/>
                </Word>
                <Word id="w_w2aab1b1b2c35b3ac35" language="English" custom="readingOrder {index:4;}">
                    <Coords points="1944,5714 2331,5714 2331,5793 1944,5793"/>
                    <TextEquiv>
                        <Unicode>conter</Unicode>
                    </TextEquiv>
                    <TextStyle fontFamily="Times New Roman" fontSize="8.5"/>
                </Word>
                <Word id="w_w2aab1b1b2c35b3ac49" language="English" custom="readingOrder {index:5;}">
                    <Coords points="2388,5708 2777,5708 2777,5828 2388,5828"/>
                    <TextEquiv>
                        <Unicode>panny</Unicode>
                    </TextEquiv>
                    <TextStyle fontFamily="Times New Roman" fontSize="8.5"/>
                </Word>
                <Word id="w_w2aab1b1b2c35b3ac61" language="English" custom="readingOrder {index:6;}">
                    <Coords points="2850,5700 3089,5700 3089,5778 2850,5778"/>
                    <TextEquiv>
                        <Unicode>mes</Unicode>
                    </TextEquiv>
                    <TextStyle fontFamily="Times New Roman" fontSize="8.5"/>
                </Word>
                <Word id="w_w2aab1b1b2c35b3ac69" language="English" custom="readingOrder {index:7;}">
                    <Coords points="3138,5653 3671,5653 3671,5782 3138,5782"/>
                    <TextEquiv>
                        <Unicode>Ennemis</Unicode>
                    </TextEquiv>
                    <TextStyle fontFamily="Times New Roman" fontSize="8.5"/>
                </Word>
                <Word id="w_w2aab1b1b2c35b3ac85" language="English" custom="readingOrder {index:8;}">
                    <Coords points="3700,5670 3743,5670 3743,5766 3700,5766"/>
                    <TextEquiv>
                        <Unicode>?</Unicode>
                    </TextEquiv>
                    <TextStyle fontFamily="Times New Roman" fontSize="8.5"/>
                </Word>
                <TextEquiv>
                    <Unicode>De ne vous point conter parmy mes Ennemis?</Unicode>
                </TextEquiv>
                <TextStyle fontFamily="Times New Roman" fontSize="8.5"/>
            </TextLine>
            <TextEquiv>
                <Unicode>En combattant pour vous, me ſera-t'il permis
De ne vous point conter parmy mes Ennemis?</Unicode>
            </TextEquiv>
        </TextRegion>
        <TextRegion type="paragraph" id="r_1_19" custom="readingOrder {index:18;}">
            <Coords points="1695,5920 3258,5920 3258,6078 1695,6078"/>
            <TextLine id="tl_32" primaryLanguage="English" custom="readingOrder {index:0;}">
                <Coords points="1696,5921 3257,5921 3257,6077 1696,6077"/>
                <Baseline points="1696,6061 2589,6060 3257,6055"/>
                <Word id="w_w2aab1b1b2c37b1ab1" language="English" custom="readingOrder {index:0;}">
                    <Coords points="1696,5937 2589,5937 2589,6061 1696,6061"/>
                    <TextEquiv>
                        <Unicode>ANDROM</Unicode>
                    </TextEquiv>
                    <TextStyle fontFamily="Times New Roman" fontSize="8.5"/>
                </Word>
                <Word id="w_w2aab1b1b2c37b1ac15" language="English" custom="readingOrder {index:1;}">
                    <Coords points="2636,5922 3257,5922 3257,6070 2636,6070"/>
                    <TextEquiv>
                        <Unicode>AQUE.</Unicode>
                    </TextEquiv>
                    <TextStyle fontFamily="Times New Roman" fontSize="8.5"/>
                </Word>
                <TextEquiv>
                    <Unicode>ANDROMAQUE.</Unicode>
                </TextEquiv>
                <TextStyle fontFamily="Times New Roman" fontSize="8.5"/>
            </TextLine>
            <TextEquiv>
                <Unicode>ANDROMAQUE.</Unicode>
            </TextEquiv>
        </TextRegion>
        <TextRegion type="paragraph" id="r_1_20" custom="readingOrder {index:19;}">
            <Coords points="848,6183 4042,6183 4042,6539 848,6539"/>
            <TextLine id="tl_33" primaryLanguage="English" custom="readingOrder {index:0;}">
                <Coords points="849,6184 3794,6184 3794,6374 849,6374"/>
                <Baseline points="849,6328 1460,6354 1718,6317 2390,6307 2472,6328 2572,6312 2888,6304 3180,6298 3336,6293 3722,6292 3794,6298"/>
                <Word id="w_w2aab1b1b2c39b1ab1" language="English" custom="readingOrder {index:0;}">
                    <Coords points="849,6215 1460,6215 1460,6373 849,6373"/>
                    <TextEquiv>
                        <Unicode>Seigneur,</Unicode>
                    </TextEquiv>
                    <TextStyle fontFamily="Times New Roman" fontSize="8.5"/>
                </Word>
                <Word id="w_w2aab1b1b2c39b1ac21" language="English" custom="readingOrder {index:1;}">
                    <Coords points="1504,6245 1718,6245 1718,6368 1504,6368"/>
                    <TextEquiv>
                        <Unicode>que</Unicode>
                    </TextEquiv>
                    <TextStyle fontFamily="Times New Roman" fontSize="8.5"/>
                </Word>
                <Word id="w_w2aab1b1b2c39b1ac29" language="English" custom="readingOrder {index:2;}">
                    <Coords points="1741,6196 2390,6196 2390,6318 1741,6318"/>
                    <TextEquiv>
                        <Unicode>faites-vous</Unicode>
                    </TextEquiv>
                    <TextStyle fontFamily="Times New Roman" fontSize="8.5"/>
                </Word>
                <Word id="w_w2aab1b1b2c39b1ac53" language="English" custom="readingOrder {index:3;}">
                    <Coords points="2434,6210 2472,6210 2472,6328 2434,6328"/>
                    <TextEquiv>
                        <Unicode>j</Unicode>
                    </TextEquiv>
                    <TextStyle fontFamily="Times New Roman" fontSize="8.5"/>
                </Word>
                <Word id="w_w2aab1b1b2c39b1b1b1" language="English" custom="readingOrder {index:4;}">
                    <Coords points="2509,6209 2618,6209 2618,6312 2509,6312"/>
                    <TextEquiv>
                        <Unicode>8c</Unicode>
                    </TextEquiv>
                    <TextStyle fontFamily="Times New Roman" fontSize="8.5" italic="true"/>
                </Word>
                <Word id="w_w2aab1b1b2c39b1b2b3" language="English" custom="readingOrder {index:5;}">
                    <Coords points="2678,6230 2888,6230 2888,6349 2678,6349"/>
                    <TextEquiv>
                        <Unicode>que</Unicode>
                    </TextEquiv>
                    <TextStyle fontFamily="Times New Roman" fontSize="8.5"/>
                </Word>
                <Word id="w_w2aab1b1b2c39b1b2c11" language="English" custom="readingOrder {index:6;}">
                    <Coords points="2945,6191 3180,6191 3180,6302 2945,6302"/>
                    <TextEquiv>
                        <Unicode>dira</Unicode>
                    </TextEquiv>
                    <TextStyle fontFamily="Times New Roman" fontSize="8.5"/>
                </Word>
                <Word id="w_w2aab1b1b2c39b1b2c21" language="English" custom="readingOrder {index:7;}">
                    <Coords points="3233,6191 3336,6191 3336,6297 3233,6297"/>
                    <TextEquiv>
                        <Unicode>la</Unicode>
                    </TextEquiv>
                    <TextStyle fontFamily="Times New Roman" fontSize="8.5"/>
                </Word>
                <Word id="w_w2aab1b1b2c39b1b2c27" language="English" custom="readingOrder {index:8;}">
                    <Coords points="3371,6190 3722,6190 3722,6298 3371,6298"/>
                    <TextEquiv>
                        <Unicode>Grece</Unicode>
                    </TextEquiv>
                    <TextStyle fontFamily="Times New Roman" fontSize="8.5"/>
                </Word>
                <Word id="w_w2aab1b1b2c39b1b2c39" language="English" custom="readingOrder {index:9;}">
                    <Coords points="3761,6206 3794,6206 3794,6298 3761,6298"/>
                    <TextEquiv>
                        <Unicode>?</Unicode>
                    </TextEquiv>
                    <TextStyle fontFamily="Times New Roman" fontSize="8.5"/>
                </Word>
                <TextEquiv>
                    <Unicode>Seigneur, que faites-vous, &amp; que dira la Grece?</Unicode>
                </TextEquiv>
            </TextLine>
            <TextLine id="tl_34" primaryLanguage="English" custom="readingOrder {index:1;}">
                <Coords points="850,6328 4041,6328 4041,6538 850,6538"/>
                <Baseline points="851,6490 1237,6490 1631,6486 1753,6485 2173,6484 2543,6474 3029,6465 3321,6461 3509,6470 4041,6464"/>
                <Word id="w_w2aab1b1b2c39b3ab1" language="English" custom="readingOrder {index:0;}">
                    <Coords points="851,6378 1237,6378 1237,6496 851,6496"/>
                    <TextEquiv>
                        <Unicode>Faut-il</Unicode>
                    </TextEquiv>
                    <TextStyle fontFamily="Times New Roman" fontSize="8.5"/>
                </Word>
                <Word id="w_w2aab1b1b2c39b3ac17" language="English" custom="readingOrder {index:1;}">
                    <Coords points="1297,6386 1631,6386 1631,6535 1297,6535"/>
                    <TextEquiv>
                        <Unicode>qu’un</Unicode>
                    </TextEquiv>
                    <TextStyle fontFamily="Times New Roman" fontSize="8.5"/>
                </Word>
                <Word id="w_w2aab1b1b2c39b3ac29" language="English" custom="readingOrder {index:2;}">
                    <Coords points="1674,6366 1753,6366 1753,6485 1674,6485"/>
                    <TextEquiv>
                        <Unicode>fx</Unicode>
                    </TextEquiv>
                    <TextStyle fontFamily="Times New Roman" fontSize="8.5"/>
                </Word>
                <Word id="w_w2aab1b1b2c39b3ac35" language="English" custom="readingOrder {index:3;}">
                    <Coords points="1807,6368 2173,6368 2173,6530 1807,6530"/>
                    <TextEquiv>
                        <Unicode>grand</Unicode>
                    </TextEquiv>
                    <TextStyle fontFamily="Times New Roman" fontSize="8.5"/>
                </Word>
                <Word id="w_w2aab1b1b2c39b3ac47" language="English" custom="readingOrder {index:4;}">
                    <Coords points="2227,6397 2543,6397 2543,6485 2227,6485"/>
                    <TextEquiv>
                        <Unicode>coeur</Unicode>
                    </TextEquiv>
                    <TextStyle fontFamily="Times New Roman" fontSize="8.5"/>
                </Word>
                <Word id="w_w2aab1b1b2c39b3ac59" language="English" custom="readingOrder {index:5;}">
                    <Coords points="2581,6387 3029,6387 3029,6475 2581,6475"/>
                    <TextEquiv>
                        <Unicode>montre</Unicode>
                    </TextEquiv>
                    <TextStyle fontFamily="Times New Roman" fontSize="8.5"/>
                </Word>
                <Word id="w_w2aab1b1b2c39b3ac73" language="English" custom="readingOrder {index:6;}">
                    <Coords points="3077,6382 3321,6382 3321,6466 3077,6466"/>
                    <TextEquiv>
                        <Unicode>tant</Unicode>
                    </TextEquiv>
                    <TextStyle fontFamily="Times New Roman" fontSize="8.5"/>
                </Word>
                <Word id="w_w2aab1b1b2c39b3ac83" language="English" custom="readingOrder {index:7;}">
                    <Coords points="3376,6352 3509,6352 3509,6470 3376,6470"/>
                    <TextEquiv>
                        <Unicode>de</Unicode>
                    </TextEquiv>
                    <TextStyle fontFamily="Times New Roman" fontSize="8.5"/>
                </Word>
                <Word id="w_w2aab1b1b2c39b3ac89" language="English" custom="readingOrder {index:8;}">
                    <Coords points="3548,6328 4041,6328 4041,6464 3548,6464"/>
                    <TextEquiv>
                        <Unicode>foibkfïè?</Unicode>
                    </TextEquiv>
                    <TextStyle fontFamily="Times New Roman" fontSize="8.5"/>
                </Word>
                <TextEquiv>
                    <Unicode>Faut-il qu’un ſi grand cœur montre tant de foibleſſe?</Unicode>
                </TextEquiv>
                <TextStyle fontFamily="Times New Roman" fontSize="8.5"/>
            </TextLine>
            <TextEquiv>
                <Unicode>Seigneur, que faites-vous, &amp; que dira la Grece?
Faut-il qu’un ſi grand cœur montre tant de foibleſſe?</Unicode>
            </TextEquiv>
        </TextRegion>
        <SeparatorRegion id="r_3" custom="readingOrder {index:20;}">
            <Coords points="1824,95 2152,95 2152,101 1824,101"/>
        </SeparatorRegion>
        <SeparatorRegion id="r_4" custom="readingOrder {index:21;}">
            <Coords points="4170,928 4267,928 4267,6542 4170,6542"/>
        </SeparatorRegion>
        <SeparatorRegion id="r_5" custom="readingOrder {index:22;}">
            <Coords points="4178,7350 4204,7350 4204,7766 4178,7766"/>
        </SeparatorRegion>
        <SeparatorRegion id="r_8" custom="readingOrder {index:23;}">
            <Coords points="4175,758 4199,758 4199,1870 4175,1870"/>
        </SeparatorRegion>
        <SeparatorRegion id="r_9" custom="readingOrder {index:24;}">
            <Coords points="4193,2 4229,2 4229,534 4193,534"/>
        </SeparatorRegion>
        <NoiseRegion id="Noise_1546612121779_1704" custom="readingOrder {index:25;}">
            <Coords points="3912,3220 3960,3220 3960,3279 3912,3279"/>
        </NoiseRegion>
    </Page>
</PcGts>
