4267 7647
852 637 1124 761 «£•
1588 614 1712 739 A
1764 611 1904 755 N
1964 612 2088 744 D
2140 612 2272 744 R
2320 608 2456 745 O
2508 613 2668 741 M
2724 614 2836 746 A
2896 611 3216 794 QU
3264 611 3408 756 Ê.

866 861 1003 1018 je
1070 866 1380 1012 puis,
1444 901 1581 977 en
1632 870 2003 978 moins
2056 867 2189 983 de
2270 901 2621 1022 temps
2698 901 2909 1027 que
2978 875 3129 981 les
3220 876 3553 983 Grecs
3624 911 3771 988 ne
3810 892 4054 1028 l'ont

1036 1056 1336 1166 pns,

868 1180 1196 1296 Dans
1256 1181 1396 1291 les
1444 1185 1758 1296 Murs
1828 1184 2242 1291 relevez
2292 1225 2920 1301 couronner
2968 1190 3332 1302 vcftre
3389 1191 3642 1321 Fils,

1675 1344 3153 1481 A.NDROMÂQUE,

871 1499 1485 1654 Seigneur,
1569 1533 1805 1610 tant
1853 1504 1987 1615 de
2071 1504 2665 1659 grandeurs
2739 1543 2885 1615 ne
2943 1548 3223 1620 nous
3307 1499 3821 1634 touchent
3858 1544 3951 1680 pl
3953 1584 4045 1670 Us

1032 1654 1426 1814 guère,

872 1817 1008 1964 Je
1042 1822 1182 1924 les
1246 1823 1420 1969 luj
1450 1847 2104 1963 promettons
2146 1857 2382 1934 tant
2426 1832 2666 1978 qu’a
2704 1857 2968 1935 vécu
3018 1845 3208 1934 Lon
3252 1828 3556 1953 Pere,

881 1978 1162 2088 Non
1205 2060 1241 2113 ,
1289 2011 1556 2087 vous
1589 1982 2118 2128 n’efperez
2161 1987 2386 2127 plus
2449 1986 2586 2098 d.e
2625 2021 2906 2093 nous
2963 1986 3322 2092 revoir
3361 2026 3765 2134 encor,

877 2137 1271 2251 Sacrez
1325 2147 1705 2276 Murs,
1777 2176 1987 2274 que
2027 2147 2207 2251 n’a
2255 2181 2407 2292 pu
2459 2147 2825 2252 couler
2833 2177 3019 2251 ver
3057 2182 3337 2252 mon
3395 2147 3875 2292 Heéfor,'

880 2296 989 2402 A
1026 2296 1157 2402 de
1190 2295 1755 2407 moindres
1792 2296 2207 2421 faveurs
2240 2305 2427 2412 des
2460 2301 3207 2416 mal-heureux
3240 2300 3918 2470 prétendent,

882 2454 1460 2610 Seigneur.
1608 2454 1904 2572 C’cfl
1938 2498 2082 2571 un
2132 2463 2372 2572 Exil
2406 2500 2606 2616 que
2650 2499 2880 2575 mes
2908 2465 3258 2615 pleurs
3296 2504 3562 2580 vous
3610 2469 4034 2616 deman¬

1016 2614 1326 2739 dent.

878 2764 1391 2885 'Souffrez
1429 2805 1639 2923 que
1669 2774 1899 2884 loin
1937 2772 2121 2885 des
2167 2789 2561 2918 Grecs,
2609 2788 2709 2891 &
2759 2777 3157 2889 mefme
3201 2778 3425 2889 loin
3475 2779 3611 2895 de
3659 2827 3975 2954 vous,

881 2927 1649 3080 J’aille.cacher
1689 2972 1969 3044 mon
2027 2937 2227 3049 ïils
2275 3027 2307 3073 ,
2347 2948 2451 3044 &
2519 2942 2923 3084 pleurer
2957 2977 3237 3048 mon
3287 2948 3707 3089 Epoux.

890 3082 1282 3199 Voftre
1330 3127 1720 3204 amour
1758 3129 2142 3203 contre
2176 3132 2450 3207 nous
2484 3098 2880 3207 allume
2912 3131 3158 3242 trop
3206 3098 3338 3208 de
3406 3097 3776 3234 haine,

886 3252 1570 3397 .Retournez,
1634 3286 2208 3368 retournez
2270 3251 2336 3364 à
2370 3258 2470 3364 la
2524 3260 2770 3369 Fille
2828 3232 3416 3387 d’Heiene,

1907 3416 1988 3523 P
2051 3431 2148 3527 Y
2215 3425 2312 3527 R
2385 3420 2482 3526 R
2545 3420 2666 3522 H
2733 3421 2840 3531 U
2909 3425 3039 3546 S,

887 3572 1037 3680 Et
1091 3566 1191 3670 le
1221 3570 2193 3725 puis-je,Madame
2225 3595 2257 3685 ?
2305 3566 2485 3686 Ah
2529 3664 2561 3710 ,
2645 3610 2849 3725 que
2903 3614 3173 3686 vous
3201 3614 3381 3684 me
3425 3575 3801 3735 gefhez
3853 3620 3879 3716 j

896 3744 1519 3850 Comment
1592 3733 1763 3886 luy
1838 3729 2227 3845 rendre
2290 3769 2437 3844 un
2530 3740 2879 3850 Cœur
2946 3773 3153 3893 que
3226 3774 3497 3850 vous
3566 3785 3751 3855 me
3808 3794 4034 3880 rete¬

1036 3922 1242 4000 nez
1294 3913 1330 4005 ?

881 4048 1268 4208 jefçay
1299 4083 1502 4209 que
1524 4043 1660 4160 de
1694 4082 1924 4160 mes
1962 4087 2302 4163 vœux
2356 4092 2512 4164 on
2550 4054 2720 4203 luy
2753 4064 3172 4203 promit
3216 4058 3756 4209 l’empire,

891 4218 1023 4362 je
1095 4208 1315 4358 fçav
1385 4243 1589 4363 que
1649 4248 1923 4358 pour
1981 4252 2377 4367 rogner
2435 4212 2625 4322 elle
2693 4219 2929 4327 vint
3003 4217 3267 4334 dans
3331 4223 3765 4367 l’Epire.

883 4376 1037 4478 Le
1081 4366 1341 4478 Sort
1385 4402 1655 4478 vous
1723 4406 1783 4518 y
1837 4371 2203 4483 voulut
2257 4377 2545 4483 l’une
2599 4386 2699 4483 &
2733 4377 3103 4497 l’autre
3161 4416 3617 4493 amener
3661 4471 3705 4513 ,

886 4540 1186 4646 Vous
1250 4561 1520 4677 pour
1564 4560 1928 4676 porter
1978 4537 2156 4647 des
2196 4525 2466 4672 fers,
2524 4536 2724 4642 Elle
2768 4571 3044 4681 pour
3092 4576 3232 4652 en
3302 4540 3780 4676 donner.

896 4685 1550 4840 Cependant
1604 4706 1904 4846 ay-je
1932 4695 2164 4841 pris
2216 4696 2676 4846 quelque
2708 4695 2934 4805 foin
2978 4695 3114 4810 de
3148 4706 3322 4850 luy
3366 4701 3696 4851 plaire
3740 4731 3776 4816 ?

887 4860 1028 4966 Et
1095 4888 1242 4961 ne
1289 4849 1838 4961 airoit-on
1897 4888 2163 5001 pas,
2197 4889 2338 4962 en
2375 4889 2790 5004 voyant
2823 4893 2954 4965 au
2987 4860 3601 4995 contraire,

887 5020 1121 5124 Vos
1161 5002 1645 5120 charmes
1703 5044 1937 5120 tout
1981 5083 2027 5095 -
2057 5004 2561 5159 puiiïàns,
2605 5028 2709 5125 &
2743 5019 2885 5125 les
2953 5013 3227 5130 liens
3271 5012 3909 5175 dédaignez,

886 5172 1307 5328 Quelle
1344 5163 1501 5279 eft
1534 5173 1705 5318 icy
1762 5178 2261 5319 Captive,
2316 5184 2421 5278 &
2474 5208 2677 5324 que
2732 5213 2999 5283 vous
3076 5218 3139 5324 y
3200 5213 3607 5335 regnez
3648 5203 3685 5289 ?

886 5332 1066 5450 Ah
1126 5358 1146 5448 !
1226 5337 1554 5493 qu’un
1608 5328 1818 5444 fèui
1876 5352 2058 5449 des
2142 5323 2620 5482 foûpirs,
2714 5369 2924 5489 que
2988 5377 3278 5448 mon
3386 5346 3746 5453 Cœur
3820 5388 4040 5464 vous

1196 5526 1614 5641 envoyé
1667 5582 1700 5632 ,

885 5652 1081 5766 S’il
1125 5641 1719 5797 s’échapoit
1767 5686 2003 5762 vers
2035 5651 2277 5791 elle,
2351 5692 2411 5802 y
2465 5657 2993 5802 porterait
3061 5656 3193 5766 de
3247 5670 3507 5817 joye
3551 5681 3581 5771 I

1595 5822 1689 5926 A
1783 5816 1899 5926 N
1981 5817 2087 5921 D
2147 5821 2247 5927 R
2325 5816 2431 5922 Ü
2515 5816 2645 5926 M
2729 5821 2829 5927 A
2889 5819 3177 5970 QJJ
3251 5826 3391 5951 E.

886 5974 1028 6080 Et
1086 6004 1654 6131 pourquoy
1708 6010 1908 6080 vos
1958 5965 2366 6121 foûpirs
2436 5970 3074 6086 feroient-ils
3152 5975 3696 6130 repoufïèz
3734 6005 3770 6092 ?

896 6134 998 6240 A
1012 6120 1540 6255 urbit-elle
1618 6124 1982 6246 oublié
2052 6169 2252 6239 vos
2320 6130 2466 6240 fer
2474 6134 2754 6244 vices
2824 6129 3172 6279 paffez
3216 6164 3252 6250 ?

891 6294 1262 6444 Troye
1295 6383 1327 6439 j
1365 6293 1839 6442 Hedlor,
1867 6325 2252 6409 contre
2281 6328 2546 6410 vous
2573 6298 3298 6430 révoltent-ils
3337 6298 3538 6413 fon
3585 6297 3860 6408 Ame
3897 6318 3934 6398 ?

3835 6449 4059 6572 Aux
