4267 7665
1422 537 1911 691 AND
1962 561 2510 717 ROM
2561 579 2678 723 A
2732 588 3270 771 QUE.

747 817 1051 925 Vous
1077 817 1575 931 attendez
1607 828 1705 935 le
1738 841 2023 985 Roy,
2146 846 2513 965 Parlez
2559 946 2598 1002 ,
2644 878 2751 977 &
2780 873 2961 1026 luy
2989 911 3506 1012 montrez

752 970 1184 1086 Contre
1208 982 1306 1090 le
1334 983 1524 1091 Fils
1558 980 2102 1111 d’Heélor
2129 1039 2364 1120 tous
2395 1017 2544 1127 les
2589 1026 2921 1142 Grecs
2955 1058 3521 1199 conjurez.

740 1131 1032 1246 Loin
1058 1132 1438 1251 de-leur
1470 1150 1982 1269 accorder
2005 1202 2128 1276 ce
2167 1171 2358 1281 Fils
2399 1172 2538 1287 de
2581 1177 2683 1291 (a
2711 1188 3321 1323 Maiflreffe
3361 1307 3400 1360 ,

745 1291 1019 1400 Leur
1053 1286 1805 1422 hainenefera
1843 1323 2367 1469 qu’irriter
2408 1326 3102 1490 fàtcndreflè.

743 1446 986 1559 Plus
1027 1493 1185 1565 on
1229 1461 1373 1571 les
1415 1496 1664 1575 veut
1709 1468 2257 1625 brouiller,
2305 1497 2533 1641 plus
2574 1540 2729 1611 on
2768 1546 2899 1619 va
2918 1517 3063 1625 les
3098 1527 3388 1654 unir,

744 1604 1200 1742 Preifez.
1302 1626 1960 1745 Demandez
2010 1673 2312 1795 tout,
2350 1691 2628 1805 pour
2661 1701 2804 1780 ne
2833 1672 3067 1789 rien
3099 1680 3531 1804 obtenir
3538 1786 3575 1824 .

740 1757 854 1873 Il
896 1767 1235 1902 vient,

1914 1959 2166 2078 OR
2228 1976 2572 2094 EST
2625 1986 2758 2117 E.

1387 2100 1581 2214 Hé
1613 2105 1934 2254 bien,
1993 2160 2129 2229 va
2165 2124 2463 2249 donc
2494 2139 2947 2295 difpofèr
2974 2156 3077 2265 la
3128 2165 3549 2280 Cruelle

739 2245 848 2355 A
904 2250 1267 2364 revoir
1314 2287 1461 2368 un
1497 2265 1921 2385 Amant
1948 2285 2132 2433 qui
2162 2324 2304 2398 ne
2343 2295 2654 2411 vient
2693 2340 2902 2463 que
2949 2349 3228 2467 pour
3273 2326 3506 2456 elle.

1529 3107 2495 3311 SCENE
2697 3146 2934 3327 II.

860 3498 1860 3708 PYRRHUS,
1979 3540 2803 3730 GRESTE,
2898 3574 3799 3747 PHOENIX.

1919 3882 2746 4039 ORESTE.
1036 4140 1335 4251 Vant
1398 4176 1611 4298 que
1690 4186 1930 4279 tous
1991 4172 2144 4289 les
2231 4191 2567 4305 Grecs
2643 4234 2917 4315 vous
2985 4216 3417 4355 parlent
3483 4255 3681 4378 par
3733 4276 3910 4367 ma

1325 4307 1661 4441 voix,
717 4434 1233 4569 Souffrez
1269 4495 1479 4613 que
1505 4460 1766 4615 j'ofè
1800 4487 1972 4639 icy
2026 4534 2208 4610 me
2246 4507 2592 4624 flatter
2644 4510 2782 4629 de
2806 4519 3035 4638 leur
3062 4527 3456 4683 choix,

724 4606 876 4716 Et
925 4621 1172 4764 qu'a
1220 4656 1418 4731 vos
1469 4660 1803 4785 yeux,
1859 4655 2452 4820 Seigneur,
2525 4690 2632 4829 je
2673 4718 3122 4799 montre
3161 4706 3616 4858 quelque
3658 4730 3905 4878 joye

720 4766 907 4875 De
939 4775 1185 4888 voir
1218 4779 1319 4888 le
1358 4784 1555 4898 Fils
1601 4793 2194 4957 d’Achille,
2250 4836 2357 4942 &
2392 4836 2487 4943 le
2526 4842 3161 5002 Vainqueur
3204 4855 3341 4968 de
3373 4871 3790 5029 Troye.

723 4922 1026 5083 Ouy.
1191 4942 1683 5069 Comme
1783 4960 1925 5078 fès
2030 4985 2479 5135 exploits
2528 5084 2563 5139 ,
2650 5039 2928 5117 nous
3032 5009 3606 5142 admirons
3711 5081 3904 5159 vos

1066 5129 1401 5253 coups
1436 5176 1471 5255 ;

710 5236 1150 5363 Heélor
1195 5266 1586 5381 tomba
1623 5272 1855 5391 fous
1891 5285 2063 5442 luy
2105 5360 2124 5383 *
2178 5309 2543 5458 Troye
2574 5325 2942 5467 expira
2982 5329 3212 5451 fous
3261 5382 3532 5462 vous
3564 5415 3597 5496 ;

715 5398 860 5510 Et
897 5443 1167 5522 vous
1206 5457 1471 5533 avez
1512 5439 2038 5591 montré,
2078 5489 2278 5604 par
2323 5504 2538 5583 une
2579 5468 3073 5608 heureufe
3112 5502 3591 5652 audace,

711 5556 986 5700 Que
1027 5574 1132 5682 le
1175 5582 1376 5693 Fils
1421 5587 1628 5708 feul
1655 5593 2191 5727 d’Achille
2220 5663 2289 5732 a
2321 5664 2469 5776 pu
2500 5649 2941 5795 remplir
2982 5648 3081 5762 fà
3114 5665 3460 5813 place.

709 5719 1017 5837 Mais
1063 5768 1185 5846 ce
1231 5745 1489 5892 qu’il
1526 5753 1871 5872 n’eufl
1916 5778 2232 5915 point
2271 5777 2522 5930 fait,
2595 5797 3095 5927 la*Grèce
3139 5858 3399 5936 avec
3449 5818 3883 5957 douleur

700 5884 1011 5995 Vous
1046 5897 1277 6005 voit
1339 5896 2295 6097 duSangTroyen
2344 5956 2747 6072 relever
2796 5969 2892 6080 le
2932 5973 3494 6131 malheur,

705 6037 847 6148 Et
891 6082 1158 6160 vous
1203 6057 1610 6182 iaiiîànt
1640 6082 2093 6207 toucher
2140 6096 2463 6222 d’une
2494 6116 2760 6262 pitié
2791 6119 3216 6250 funefle
3258 6232 3291 6281 ,

698 6193 817 6305 D
860 6237 1072 6321 une
1106 6216 1519 6345 Guerre
1547 6229 1628 6350 il
1667 6238 2070 6410 longue
2094 6277 2676 6396 entretenir
2714 6287 2810 6400 le
2850 6286 3176 6435 refie.
