4267 7849
1289 590 2585 752 TRAGEDIE.
3245 653 3525 850 14.

226 834 574 967 Enfin
618 849 998 1009 quand
1048 859 1554 972 Menelas
1594 854 2000 1008 difpofà
2036 858 2174 973 de
2208 859 2306 973 fa
2346 859 2602 973 Fille

229 1022 400 1126 Eu
455 1008 830 1135 faveur
893 1017 1034 1131 de
1087 1018 1560 1171 Pyrrhus
1609 1110 1642 1166 ,
1675 1058 2168 1190 vangeur
2237 1023 2374 1137 de
2417 1017 2526 1135 fà
2575 1021 3092 1142 Familles

215 1180 405 1294 Tu
449 1184 605 1291 vis
649 1221 937 1295 mon
985 1179 1513 1335 defèfpcir
1565 1202 1599 1326 ,
1657 1202 1765 1300 8c
1809 1222 1917 1300 tu
1957 1192 2235 1299 m’as
2299 1227 2505 1299 veu
2549 1181 2919 1335 depuis

211 1334 687 1453 Traîner
751 1345 891 1457 de
935 1355 1249 1463 Mers
1297 1389 1427 1462 en
1477 1354 1785 1458 Mers
1851 1390 2045 1462 ma
2095 1349 2489 1463 chaîne
2525 1359 2633 1463 8c
2673 1385 2909 1463 mes
2943 1340 3393 1488 ennuis/

205 1498 263 1646 J
287 1544 349 1616 e
383 1538 481 1612 te
537 1509 691 1621 vis
773 1543 835 1617 a
879 1543 1243 1673 regret
1283 1548 1417 1626 en
1477 1502 1647 1622 cèz
1687 1508 1959 1626 eftat
1989 1506 2475 1657 fimefte,

215 1656 517 1778 Prefë
563 1663 631 1779 à
695 1661 1033 1789 fuivre
1069 1707 1513 1825 partout
1559 1676 1651 1790 le
1697 1672 2327 1826 déplorable
2367 1661 2771 1789 Greffe
2821 1763 2849 1815 ,

214 1834 785 1984 Toujours
828 1835 967 1949 de
1008 1879 1203 1949 ma
1242 1833 1601 1950 fureur
1640 1840 2387 1995 interrompre
2432 1845 2531 1955 le
2596 1875 2984 1980 cours,

214 1994 360 2102 Et
400 1992 538 2103 de
572 1993 1330 2153 moy-mefîne
1364 1994 1668 2112 enfin
1706 2044 1896 2116 me
1926 1998 2290 2117 fàuver
2340 2035 2592 2117 tous
2632 2003 2776 2111 les
2822 2009 3174 2151 jours.

204 2156 512 2270 Mais
568 2161 952 2317 quand
1008 2183 1120 2327 je
1202 2207 1392 2281 me
1432 2162 1616 2276 fou
1626 2168 1948 2312 vins,
2034 2206 2244 2326 que
2320 2197 2718 2321 parmy
2786 2197 3026 2276 tant
3066 2162 3510 2286 d’allarJ

384 2356 624 2433 mes

210 2484 854 2598 Hcrmione
916 2479 978 2597 à
1058 2477 1524 2639 Pyrrhus
1580 2478 2240 2648 prodigtfoit
2286 2515 2526 2597 tous
2586 2483 2730 2597 fès
2786 2479 3380 2638 charmes*

203 2638 380 2756 Tu
433 2648 686 2802 fçais
727 2643 860 2755 de
899 2653 1152 2807 quel
1191 2688 1740 2765 courroux
1815 2688 2102 2760 mon
2135 2679 2466 2761 cœur
2499 2653 2788 2761 alors
2835 2647 3124 2808 épris

205 2810 619 2925 Voulut
659 2815 895 2949 ,‘en
929 2811 1581 2950 l’oubliant,
1625 2822 1949 2966 punir
1993 2846 2229 2921 tous
2279 2805 2423 2925 fès
2467 2805 2939 2965 mépris.

195 2970 329 3118 Je
369 2960 493 3078 fis
553 2975 909 3083 croire
957 2989 987 3119 ,
1031 2989 1141 3087 Sc
1201 2985 1309 3127 je
1359 2970 1605 3092 crûs
1651 3016 1841 3088 ma
1921 2970 2387 3089 viétoire
2453 2979 2985 3108 certaine.

199 3138 333 3282 Je
415 3139 635 3286 pris
705 3169 947 3247 tous
1033 3177 1269 3251 mes
1349 3144 1953 3292 transports
2019 3172 2307 3288 pour
2419 3137 2607 3251 des
2689 3138 3281 3294 tranfports
3363 3132 3511 3252 de

337 3286 675 3415 haine
707 3369 733 3445 ;

190 3450 795 3574 Déteifant
852 3455 999 3573 fès
1068 3465 1636 3625 rigueurs,
1728 3464 2031 3578 rahai
2044 3460 2323 3579 fiant
2386 3455 2531 3573 fès
2596 3465 3082 3598 attraits,

184 3618 324 3768 Je
384 3618 952 3737 défioisfès
996 3665 1268 3777 yeux
1328 3629 1462 3742 de
1508 3670 1692 3742 me
1742 3628 2230 3742 troubler
2306 3633 2740 3787 jamais.

204 3782 532 3896 Voilà
614 3823 1070 3901 comme
1124 3803 1228 3947 je
1284 3788 1524 3906 crûs
1600 3782 2060 3910 étouffer
2122 3827 2312 3905 ma
2386 3791 2772 3905 tendre
2786 3781 2970 3916 fié.

184 3940 522 4062 Dans
594 3991 718 4063 ce
752 3955 1100 4063 calme
1134 3991 1714 4110 trompeur
1754 3951 2576 4114 j’arrivaydans
2622 3959 2720 4069 la
2770 3946 3164 4094 Gréce^

184 4104 334 4218 Et
394 4124 502 4268 je
544 4145 1004 4269 trouvay
1054 4113 1524 4233 d'abord
1590 4114 1734 4232 fès
1824 4124 2262 4233 Princes
2326 4113 2956 4258 raffemblez
2994 4206 3032 4258 >

179 4272 574 4416 Quhm
613 4277 890 4437 péril
921 4273 1198 4391 allez
1257 4282 1622 4441 grand
1681 4272 2190 4396 fèmbloit
2227 4283 2546 4395 avoir
2611 4272 3166 4412 troublez.'

175 4436 355 4590 J’y
415 4481 855 4569 courus.
967 4451 1101 4601 Je
1135 4440 1529 4600 penfày
1569 4486 1779 4606 que
1815 4452 1913 4560 la
1971 4452 2443 4585 Guerre,
2529 4457 2639 4559 8c
2689 4451 2787 4555 la
2837 4448 3215 4559 Gloire
3219 4538 3261 4584 ,

175 4604 359 4712 De
409 4604 701 4718 foins
741 4609 977 4759 plus
1013 4609 1651 4763 important
1697 4611 2459 4764 rempliroient
2505 4645 2699 4723 ma
2735 4614 3281 4722 mémoire
3311 4660 3359 4748 §

175 4762 451 4912 Que
517 4763 1025 4887 mesfèns
1089 4804 1683 4927 reprenant
1759 4778 1979 4886 leur
2039 4773 2587 4928 première
2617 4773 3079 4937 vigueur
3103 4860 3139 4918 5

169 4926 749 5049 l’Amour
799 4931 1269 5049 achever
1279 4942 1447 5050 oit
1483 4936 1621 5050 de
1663 4932 1973 5050 fortir
2055 4936 2189 5051 de
2249 4973 2537 5049 mon
2593 4945 3011 5066 Cœur.

170 5090 472 5208 Mais
516 5095 946 5209 admire
990 5135 1252 5213 avec
1288 5142 1560 5254 moy
1590 5106 1686 5218 le
1712 5106 1978 5218 Sort
2008 5100 2290 5215 dont
2320 5101 2418 5213 la
2464 5101 3016 5255 pourfuite

168 5254 374 5372 Me
414 5262 610 5373 fait
644 5263 1014 5377 courir
1048 5267 1330 5377 alors
1368 5304 1498 5378 au
1534 5264 1862 5422 piège
1892 5304 2106 5428 que
2152 5259 2562 5419 j’évite,

164 5416 212 5556 )
250 5428 666 5540 ’entens
706 5423 840 5537 de
874 5457 1116 5541 tous
1180 5421 1544 5541 coûtez
1616 5438 1964 5582 qu’on
2004 5467 2464 5541 menace
2504 5421 3026 5581 Pyrrhus.

160 5586 538 5705 Toute
594 5595 692 5705 la
748 5585 1106 5705 Grèce
1150 5589 1494 5706 éclate
1544 5632 1682 5704 en
1758 5631 2382 5705 murmures
2432 5585 2880 5723 confus.

170 5754 364 5862 On
410 5750 504 5868 fè
568 5759 912 5905 plaint
958 5755 1646 5913 qu’oubliant
1688 5744 1882 5872 fon
1942 5764 2332 5919 Sang,
2432 5769 2536 5867 &
2612 5749 2714 5867 fà
2750 5734 3374 5909 promeflê/

163 5908 252 6020 Il
327 5912 623 6037 éîeve
679 5959 819 6031 en
875 5923 973 6031 fa
1033 5927 1339 6032 Cour
1375 5922 1989 6072 l'Ennemy
2063 5922 2199 6033 de
2249 5923 2351 6031 la
2433 5913 2847 6057 Grèce,

165 6070 799 6234 Àftyanax,
859 6081 1407 6195 d’Hedor
1467 6096 1795 6236 jeune
1879 6096 1985 6194 8c
2035 6077 2807 6195 mal-heureux
2857 6078 3133 6220 Fils,

165 6240 257 6352 R
271 6220 493 6352 elle
527 6244 665 6359 de
701 6281 937 6359 tant
977 6245 1121 6363 de
1161 6250 1433 6363 Rois
1503 6250 1733 6354 fous
1809 6260 2183 6398 Troye
2239 6239 2807 6373 enlèvelis.

153 6404 737 6562 J’apprens
797 6445 1013 6567 que
1043 6443 1325 6563 pour
1381 6414 1673 6526 ravir
1749 6404 1943 6526 fon
1979 6404 2443 6533 enfance
2501 6449 2639 6521 au
2699 6404 3293 6558 Supplice/

2529 6577 2653 6695 N
2791 6575 2921 6731 iij
