4267 7849
877 638 2161 811 TRAGEDIE.
3092 733 3326 909 iS

25 878 764 1004 Voulez-vous
810 895 1148 1049 qu'un
1191 893 1592 1025 delîèin
1644 903 1727 1025 fi
1800 916 2147 1066 beau,
2208 919 2287 1039 fi
2335 940 2954 1091 généreux,

21 1032 319 1157 Pafi'e
392 1082 681 1200 pour
747 1058 847 1167 le
909 1058 1459 1214 tranfport
1539 1072 1802 1188 d’un
1875 1074 2224 1240 Efpric
2289 1132 2894 1219 amoureux
2926 1139 2966 1228 ?

31 1204 483 1357 Captive
531 1303 564 1356 ,
601 1232 1111 1378 toujours
1159 1221 1539 1378 trifte,
1589 1241 2240 1397 importune
2275 1253 2343 1366 à
2377 1267 3201 1433 moy-mefine..

20 1364 789 1495 Pouvez-vous
857 1379 1397 1505 fouhaiter
1444 1404 2461 1575 qu’Andromaque
2493 1467 2767 1545 vous
2805 1442 3102 1561 aime
3137 1482 3180 1571 ?

24 1526 362 1669 Quels
408 1538 918 1663 charmes
960 1589 1167 1668 ont
1217 1589 1503 1708 pour
1548 1604 1827 1679 vous
1870 1570 2057 1689 des
2099 1619 2373 1734 yeux
2417 1589 3138 1756 infortune?,

18 1686 305 1831 Qifà
346 1695 544 1817 des
589 1713 938 1858 pleurs
1048 1707 1510 1842 éternels
1574 1768 1852 1846 vous
1896 1777 2160 1853 avez
2208 1752 2879 1873 condannez
2923 1787 2966 1882 ?

19 1850 288 1974 Non
354 1948 389 1994 j
435 1909 684 1985 non
720 1962 753 2015 ,
801 1874 1066 1990 d’un
1105 1880 1632 2046 Enneniy
1676 1900 2210 2052 relpeâer
2252 1912 2360 2021 la
2396 1910 2798 2036 Mifore
2839 2017 2868 2066 ,

15 2018 411 2139 Sauver
449 2028 637 2149 des
675 2034 1529 2198 Mal-heureux,
1579 2064 1986 2176 rendre
2029 2105 2174 2184 un
2233 2079 2428 2189 Fils
2494 2080 2559 2193 à
2602 2080 2702 2194 la
2744 2095 3155 2250 Mere^

16 2178 187 2296 De
235 2228 493 2308 cent
555 2206 999 2353 Peuples
1064 2248 1351 2359 pour
1431 2224 1611 2374 luy
1675 2228 2300 2353 combattre
2357 2243 2466 2353 la
2525 2248 2964 2410 rigueur
3000 2345 3047 2404 ,

14 2340 283 2469 Sans
324 2395 509 2475 me
552 2356 821 2480 faire
865 2401 1193 2522 payer
1231 2375 1429 2490 ion
1475 2375 1733 2497 falut
1773 2386 1909 2503 de
1983 2432 2277 2517 mon
2329 2410 2765 2558 Cœur,

20 2504 453 2681 Malgré
486 2565 763 2685 moy
821 2616 850 2669 ,
898 2534 1072 2645 s’il
1122 2539 1223 2649 le
1252 2534 1550 2691 faut,
1590 2550 1765 2701 luy
1810 2548 2249 2675 donner
2287 2607 2441 2685 un
2489 2575 2834 2725 azile,

31 2671 564 2844 Seigneur
643 2780 677 2837 ,
704 2697 1005 2812 voilà
1032 2693 1218 2812 des
1266 2698 1562 2823 foins
1598 2712 1996 2876 dignes
2040 2724 2189 2843 du
2254 2734 2461 2848 Fils
2500 2734 3098 2889 d’Achille,'

1220 2871 2188 3023 PYRRHUS,

9 2983 188 3109 Hé
264 3040 625 3171 quoy?
703 3014 1096 3140 Voffcre
1139 3066 1692 3151 courroux
1733 3051 2358 3208 n’a-t’ilpas
2390 3102 2522 3181 eu
2556 3060 2756 3184 lbn
2784 3108 3156 3207 cours?

10 3152 473 3293 Peut-on
517 3174 763 3298 haïr
803 3182 1039 3299 fans
1093 3194 1365 3309 celle
1405 3230 1439 3318 ?
1519 3208 1659 3314 Et
1696 3213 2240 3356 punit-on
2283 3244 2792 3380 toujours
2830 3259 2869 3354 ?

9 3312 231 3483 j’ay
270 3326 463 3455 fait
505 3341 687 3461 des
731 3347 1513 3477 Mal-heureux
1557 3455 1592 3508 ,
1639 3357 1883 3486 fans
1957 3372 2287 3497 doute
2330 3480 2367 3533 ,
2417 3402 2525 3503 &
2571 3398 2670 3508 la
2709 3393 3186 3569 Phrygie

26 3489 316 3610 Cent
358 3494 580 3621 fois
634 3508 770 3625 de
806 3510 1183 3631 voftre
1246 3516 1519 3688 fong
1568 3571 1637 3641 a
1680 3576 1831 3645 vu
1866 3580 2057 3654 ma
2096 3551 2421 3666 main
2457 3562 2884 3721 rougie.

21 3653 302 3773 Mais
351 3704 564 3828 que
598 3714 800 3789 vos
881 3719 1156 3829 yeux
1190 3679 1350 3804 for
1386 3729 1662 3845 moy
1706 3694 1802 3809 le
1830 3693 2082 3819 font
2126 3710 2379 3825 bien
2438 3757 2885 3839 exercez
2938 3750 2966 3845 !

8 3810 356 3951 Qtfils
445 3837 820 3957 m’ont
908 3842 1280 3967 vendu
1390 3853 1652 3971 bien
1712 3852 1978 3978 cher
2038 3872 2184 3984 les
2259 3879 2614 4030 pleurs
2711 3893 3024 4045 qu’ils
3090 3903 3302 4017 onf

151 3986 509 4106 verfoz
593 4022 621 4114 !

6 4134 181 4258 De
235 4160 775 4284 combien
843 4169 979 4285 de
1011 4174 1525 4293 remords
1559 4190 2117 4305 m’ont-ils
2157 4195 2506 4315 rendu
2563 4210 3042 4377 laproye
3096 4252 3144 4345 ?

1 4292 126 4443 je
158 4303 549 4437 fbufFre
588 4360 831 4448 tous
879 4338 1029 4453 les
1063 4379 1403 4455 maux
1454 4379 1667 4505 que
1723 4354 1939 4510 j’ay
1967 4348 2221 4468 faits
2253 4359 2665 4483 devant
2703 4389 3123 4540 Troye,

2 4462 418 4602 Vaincu
449 4578 482 4631 >
536 4486 954 4658 chargé
992 4507 1131 4616 de
1166 4501 1462 4651 fers,
1518 4506 1653 4622 de
1692 4548 2111 4677 regrets
2146 4522 2686 4649 confiimé
2734 4636 2772 4692 ,

5 4625 321 4754 Brûlé
358 4648 498 4764 de
521 4656 758 4806 plus
802 4664 942 4776 de
970 4664 1220 4780 feux
1261 4705 1470 4826 que
1533 4685 1642 4826 je
1676 4676 1940 4792 n’en
1978 4684 2450 4837 allumé,

0 4788 288 4919 Tant
337 4812 478 4929 de
521 4808 881 4968 foins,
964 4865 1208 4948 tant
1267 4833 1402 4948 de
1441 4839 1867 4990 pleurs,
1940 4876 2180 4964 tant
2212 4848 2772 4979 d’ardeurs
2846 4873 3292 5035 inquiéf

137 4998 295 5082 tes
354 5074 385 5111 .
480 5069 513 5112 .
582 5080 615 5116 .

10 5121 345 5251 Helas
409 5162 431 5260 î
475 5139 825 5305 fus-je
864 5157 1265 5307 jamais
1303 5157 1384 5275 fî
1421 5172 1715 5281 cruel
1782 5207 1995 5332 que
2029 5211 2307 5292 vous
2343 5180 2686 5302 l’eftes
2725 5218 2767 5310 ?

20 5289 309 5413 Mais
342 5300 651 5423 enfin
699 5402 732 5453 ,
776 5346 1023 5425 tour
1054 5314 1118 5430 à
1154 5350 1474 5470 tour,
1527 5322 1786 5445 c’eft
1829 5336 2113 5453 allez
2141 5380 2425 5455 nous
2494 5356 2869 5500 punir.

18 5453 264 5573 Nos
316 5477 832 5589 ennemis
884 5518 1495 5603 communs
1594 5496 2173 5619 devroient
2208 5543 2491 5620 nous
2534 5524 2966 5653 réunir.

14 5611 544 5751 Madame
588 5724 619 5777 ,
662 5640 1280 5803 dites-moy
1340 5651 1928 5777 feulement
1987 5701 2200 5823 que
2224 5671 2760 5850 j’efpere,

8 5775 136 5920 Je
197 5831 468 5908 vous
521 5803 856 5919 rends
898 5804 1274 5924 voflre
1340 5824 1591 5964 Fils,
1640 5835 1751 5940 &
1803 5839 1914 5980 je
1966 5831 2142 5981 luy
2206 5822 2418 5949 fors,
2458 5840 2598 5951 de
2650 5850 2960 5979 Pere,

11 5939 137 6088 Je
185 5951 834 6123 Imftruiray
889 5977 1646 6125 moy-mefïïie
1707 5983 1771 6102 à
1829 6029 2250 6155 vanger
2299 5998 2444 6109 les
2498 6005 3067 6159 Troyens,’

1 6101 329 6272 J’iray
396 6133 721 6273 punir
781 6132 929 6247 les
1005 6141 1345 6257 Grecs
1421 6143 1559 6262 de
1639 6192 1843 6268 vos
1901 6194 2235 6272 maux
2309 6173 2419 6273 &
2499 6167 2686 6278 des
2745 6173 3149 6323 mienSp

0 6259 416 6395 Animé
466 6289 733 6409 d'un
788 6304 1200 6461 regard
1247 6326 1399 6466 ,je
1448 6317 1699 6463 puis
1763 6350 2001 6431 tout
2049 6330 2893 6476 entreprendre,

0 6433 396 6568 Voftre
440 6454 743 6580 Ilion
776 6500 1121 6583 encor
1155 6501 1413 6624 peut
1446 6431 1759 6599 îortir
1814 6480 1955 6599 de
1994 6474 2098 6604 fà
2152 6488 2608 6629 cendre.
