4267 7925
1081 729 2425 877 TRAGEDIE.

3113 780 3341 936 H7

871 1877 967 2061 8
1067 1870 1911 2054 LLd^L
2167 1871 2531 2055 IV.

58 2223 1350 2401 PYRRHUS,
1542 2234 3308 2436 ANDROMAQUE.

1138 2437 1266 2573 C
1310 2437 1418 2569 E
1466 2441 1566 2586 P
1622 2442 1762 2574 H
1818 2442 1874 2566 I
1934 2442 2014 2574 S
2078 2438 2226 2579 E.

1198 2797 2174 2935 PYRRHUS.

881 2969 1234 3245 INÆ
1289 3133 1369 3237 E
1429 3122 2417 3279 cherchiez-vous,
2493 3131 3045 3260 Madame
3085 3172 3125 3268 ?

16 3280 218 3402 Un
264 3281 616 3443 efp.oir
666 3277 744 3401 fi
790 3278 1400 3402 charmant
1446 3329 1632 3407 me
1672 3287 2132 3407 fèroit-il
2182 3302 2664 3442 permis?

898 3452 2478 3597 ANDROMAQUE,

15 3616 151 3772 Je
201 3617 595 3773 pàflois
635 3611 1193 3780 jnfqu’aux
1243 3622 1595 3763 lieux,
1645 3613 1796 3737 où
1833 3623 2061 3731 l’on
2115 3628 2467 3780 garde
2493 3664 2777 3742 mon
2843 3637 3097 3767 Fils,

27 3786 269 3897 Puis
315 3793 719 3943 qu’une
753 3781 965 3897 fois
991 3782 1091 3896 le
1121 3792 1379 3938 jour
1419 3825 1693 3901 vous
1729 3777 2189 3901 fcuftrez
2239 3824 2447 3948 que
2483 3802 2587 3944 je
2637 3832 2927 3945 yoye

15 3946 415 4063 Leieul
449 3947 697 4067 bien
749 3952 935 4109 qui
971 3984 1157 4056 me
1203 3942 1555 4093 refte,
1615 3963 1725 4061 &
1775 3948 2323 4067 d’Hector
2379 3968 2489 4066 &
2543 3952 2685 4066 de
2735 3966 3159 4119 Troye,

11 4108 441 4264 Jallois
481 4211 507 4257 j
569 4121 1183 4278 Seigneur,
1233 4118 1659 4264 pleurer
1713 4153 1855 4227 un
1899 4148 2427 4232 moment
2473 4158 2737 4232 avec
2777 4126 3025 4279 luy,

10 4278 136 4402 Je
180 4283 568 4439 nel’ay
624 4287 950 4433 point
996 4318 1410 4392 encore
1450 4277 2002 4393 embrade
2070 4281 2974 4445 d’aujourd’huy,

1162 4447 2170 4578 PYRRHUS.

16 4598 208 4753 Ah
258 4613 286 4753 j
346 4603 888 4724 Madame
944 4628 962 4728 !
1064 4612 1266 4728 Les
1342 4616 1688 4759 Grecs
1728 4607 1760 4759 )
1858 4607 1942 4727 fi
2008 4613 2236 4767 j’en
2306 4648 2576 4764 çroy
2648 4622 2918 4732 leurs
2998 4617 3322 4733 aliar-

336 4809 652 4919 mes,

15 4936 317 5049 Vous
367 4933 1027 5057 donneront
1073 4938 1513 5053 bien-to
1533 4933 1627 5053 fi:
1661 4933 2131 5057 d’autres
2177 4932 2493 5094 fiijets
2555 4938 2689 5052 de
2741 4938 3195 5073 larmes*

867 5108 971 5222 À
1017 5108 1141 5222 N
1193 5108 1297 5218 D
1341 5112 1447 5222 R
1501 5113 1611 5219 O
1657 5113 1797 5227 M
1853 5113 1951 5221 A
2001 5103 2291 5258 QJJ
2343 5108 2483 5238 E,

21 5258 157 5372 Et
191 5269 543 5419 quelle
589 5263 745 5377 eft
801 5304 1079 5388 cette
1125 5304 1389 5418 peur
1435 5268 1719 5383 dont
1755 5273 1987 5391 leur
2043 5269 2407 5378 Cœur
2457 5304 2515 5378 e
2529 5258 2617 5372 fi:
2653 5252 3117 5415 frappé,

11 5418 611 5595 Seigneur?
671 5437 1199 5600 Quelque
1243 5444 1705 5583 Troyen
1765 5473 2039 5551 vous
2089 5428 2391 5544 efl-il
2445 5422 2947 5583 échappé
2993 5453 3029 5547 ?

1172 5603 2152 5724 PYRRHUS.

10 5748 286 5869 Leur
326 5753 662 5877 haine
702 5795 992 5913 pour
1032 5758 1472 5876 Heétor
1506 5759 1792 5877 n’eft
1826 5803 2018 5919 pas
2054 5794 2468 5877 encore
2524 5748 2974 5889 éteinte,

22 5918 166 6033 ils
222 5923 822 6043 redoutent
872 5924 1070 6042 fon
1166 5932 1420 6058 Fils,

870 6093 2470 6233 ANDROMAQUE,

1413 6259 1803 6419 Digne
1853 6253 2199 6415 Objet
2239 6254 2385 6368 de.
2415 6258 2643 6368 leur
2683 6243 3107 6367 crainte
3153 6269 3181 6367 \

21 6404 207 6527 Un
269 6419 703 6543 Enfant
765 6418 1549 6565 malheureux,
1625 6429 1823 6585 qui
1869 6459 2009 6539 ne
2053 6419 2301 6576 içait
2347 6454 2535 6570 pas
2585 6454 2931 6523 encor

27 6574 291 6730 Que
325 6579 797 6719 Pyrrhus
837 6584 997 6734 est
1033 6588 1229 6708 ion
1265 6600 1471 6718 Ma
1487 6579 1781 6711 litre.
1811 6605 1921 6709 Le
1951 6588 2209 6753 qu'il
2245 6578 2405 6708 eft
2461 6584 2653 6704 Fils
2709 6569 3303 6709 d'Hector*
