4267 7131
1093 398 1391 656 fur
1445 381 2427 635 Tbeopbrajle.

492 658 854 856 fore
940 666 1231 908 luy
1310 781 1398 802 -
1485 651 2126 836 mefme
2244 640 2662 822 dans
2805 692 3086 816 cet:

497 924 1162 1108 endroit
1240 913 1650 1175 qu’il
1744 966 2770 1096 commence
2840 955 3090 1074 un

515 1178 629 1368 fi
724 1174 1265 1449 grand
1359 1164 1997 1357 deffein
2147 1162 2241 1347 à
2363 1156 2797 1414 l’âge
2879 1153 3097 1334 de

511 1449 1684 1704 quatre-vingt
1806 1409 2616 1611 dix-neuf
2675 1477 3105 1632 ans,

510 1710 624 1884 il
786 1771 892 1948 y
1046 1768 1136 1877 a
1306 1754 2243 1955 apparence
2478 1692 3111 1935 qu’une

506 2019 1291 2224 prompte
1333 2016 1795 2137 mort
1893 1928 2843 2201 l’empêcha
2900 1920 3119 2102 de

512 2223 686 2404 le
777 2215 1590 2401 conduire
1704 2204 1802 2389 à
1860 2187 3110 2460 fa’perfection»

515 2499 1197 2676 J’avoue
1296 2541 1625 2730 que
1687 2464 2549 2726 l’opinion
2604 2512 3109 2633 com¬

523 2802 1053 2921 mune
1135 2807 1229 2916 a
1323 2745 2097 2970 toujours
2231 2710 2568 2894 efté
2699 2695 3116 2960 qu’il

523 3011 984 3187 avoit
1015 2983 1596 3258 pouffé
1674 2976 1840 3169 fa
1883 2996 2160 3167 vie
2218 3045 2428 3157 au
2477 2964 2864 3151 delà
2905 2956 3124 3142 de

530 3319 927 3440 cent
1034 3323 1327 3436 ans
1406 3332 1448 3457 ;
1585 3276 1783 3434 &
1889 3233 2319 3427 faint
2449 3246 3131 3427 Jerome

528 3518 942 3700 dans
1093 3582 1435 3697 une
1573 3529 2134 3695 Lettre
2217 3485 2626 3754 qu’il
2720 3479 3134 3664 écrit

540 3774 634 3960 à
708 3789 1582 4034 Nepotien
1744 3757 2258 3947 affine
2412 3743 2826 4008 qu’il
2912 3735 3145 3918 eft

552 4102 993 4216 mort
1151 4031 1245 4216 à
1388 4092 1781 4209 cent
1927 4009 2289 4280 fept
2432 4076 2725 4188 ans
2847 4072 3140 4183 ac¬

551 4288 1264 4554 complis
1319 4373 1352 4474 :
1422 4291 1632 4473 de
1718 4280 2156 4468 forte
2227 4346 2552 4534 que
2654 4280 2820 4509 je
2923 4331 3156 4442 ne

557 4554 1072 4736 doute
1178 4568 1676 4816 point
1758 4539 2164 4804 qu’il
2246 4556 2536 4780 n’y
2610 4544 2835 4707 ait
2922 4587 3147 4700 eu

562 4881 895 4995 une
982 4829 1815 4995 ancienne
1886 4860 2427 4983 erreur
2469 4860 2699 4967 ou
2732 4787 3151 4972 dans

556 5071 782 5252 les
821 5066 1478 5257 chiffres
1556 5085 2062 5251 Grecs
2097 5068 2386 5320 qui
2425 5116 2738 5233 ont
2804 5038 3150 5231 fer-

572 5345 737 5515 vi
791 5331 997 5513 de
1104 5332 1569 5594 réglé
1651 5325 1746 5510 à
1815 5345 2621 5587 Diogene
2667 5331 3153 5493 Laer-

571 5658 761 5771 ce
823 5609 1109 5848 qui
1239 5661 1457 5775 ne
1563 5590 1737 5774 le
1818 5582 2141 5776 fait
2243 5604 2717 5794 vivre
2827 5632 3165 5831 que
