4267 7123
950 495 1273 764 Theophmfte.

374 764 738 982 ftfe
806 739 1457 958 déclara
1546 752 1765 934 de
1827 809 2269 928 cette
2331 752 2981 922 manié¬

377 1117 555 1230 ré
669 1120 703 1220 :
776 1027 903 1218 Il
979 1015 1635 1281 feignit
1733 1080 2067 1270 peu
2132 1004 2343 1183 de
2417 1062 2971 1257 temps

382 1287 825 1540 après
974 1351 1305 1546 que
1440 1262 1681 1456 Tes
1804 1256 2581 1524 difciples
2680 1250 2982 1503 luy

384 1610 966 1745 eurent
1102 1525 1441 1719 fait
1523 1591 1969 1711 cette
2131 1537 2677 1782 priere
2806 1536 2981 1700 &

393 1885 607 2002 en
687 1811 1047 1992 leur
1137 1782 1927 2059 présence
1990 1848 2439 2042 ,-que
2475 1774 2635 1955 le
2677 1788 2987 1963 vin.

389 2079 821 2262 dont
929 2032 1697 2243 ilmfoit
1774 2042 2609 2301 un-ufage
2722 2094 2991 2214 or-

391 2335 1034 2522 dinaire
1142 2318 1443 2562 lüy
1548 2305 2041 2489 eftoit
2154 2284 2990 2517 huifible,

396 2536 2994 2859 il ſe fit apporter des vins de
397 2785 2988 3130 Rhodes & de Leſbos, il goû¬
405 3034 2996 3380 ta de tous les deux, dit qu'ils
418 3439 635 3554 ne
735 3361 1931 3547 dementoient
2049 3346 2547 3596 point
2655 3326 3015 3508 leur

430 3643 1020 3814 terroir
1048 3768 1098 3845 ,
1173 3642 1368 3798 &
1426 3674 1760 3865 que
1850 3588 2508 3780 chacun
2601 3587 3016 3773 dans

431 3883 742 4070 fon
852 3941 1374 4145 genre
1464 3860 1966 4044 eftoit
2096 3844 3030 4069 excellent,

453 4214 776 4398 que
859 4144 1020 4323 le
1113 4137 1847 4396 premier
1968 4122 2439 4300 avoir
2555 4103 2771 4289 de
2863 4099 3027 4283 la

449 4407 916 4594 force
1020 4544 1074 4621 ,
1250 4398 1668 4573 mais
1790 4443 2120 4637 que
2218 4368 2710 4617 celuy
2817 4355 3036 4541 de

463 4661 1062 4857 Lefbos
1188 4662 1654 4837 avoir
1772 4635 2146 4898 plus
2258 4630 2470 4808 de
2578 4623 3037 4801 dou¬

469 4989 944 5145 ceur,
1116 4941 1288 5100 &
1357 4898 1775 5166 qu’il
1855 4895 2177 5136 -luy
2283 4886 3047 5069 donnoit

473 5184 644 5365 la
734 5164 1708 5440 préférence
1802 5237 1836 5337 :
2021 5165 2542 5393 Quoy
2634 5124 3052 5400 qu'il

496 5508 718 5622 en
799 5437 1126 5621 foit
1203 5432 1418 5614 de
1512 5492 1706 5608 ce
1802 5403 2114 5597 fait
2232 5424 2758 5665 qu’on
2858 5391 3070 5573 lit

483 5698 920 5896 -dans
1016 5673 2056 5948 Aulugelie,
2144 5668 2271 5851 il
2364 5661 2599 5849 eft
2692 5713 3071 5855 çer-
