<?xml version="1.0" encoding="UTF-8" standalone="yes"?>
<PcGts xmlns="http://schema.primaresearch.org/PAGE/gts/pagecontent/2013-07-15" xmlns:xsi="http://www.w3.org/2001/XMLSchema-instance" xsi:schemaLocation="http://schema.primaresearch.org/PAGE/gts/pagecontent/2013-07-15 http://schema.primaresearch.org/PAGE/gts/pagecontent/2013-07-15/pagecontent.xsd">
    <Metadata>
        <Creator></Creator>
        <Created>2019-01-18T16:44:27.663+01:00</Created>
        <LastChange>2019-06-01T19:05:57.049+02:00</LastChange>
        <Comments>
                Measurement unit: pixel
                PrimaryLanguage: English
                Language: FrenchStandard
                Producer: ABBYY FineReader Engine 11</Comments>
        <TranskribusMetadata docId="162900" pageId="5992298" pageNr="18" tsid="10734293" status="DONE" userId="10612" imgUrl="https://files.transkribus.eu/Get?id=HDZHBEYYWELSOKUNUMUHZWAQ&amp;fileType=view" xmlUrl="https://files.transkribus.eu/Get?id=UYFRRWVKTJBDULSWSSOIYMVN" imageId="2072353"/>
    </Metadata>
    <Page imageFilename="Bruyere1688_Caracteres_btv1b86070385_corrected_0018.png" imageWidth="4267" imageHeight="7218">
        <PrintSpace>
            <Coords points="107,402 4202,402 4202,6140 107,6140"/>
        </PrintSpace>
        <ReadingOrder>
            <OrderedGroup id="ro_1604222107766" caption="Regions reading order">
                <RegionRefIndexed index="0" regionRef="region_1547826290611_2825"/>
                <RegionRefIndexed index="1" regionRef="r_1_2"/>
                <RegionRefIndexed index="2" regionRef="r_1_3"/>
            </OrderedGroup>
        </ReadingOrder>
        <TextRegion id="region_1547826290611_2825" custom="readingOrder {index:0;}">
            <Coords points="2261,412 3002,412 3002,697 2261,697"/>
            <TextLine id="line_1547826297038_2828" custom="readingOrder {index:0;}">
                <Coords points="2271,419 3000,414 3001,687 2275,693"/>
                <Baseline points="2271,619 2997,613"/>
                <Word id="word_1547826320522_2834" custom="readingOrder {index:0;}">
                    <Coords points="2275,420 2999,420 2999,693 2275,693"/>
                    <TextEquiv>
                        <Unicode></Unicode>
                    </TextEquiv>
                </Word>
                <TextEquiv>
                    <Unicode>Diſcours</Unicode>
                </TextEquiv>
            </TextLine>
            <TextEquiv>
                <Unicode>Diſcours</Unicode>
            </TextEquiv>
        </TextRegion>
        <TextRegion type="paragraph" id="r_1_2" custom="readingOrder {index:1;}">
            <Coords points="1315,695 3972,695 3972,3254 1315,3254"/>
            <TextLine id="tl_2" primaryLanguage="English" custom="readingOrder {index:0;}">
                <Coords points="1316,696 3953,696 3953,965 1316,965"/>
                <Baseline points="1316,888 1556,884 2588,870 2976,879 3292,876 3953,901"/>
                <Word id="w_w2aab1b1b2b3b1ab1" language="English" custom="readingOrder {index:0;}">
                    <Coords points="1316,704 1556,704 1556,888 1316,888"/>
                    <TextEquiv>
                        <Unicode>les</Unicode>
                    </TextEquiv>
                    <TextStyle fontFamily="Times New Roman" fontSize="13.0"/>
                </Word>
                <Word id="w_w2aab1b1b2b3b1ab9" language="English" custom="readingOrder {index:1;}">
                    <Coords points="1740,705 2588,705 2588,961 1740,961"/>
                    <TextEquiv>
                        <Unicode>principes</Unicode>
                    </TextEquiv>
                    <TextStyle fontFamily="Times New Roman" fontSize="13.0"/>
                </Word>
                <Word id="w_w2aab1b1b2b3b1ac29" language="English" custom="readingOrder {index:2;}">
                    <Coords points="2764,699 2976,699 2976,879 2764,879"/>
                    <TextEquiv>
                        <Unicode>de</Unicode>
                    </TextEquiv>
                    <TextStyle fontFamily="Times New Roman" fontSize="13.0"/>
                </Word>
                <Word id="w_w2aab1b1b2b3b1ac35" language="English" custom="readingOrder {index:3;}">
                    <Coords points="3104,772 3292,772 3292,884 3104,884"/>
                    <TextEquiv>
                        <Unicode>ce</Unicode>
                    </TextEquiv>
                    <TextStyle fontFamily="Times New Roman" fontSize="13.0"/>
                </Word>
                <Word id="w_w2aab1b1b2b3b1ac41" language="English" custom="readingOrder {index:4;}">
                    <Coords points="3420,713 3953,713 3953,964 3420,964"/>
                    <TextEquiv>
                        <Unicode>grand</Unicode>
                    </TextEquiv>
                    <TextStyle fontFamily="Times New Roman" fontSize="13.0"/>
                </Word>
                <TextEquiv>
                    <Unicode>les principes de ce grand</Unicode>
                </TextEquiv>
                <TextStyle fontFamily="Times New Roman" fontSize="13.0"/>
            </TextLine>
            <TextLine id="tl_3" primaryLanguage="English" custom="readingOrder {index:1;}">
                <Coords points="1359,948 3956,948 3956,1225 1359,1225"/>
                <Baseline points="1360,1156 2396,1134 2544,1186 2864,1143 3088,1135 3600,1149 3956,1153"/>
                <Word id="w_w2aab1b1b2b3b3ab1" language="English" custom="readingOrder {index:0;}">
                    <Coords points="1360,950 2396,950 2396,1222 1360,1222"/>
                    <TextEquiv>
                        <Unicode>Philofophe</Unicode>
                    </TextEquiv>
                    <TextStyle fontFamily="Times New Roman" fontSize="13.0"/>
                </Word>
                <Word id="w_w2aab1b1b2b3b3ac23" language="English" custom="readingOrder {index:1;}">
                    <Coords points="2492,1110 2544,1110 2544,1186 2492,1186"/>
                    <TextEquiv>
                        <Unicode>,</Unicode>
                    </TextEquiv>
                    <TextStyle fontFamily="Times New Roman" fontSize="13.0"/>
                </Word>
                <Word id="w_w2aab1b1b2b3b3ac27" language="English" custom="readingOrder {index:2;}">
                    <Coords points="2696,987 2864,987 2864,1143 2696,1143"/>
                    <TextEquiv>
                        <Unicode>&amp;</Unicode>
                    </TextEquiv>
                    <TextStyle fontFamily="Times New Roman" fontSize="13.0"/>
                </Word>
                <Word id="w_w2aab1b1b2b3b3ac31" language="English" custom="readingOrder {index:3;}">
                    <Coords points="2924,959 3088,959 3088,1139 2924,1139"/>
                    <TextEquiv>
                        <Unicode>le</Unicode>
                    </TextEquiv>
                    <TextStyle fontFamily="Times New Roman" fontSize="13.0"/>
                </Word>
                <Word id="w_w2aab1b1b2b3b3ac37" language="English" custom="readingOrder {index:4;}">
                    <Coords points="3164,952 3600,952 3600,1149 3164,1149"/>
                    <TextEquiv>
                        <Unicode>fond</Unicode>
                    </TextEquiv>
                    <TextStyle fontFamily="Times New Roman" fontSize="13.0"/>
                </Word>
                <Word id="w_w2aab1b1b2b3b3ac47" language="English" custom="readingOrder {index:5;}">
                    <Coords points="3688,973 3956,973 3956,1153 3688,1153"/>
                    <TextEquiv>
                        <Unicode>des</Unicode>
                    </TextEquiv>
                    <TextStyle fontFamily="Times New Roman" fontSize="13.0"/>
                </Word>
                <TextEquiv>
                    <Unicode>Philoſophe, &amp; le fond des</Unicode>
                </TextEquiv>
                <TextStyle fontFamily="Times New Roman" fontSize="13.0"/>
            </TextLine>
            <TextLine id="tl_4" primaryLanguage="English" custom="readingOrder {index:2;}">
                <Coords points="1351,1208 3963,1208 3963,1481 1351,1481"/>
                <Baseline points="1351,1412 2259,1398 2603,1398 2787,1471 3247,1408 3963,1465"/>
                <Word id="w_w2aab1b1b2b3b5ab1" language="English" custom="readingOrder {index:0;}">
                    <Coords points="1351,1237 2259,1237 2259,1412 1351,1412"/>
                    <TextEquiv>
                        <Unicode>cara&amp;eres</Unicode>
                    </TextEquiv>
                    <TextStyle fontFamily="Times New Roman" fontSize="13.0"/>
                </Word>
                <Word id="w_w2aab1b1b2b3b5ac21" language="English" custom="readingOrder {index:1;}">
                    <Coords points="2307,1238 2603,1238 2603,1478 2307,1478"/>
                    <TextEquiv>
                        <Unicode>qui</Unicode>
                    </TextEquiv>
                    <TextStyle fontFamily="Times New Roman" fontSize="13.0"/>
                </Word>
                <Word id="w_w2aab1b1b2b3b5ac29" language="English" custom="readingOrder {index:2;}">
                    <Coords points="2683,1291 2787,1291 2787,1471 2683,1471"/>
                    <TextEquiv>
                        <Unicode>y</Unicode>
                    </TextEquiv>
                    <TextStyle fontFamily="Times New Roman" fontSize="13.0"/>
                </Word>
                <Word id="w_w2aab1b1b2b3b5ac33" language="English" custom="readingOrder {index:3;}">
                    <Coords points="2855,1211 3247,1211 3247,1408 2855,1408"/>
                    <TextEquiv>
                        <Unicode>font</Unicode>
                    </TextEquiv>
                    <TextStyle fontFamily="Times New Roman" fontSize="13.0"/>
                </Word>
                <Word id="w_w2aab1b1b2b3b5ac43" language="English" custom="readingOrder {index:4;}">
                    <Coords points="3315,1224 3963,1224 3963,1465 3315,1465"/>
                    <TextEquiv>
                        <Unicode>décrits,</Unicode>
                    </TextEquiv>
                    <TextStyle fontFamily="Times New Roman" fontSize="13.0"/>
                </Word>
                <TextEquiv>
                    <Unicode>caracteres qui y ſont décrits,</Unicode>
                </TextEquiv>
                <TextStyle fontFamily="Times New Roman" fontSize="13.0"/>
            </TextLine>
            <TextLine id="tl_5" primaryLanguage="English" custom="readingOrder {index:3;}">
                <Coords points="1350,1476 3971,1476 3971,1749 1350,1749"/>
                <Baseline points="1351,1676 1743,1673 2155,1662 2475,1658 2695,1663 3439,1668 3971,1649"/>
                <Word id="w_w2aab1b1b2b3b7ab1" language="English" custom="readingOrder {index:0;}">
                    <Coords points="1351,1480 1743,1480 1743,1677 1351,1677"/>
                    <TextEquiv>
                        <Unicode>font</Unicode>
                    </TextEquiv>
                    <TextStyle fontFamily="Times New Roman" fontSize="13.0"/>
                </Word>
                <Word id="w_w2aab1b1b2b3b7ac11" language="English" custom="readingOrder {index:1;}">
                    <Coords points="1818,1501 2155,1501 2155,1745 1818,1745"/>
                    <TextEquiv>
                        <Unicode>pris</Unicode>
                    </TextEquiv>
                    <TextStyle fontFamily="Times New Roman" fontSize="13.0"/>
                </Word>
                <Word id="w_w2aab1b1b2b3b7ac21" language="English" custom="readingOrder {index:2;}">
                    <Coords points="2263,1486 2475,1486 2475,1666 2263,1666"/>
                    <TextEquiv>
                        <Unicode>de</Unicode>
                    </TextEquiv>
                    <TextStyle fontFamily="Times New Roman" fontSize="13.0"/>
                </Word>
                <Word id="w_w2aab1b1b2b3b7ac27" language="English" custom="readingOrder {index:3;}">
                    <Coords points="2543,1478 2695,1478 2695,1663 2543,1663"/>
                    <TextEquiv>
                        <Unicode>la</Unicode>
                    </TextEquiv>
                    <TextStyle fontFamily="Times New Roman" fontSize="13.0"/>
                </Word>
                <Word id="w_w2aab1b1b2b3b7ac33" language="English" custom="readingOrder {index:4;}">
                    <Coords points="2795,1479 3439,1479 3439,1668 2795,1668"/>
                    <TextEquiv>
                        <Unicode>mefme</Unicode>
                    </TextEquiv>
                    <TextStyle fontFamily="Times New Roman" fontSize="13.0"/>
                </Word>
                <Word id="w_w2aab1b1b2b3b7ac45" language="English" custom="readingOrder {index:5;}">
                    <Coords points="3511,1480 3971,1480 3971,1681 3511,1681"/>
                    <TextEquiv>
                        <Unicode>four-</Unicode>
                    </TextEquiv>
                    <TextStyle fontFamily="Times New Roman" fontSize="13.0"/>
                </Word>
                <TextEquiv>
                    <Unicode>ſont pris de la meſme ſour¬</Unicode>
                </TextEquiv>
                <TextStyle fontFamily="Times New Roman" fontSize="13.0"/>
            </TextLine>
            <TextLine id="tl_6" primaryLanguage="English" custom="readingOrder {index:4;}">
                <Coords points="1350,1732 3970,1732 3970,2005 1350,2005"/>
                <Baseline points="1350,1936 2526,1994 2986,1927 3190,1924 3498,1932 3970,1945"/>
                <Word id="w_w2aab1b1b2b3b9ab1" language="English" custom="readingOrder {index:0;}">
                    <Coords points="1350,1749 2526,1749 2526,1994 1350,1994"/>
                    <TextEquiv>
                        <Unicode>ce;ileftvray</Unicode>
                    </TextEquiv>
                    <TextStyle fontFamily="Times New Roman" fontSize="13.0"/>
                </Word>
                <Word id="w_w2aab1b1b2b3b9ac27" language="English" custom="readingOrder {index:1;}">
                    <Coords points="2566,1739 2986,1739 2986,2003 2566,2003"/>
                    <TextEquiv>
                        <Unicode>qu’il</Unicode>
                    </TextEquiv>
                    <TextStyle fontFamily="Times New Roman" fontSize="13.0"/>
                </Word>
                <Word id="w_w2aab1b1b2b3b9ac39" language="English" custom="readingOrder {index:2;}">
                    <Coords points="3026,1735 3190,1735 3190,1932 3026,1932"/>
                    <TextEquiv>
                        <Unicode>fe</Unicode>
                    </TextEquiv>
                    <TextStyle fontFamily="Times New Roman" fontSize="13.0"/>
                </Word>
                <Word id="w_w2aab1b1b2b3b9ac45" language="English" custom="readingOrder {index:3;}">
                    <Coords points="3266,1748 3498,1748 3498,1932 3266,1932"/>
                    <TextEquiv>
                        <Unicode>les</Unicode>
                    </TextEquiv>
                    <TextStyle fontFamily="Times New Roman" fontSize="13.0"/>
                </Word>
                <Word id="w_w2aab1b1b2b3b9ac53" language="English" custom="readingOrder {index:4;}">
                    <Coords points="3566,1761 3970,1761 3970,1945 3566,1945"/>
                    <TextEquiv>
                        <Unicode>rend</Unicode>
                    </TextEquiv>
                    <TextStyle fontFamily="Times New Roman" fontSize="13.0"/>
                </Word>
                <TextEquiv>
                    <Unicode>ce; il eſt vray qu’il ſe les rend</Unicode>
                </TextEquiv>
                <TextStyle fontFamily="Times New Roman" fontSize="13.0"/>
            </TextLine>
            <TextLine id="tl_7" primaryLanguage="English" custom="readingOrder {index:5;}">
                <Coords points="1353,2000 3970,2000 3970,2281 1353,2281"/>
                <Baseline points="1353,2272 2046,2189 2466,2190 3470,2192 3970,2201"/>
                <Word id="w_w2aab1b1b2b3c11ab1" language="English" custom="readingOrder {index:0;}">
                    <Coords points="1353,2077 2046,2077 2046,2277 1353,2277"/>
                    <TextEquiv>
                        <Unicode>propres</Unicode>
                    </TextEquiv>
                    <TextStyle fontFamily="Times New Roman" fontSize="13.0"/>
                </Word>
                <Word id="w_w2aab1b1b2b3c11ac17" language="English" custom="readingOrder {index:1;}">
                    <Coords points="2173,2078 2466,2078 2466,2274 2173,2274"/>
                    <TextEquiv>
                        <Unicode>par</Unicode>
                    </TextEquiv>
                    <TextStyle fontFamily="Times New Roman" fontSize="13.0"/>
                </Word>
                <Word id="w_w2aab1b1b2b3c11ac25" language="English" custom="readingOrder {index:2;}">
                    <Coords points="2605,2003 3470,2003 3470,2192 2605,2192"/>
                    <TextEquiv>
                        <Unicode>l’étendue</Unicode>
                    </TextEquiv>
                    <TextStyle fontFamily="Times New Roman" fontSize="13.0"/>
                </Word>
                <Word id="w_w2aab1b1b2b3c11ac45" language="English" custom="readingOrder {index:3;}">
                    <Coords points="3577,2021 3970,2021 3970,2277 3577,2277"/>
                    <TextEquiv>
                        <Unicode>qu’il</Unicode>
                    </TextEquiv>
                    <TextStyle fontFamily="Times New Roman" fontSize="13.0"/>
                </Word>
                <TextEquiv>
                    <Unicode>propres par l’étenduë qu’il</Unicode>
                </TextEquiv>
                <TextStyle fontFamily="Times New Roman" fontSize="13.0"/>
            </TextLine>
            <TextLine id="tl_8" primaryLanguage="English" custom="readingOrder {index:6;}">
                <Coords points="1349,2268 3969,2268 3969,2537 1349,2537"/>
                <Baseline points="1349,2456 1733,2453 2401,2450 2525,2502 2769,2463 3141,2452 3373,2452 3969,2465"/>
                <Word id="w_w2aab1b1b2b3c13ab1" language="English" custom="readingOrder {index:0;}">
                    <Coords points="1349,2280 1733,2280 1733,2456 1349,2456"/>
                    <TextEquiv>
                        <Unicode>leur</Unicode>
                    </TextEquiv>
                    <TextStyle fontFamily="Times New Roman" fontSize="13.0"/>
                </Word>
                <Word id="w_w2aab1b1b2b3c13ac11" language="English" custom="readingOrder {index:1;}">
                    <Coords points="1805,2273 2401,2273 2401,2457 1805,2457"/>
                    <TextEquiv>
                        <Unicode>donne</Unicode>
                    </TextEquiv>
                    <TextStyle fontFamily="Times New Roman" fontSize="13.0"/>
                </Word>
                <Word id="w_w2aab1b1b2b3c13ac23" language="English" custom="readingOrder {index:2;}">
                    <Coords points="2473,2426 2525,2426 2525,2502 2473,2502"/>
                    <TextEquiv>
                        <Unicode>,</Unicode>
                    </TextEquiv>
                    <TextStyle fontFamily="Times New Roman" fontSize="13.0"/>
                </Word>
                <Word id="w_w2aab1b1b2b3c13ac27" language="English" custom="readingOrder {index:3;}">
                    <Coords points="2601,2302 2769,2302 2769,2463 2601,2463"/>
                    <TextEquiv>
                        <Unicode>§L</Unicode>
                    </TextEquiv>
                    <TextStyle fontFamily="Times New Roman" fontSize="13.0"/>
                </Word>
                <Word id="w_w2aab1b1b2b3c13ac33" language="English" custom="readingOrder {index:4;}">
                    <Coords points="2849,2343 3141,2343 3141,2531 2849,2531"/>
                    <TextEquiv>
                        <Unicode>par</Unicode>
                    </TextEquiv>
                    <TextStyle fontFamily="Times New Roman" fontSize="13.0"/>
                </Word>
                <Word id="w_w2aab1b1b2b3c13ac41" language="English" custom="readingOrder {index:5;}">
                    <Coords points="3221,2272 3373,2272 3373,2452 3221,2452"/>
                    <TextEquiv>
                        <Unicode>la</Unicode>
                    </TextEquiv>
                    <TextStyle fontFamily="Times New Roman" fontSize="13.0"/>
                </Word>
                <Word id="w_w2aab1b1b2b3c13ac47" language="English" custom="readingOrder {index:6;}">
                    <Coords points="3449,2276 3969,2276 3969,2537 3449,2537"/>
                    <TextEquiv>
                        <Unicode>fatyre</Unicode>
                    </TextEquiv>
                    <TextStyle fontFamily="Times New Roman" fontSize="13.0"/>
                </Word>
                <TextEquiv>
                    <Unicode>leur donne, &amp; par la ſatyre</Unicode>
                </TextEquiv>
                <TextStyle fontFamily="Times New Roman" fontSize="13.0"/>
            </TextLine>
            <TextLine id="tl_9" primaryLanguage="English" custom="readingOrder {index:7;}">
                <Coords points="1348,2532 3969,2532 3969,2809 1348,2809"/>
                <Baseline points="1348,2716 2349,2714 2821,2715 3109,2716 3497,2716 3968,2701"/>
                <Word id="w_w2aab1b1b2b3c15ab1" language="English" custom="readingOrder {index:0;}">
                    <Coords points="1348,2534 2349,2534 2349,2805 1348,2805"/>
                    <TextEquiv>
                        <Unicode>ingenieufe</Unicode>
                    </TextEquiv>
                    <TextStyle fontFamily="Times New Roman" fontSize="13.0"/>
                </Word>
                <Word id="w_w2aab1b1b2b3c15ac23" language="English" custom="readingOrder {index:1;}">
                    <Coords points="2408,2535 2821,2535 2821,2806 2408,2806"/>
                    <TextEquiv>
                        <Unicode>qu’il</Unicode>
                    </TextEquiv>
                    <TextStyle fontFamily="Times New Roman" fontSize="13.0"/>
                </Word>
                <Word id="w_w2aab1b1b2b3c15ac35" language="English" custom="readingOrder {index:2;}">
                    <Coords points="2896,2603 3109,2603 3109,2716 2896,2716"/>
                    <TextEquiv>
                        <Unicode>en</Unicode>
                    </TextEquiv>
                    <TextStyle fontFamily="Times New Roman" fontSize="13.0"/>
                </Word>
                <Word id="w_w2aab1b1b2b3c15ac41" language="English" custom="readingOrder {index:3;}">
                    <Coords points="3184,2556 3497,2556 3497,2720 3184,2720"/>
                    <TextEquiv>
                        <Unicode>tire</Unicode>
                    </TextEquiv>
                    <TextStyle fontFamily="Times New Roman" fontSize="13.0"/>
                </Word>
                <Word id="w_w2aab1b1b2b3c15ac51" language="English" custom="readingOrder {index:4;}">
                    <Coords points="3548,2612 3968,2612 3968,2725 3548,2725"/>
                    <TextEquiv>
                        <Unicode>con¬</Unicode>
                    </TextEquiv>
                    <TextStyle fontFamily="Times New Roman" fontSize="13.0"/>
                </Word>
                <TextEquiv>
                    <Unicode>ingenieuſe qu’il en tire con¬</Unicode>
                </TextEquiv>
                <TextStyle fontFamily="Times New Roman" fontSize="13.0"/>
            </TextLine>
            <TextLine id="tl_10" primaryLanguage="English" custom="readingOrder {index:8;}">
                <Coords points="1352,2796 3964,2796 3964,3033 1352,3033"/>
                <Baseline points="1352,2988 1600,2976 1912,2977 2476,2978 2916,2979 3548,2984 3688,3033 3964,2949"/>
                <Word id="w_w2aab1b1b2b3c17ab1" language="English" custom="readingOrder {index:0;}">
                    <Coords points="1352,2864 1600,2864 1600,2988 1352,2988"/>
                    <TextEquiv>
                        <Unicode>tre</Unicode>
                    </TextEquiv>
                    <TextStyle fontFamily="Times New Roman" fontSize="13.0"/>
                </Word>
                <Word id="w_w2aab1b1b2b3c17ab9" language="English" custom="readingOrder {index:1;}">
                    <Coords points="1680,2797 1912,2797 1912,2977 1680,2977"/>
                    <TextEquiv>
                        <Unicode>les</Unicode>
                    </TextEquiv>
                    <TextStyle fontFamily="Times New Roman" fontSize="13.0"/>
                </Word>
                <Word id="w_w2aab1b1b2b3c17ac17" language="English" custom="readingOrder {index:2;}">
                    <Coords points="2024,2818 2476,2818 2476,2982 2024,2982"/>
                    <TextEquiv>
                        <Unicode>vices</Unicode>
                    </TextEquiv>
                    <TextStyle fontFamily="Times New Roman" fontSize="13.0"/>
                </Word>
                <Word id="w_w2aab1b1b2b3c17ac29" language="English" custom="readingOrder {index:3;}">
                    <Coords points="2604,2802 2916,2802 2916,2983 2604,2983"/>
                    <TextEquiv>
                        <Unicode>des</Unicode>
                    </TextEquiv>
                    <TextStyle fontFamily="Times New Roman" fontSize="13.0"/>
                </Word>
                <Word id="w_w2aab1b1b2b3c17ac37" language="English" custom="readingOrder {index:4;}">
                    <Coords points="3036,2815 3548,2815 3548,2988 3036,2988"/>
                    <TextEquiv>
                        <Unicode>Grecs</Unicode>
                    </TextEquiv>
                    <TextStyle fontFamily="Times New Roman" fontSize="13.0"/>
                </Word>
                <Word id="w_w2aab1b1b2b3c17ac49" language="English" custom="readingOrder {index:5;}">
                    <Coords points="3636,2957 3688,2957 3688,3033 3636,3033"/>
                    <TextEquiv>
                        <Unicode>,</Unicode>
                    </TextEquiv>
                    <TextStyle fontFamily="Times New Roman" fontSize="13.0"/>
                </Word>
                <Word id="w_w2aab1b1b2b3c17ac53" language="English" custom="readingOrder {index:6;}">
                    <Coords points="3816,2837 3964,2837 3964,2997 3816,2997"/>
                    <TextEquiv>
                        <Unicode>&amp;■</Unicode>
                    </TextEquiv>
                    <TextStyle fontFamily="Times New Roman" fontSize="13.0"/>
                </Word>
                <TextEquiv>
                    <Unicode>tre les vices des Grecs, &amp;</Unicode>
                </TextEquiv>
                <TextStyle fontFamily="Times New Roman" fontSize="13.0"/>
            </TextLine>
            <TextLine id="tl_11" primaryLanguage="English" custom="readingOrder {index:9;}">
                <Coords points="1347,3052 3584,3052 3584,3253 1347,3253"/>
                <Baseline points="1347,3244 1615,3236 2096,3241 2451,3242 3583,3249"/>
                <Word id="w_w2aab1b1b2b3c19ab1" language="English" custom="readingOrder {index:0;}">
                    <Coords points="1347,3052 1615,3052 1615,3244 1347,3244"/>
                    <TextEquiv>
                        <Unicode>fur</Unicode>
                    </TextEquiv>
                    <TextStyle fontFamily="Times New Roman" fontSize="13.0"/>
                </Word>
                <Word id="w_w2aab1b1b2b3c19ab9" language="English" custom="readingOrder {index:1;}">
                    <Coords points="1711,3125 2096,3125 2096,3245 1711,3245"/>
                    <TextEquiv>
                        <Unicode>tout</Unicode>
                    </TextEquiv>
                    <TextStyle fontFamily="Times New Roman" fontSize="13.0"/>
                </Word>
                <Word id="w_w2aab1b1b2b3c19ac19" language="English" custom="readingOrder {index:2;}">
                    <Coords points="2163,3066 2451,3066 2451,3242 2163,3242"/>
                    <TextEquiv>
                        <Unicode>des</Unicode>
                    </TextEquiv>
                    <TextStyle fontFamily="Times New Roman" fontSize="13.0"/>
                </Word>
                <Word id="w_w2aab1b1b2b3c19ac27" language="English" custom="readingOrder {index:3;}">
                    <Coords points="2571,3059 3583,3059 3583,3251 2571,3251"/>
                    <TextEquiv>
                        <Unicode>Athéniens.</Unicode>
                    </TextEquiv>
                    <TextStyle fontFamily="Times New Roman" fontSize="13.0"/>
                </Word>
                <TextEquiv>
                    <Unicode>ſur tout des Atheniens.</Unicode>
                </TextEquiv>
                <TextStyle fontFamily="Times New Roman" fontSize="13.0"/>
            </TextLine>
            <TextEquiv>
                <Unicode>les principes de ce grand
Philoſophe, &amp; le fond des
caracteres qui y ſont décrits,
ſont pris de la meſme ſour¬
ce; il eſt vray qu’il ſe les rend
propres par l’étenduë qu’il
leur donne, &amp; par la ſatyre
ingenieuſe qu’il en tire con¬
tre les vices des Grecs, &amp;
ſur tout des Atheniens.</Unicode>
            </TextEquiv>
        </TextRegion>
        <TextRegion type="paragraph" id="r_1_3" custom="readingOrder {index:2;}">
            <Coords points="1345,3339 3986,3339 3986,5918 1345,5918"/>
            <TextLine id="tl_12" primaryLanguage="English" custom="readingOrder {index:0;}">
                <Coords points="1571,3340 3975,3340 3975,3589 1571,3589"/>
                <Baseline points="1571,3509 1831,3505 2447,3506 2795,3507 3311,3504 3975,3513"/>
                <Word id="w_w2aab1b1b2b5b1ab1" language="English" custom="readingOrder {index:0;}">
                    <Coords points="1571,3340 1831,3340 1831,3509 1571,3509"/>
                    <TextEquiv>
                        <Unicode>Ce</Unicode>
                    </TextEquiv>
                    <TextStyle fontFamily="Times New Roman" fontSize="13.0"/>
                </Word>
                <Word id="w_w2aab1b1b2b5b1ab7" language="English" custom="readingOrder {index:1;}">
                    <Coords points="1959,3341 2447,3341 2447,3509 1959,3509"/>
                    <TextEquiv>
                        <Unicode>Livre</Unicode>
                    </TextEquiv>
                    <TextStyle fontFamily="Times New Roman" fontSize="13.0"/>
                </Word>
                <Word id="w_w2aab1b1b2b5b1ac19" language="English" custom="readingOrder {index:2;}">
                    <Coords points="2571,3394 2795,3394 2795,3507 2571,3507"/>
                    <TextEquiv>
                        <Unicode>ne</Unicode>
                    </TextEquiv>
                    <TextStyle fontFamily="Times New Roman" fontSize="13.0"/>
                </Word>
                <Word id="w_w2aab1b1b2b5b1ac25" language="English" custom="readingOrder {index:3;}">
                    <Coords points="2919,3396 3311,3396 3311,3587 2919,3587"/>
                    <TextEquiv>
                        <Unicode>peut</Unicode>
                    </TextEquiv>
                    <TextStyle fontFamily="Times New Roman" fontSize="13.0"/>
                </Word>
                <Word id="w_w2aab1b1b2b5b1ac35" language="English" custom="readingOrder {index:4;}">
                    <Coords points="3415,3401 3975,3401 3975,3588 3415,3588"/>
                    <TextEquiv>
                        <Unicode>gueres</Unicode>
                    </TextEquiv>
                    <TextStyle fontFamily="Times New Roman" fontSize="13.0"/>
                </Word>
                <TextEquiv>
                    <Unicode>Ce Livre ne peut gueres</Unicode>
                </TextEquiv>
                <TextStyle fontFamily="Times New Roman" fontSize="13.0"/>
            </TextLine>
            <TextLine id="tl_13" primaryLanguage="English" custom="readingOrder {index:1;}">
                <Coords points="1346,3584 3971,3584 3971,3853 1346,3853"/>
                <Baseline points="1346,3848 1878,3761 2246,3766 2746,3767 3006,3767 3970,3745"/>
                <Word id="w_w2aab1b1b2b5b3ab1" language="English" custom="readingOrder {index:0;}">
                    <Coords points="1346,3584 1878,3584 1878,3848 1346,3848"/>
                    <TextEquiv>
                        <Unicode>palier</Unicode>
                    </TextEquiv>
                    <TextStyle fontFamily="Times New Roman" fontSize="13.0"/>
                </Word>
                <Word id="w_w2aab1b1b2b5b3ac15" language="English" custom="readingOrder {index:1;}">
                    <Coords points="1922,3661 2246,3661 2246,3849 1922,3849"/>
                    <TextEquiv>
                        <Unicode>que</Unicode>
                    </TextEquiv>
                    <TextStyle fontFamily="Times New Roman" fontSize="13.0"/>
                </Word>
                <Word id="w_w2aab1b1b2b5b3ac23" language="English" custom="readingOrder {index:2;}">
                    <Coords points="2314,3659 2746,3659 2746,3850 2314,3850"/>
                    <TextEquiv>
                        <Unicode>pour</Unicode>
                    </TextEquiv>
                    <TextStyle fontFamily="Times New Roman" fontSize="13.0"/>
                </Word>
                <Word id="w_w2aab1b1b2b5b3ac33" language="English" custom="readingOrder {index:3;}">
                    <Coords points="2846,3591 3006,3591 3006,3771 2846,3771"/>
                    <TextEquiv>
                        <Unicode>le</Unicode>
                    </TextEquiv>
                    <TextStyle fontFamily="Times New Roman" fontSize="13.0"/>
                </Word>
                <Word id="w_w2aab1b1b2b5b3ac39" language="English" custom="readingOrder {index:4;}">
                    <Coords points="3062,3664 3970,3664 3970,3776 3062,3776"/>
                    <TextEquiv>
                        <Unicode>commen¬</Unicode>
                    </TextEquiv>
                    <TextStyle fontFamily="Times New Roman" fontSize="13.0"/>
                </Word>
                <TextEquiv>
                    <Unicode>paſſer que pour le commen¬</Unicode>
                </TextEquiv>
                <TextStyle fontFamily="Times New Roman" fontSize="13.0"/>
            </TextLine>
            <TextLine id="tl_14" primaryLanguage="English" custom="readingOrder {index:2;}">
                <Coords points="1349,3848 3978,3848 3978,4125 1349,4125"/>
                <Baseline points="1350,4024 2042,4029 2574,4034 3058,4031 3550,4124 3978,4009"/>
                <Word id="w_w2aab1b1b2b5b5ab1" language="English" custom="readingOrder {index:0;}">
                    <Coords points="1350,3921 2042,3921 2042,4032 1350,4032"/>
                    <TextEquiv>
                        <Unicode>cement</Unicode>
                    </TextEquiv>
                    <TextStyle fontFamily="Times New Roman" fontSize="13.0"/>
                </Word>
                <Word id="w_w2aab1b1b2b5b5ac15" language="English" custom="readingOrder {index:1;}">
                    <Coords points="2162,3850 2574,3850 2574,4038 2162,4038"/>
                    <TextEquiv>
                        <Unicode>d’un</Unicode>
                    </TextEquiv>
                    <TextStyle fontFamily="Times New Roman" fontSize="13.0"/>
                </Word>
                <Word id="w_w2aab1b1b2b5b5ac25" language="English" custom="readingOrder {index:2;}">
                    <Coords points="2681,3855 3058,3855 3058,4123 2681,4123"/>
                    <TextEquiv>
                        <Unicode>plus</Unicode>
                    </TextEquiv>
                    <TextStyle fontFamily="Times New Roman" fontSize="13.0"/>
                </Word>
                <Word id="w_w2aab1b1b2b5b5ac35" language="English" custom="readingOrder {index:3;}">
                    <Coords points="3126,3852 3550,3852 3550,4124 3126,4124"/>
                    <TextEquiv>
                        <Unicode>long</Unicode>
                    </TextEquiv>
                    <TextStyle fontFamily="Times New Roman" fontSize="13.0"/>
                </Word>
                <Word id="w_w2aab1b1b2b5b5ac45" language="English" custom="readingOrder {index:4;}">
                    <Coords points="3666,3929 3978,3929 3978,4041 3666,4041"/>
                    <TextEquiv>
                        <Unicode>ou¬</Unicode>
                    </TextEquiv>
                    <TextStyle fontFamily="Times New Roman" fontSize="13.0"/>
                </Word>
                <TextEquiv>
                    <Unicode>cement d’un plus long ou¬</Unicode>
                </TextEquiv>
                <TextStyle fontFamily="Times New Roman" fontSize="13.0"/>
            </TextLine>
            <TextLine id="tl_15" primaryLanguage="English" custom="readingOrder {index:3;}">
                <Coords points="1349,4108 3985,4108 3985,4385 1349,4385"/>
                <Baseline points="1349,4292 1865,4293 2273,4290 3485,4300 3985,4297"/>
                <Word id="w_w2aab1b1b2b5b7ab1" language="English" custom="readingOrder {index:0;}">
                    <Coords points="1349,4180 1865,4180 1865,4377 1349,4377"/>
                    <TextEquiv>
                        <Unicode>vrage</Unicode>
                    </TextEquiv>
                    <TextStyle fontFamily="Times New Roman" fontSize="13.0"/>
                </Word>
                <Word id="w_w2aab1b1b2b5b7ac13" language="English" custom="readingOrder {index:1;}">
                    <Coords points="1945,4186 2273,4186 2273,4373 1945,4373"/>
                    <TextEquiv>
                        <Unicode>que</Unicode>
                    </TextEquiv>
                    <TextStyle fontFamily="Times New Roman" fontSize="13.0"/>
                </Word>
                <Word id="w_w2aab1b1b2b5b7ac21" language="English" custom="readingOrder {index:2;}">
                    <Coords points="2305,4111 3485,4111 3485,4383 2305,4383"/>
                    <TextEquiv>
                        <Unicode>Theophrafte</Unicode>
                    </TextEquiv>
                    <TextStyle fontFamily="Times New Roman" fontSize="13.0"/>
                </Word>
                <Word id="w_w2aab1b1b2b5b7ac45" language="English" custom="readingOrder {index:3;}">
                    <Coords points="3525,4137 3985,4137 3985,4305 3525,4305"/>
                    <TextEquiv>
                        <Unicode>avoir</Unicode>
                    </TextEquiv>
                    <TextStyle fontFamily="Times New Roman" fontSize="13.0"/>
                </Word>
                <TextEquiv>
                    <Unicode>vrage que Theophraſte avoit</Unicode>
                </TextEquiv>
                <TextStyle fontFamily="Times New Roman" fontSize="13.0"/>
            </TextLine>
            <TextLine id="tl_16" primaryLanguage="English" custom="readingOrder {index:4;}">
                <Coords points="1376,4384 3985,4384 3985,4645 1376,4645"/>
                <Baseline points="1377,4552 2265,4558 2685,4563 3365,4560 3669,4561 3985,4561"/>
                <Word id="w_w2aab1b1b2b5b9ab1" language="English" custom="readingOrder {index:0;}">
                    <Coords points="1377,4397 2265,4397 2265,4637 1377,4637"/>
                    <TextEquiv>
                        <Unicode>entrepris.</Unicode>
                    </TextEquiv>
                    <TextStyle fontFamily="Times New Roman" fontSize="13.0"/>
                </Word>
                <Word id="w_w2aab1b1b2b5b9ac23" language="English" custom="readingOrder {index:1;}">
                    <Coords points="2461,4402 2685,4402 2685,4570 2461,4570"/>
                    <TextEquiv>
                        <Unicode>Le</Unicode>
                    </TextEquiv>
                    <TextStyle fontFamily="Times New Roman" fontSize="13.0"/>
                </Word>
                <Word id="w_w2aab1b1b2b5b9ac29" language="English" custom="readingOrder {index:2;}">
                    <Coords points="2796,4404 3365,4404 3365,4643 2796,4643"/>
                    <TextEquiv>
                        <Unicode>projet</Unicode>
                    </TextEquiv>
                    <TextStyle fontFamily="Times New Roman" fontSize="13.0"/>
                </Word>
                <Word id="w_w2aab1b1b2b5b9ac43" language="English" custom="readingOrder {index:3;}">
                    <Coords points="3457,4388 3669,4388 3669,4568 3457,4568"/>
                    <TextEquiv>
                        <Unicode>de</Unicode>
                    </TextEquiv>
                    <TextStyle fontFamily="Times New Roman" fontSize="13.0"/>
                </Word>
                <Word id="w_w2aab1b1b2b5b9ac49" language="English" custom="readingOrder {index:4;}">
                    <Coords points="3809,4457 3985,4457 3985,4565 3809,4565"/>
                    <TextEquiv>
                        <Unicode>ce</Unicode>
                    </TextEquiv>
                    <TextStyle fontFamily="Times New Roman" fontSize="13.0"/>
                </Word>
                <TextEquiv>
                    <Unicode>entrepris. Le projet de ce</Unicode>
                </TextEquiv>
                <TextStyle fontFamily="Times New Roman" fontSize="13.0"/>
            </TextLine>
            <TextLine id="tl_17" primaryLanguage="English" custom="readingOrder {index:5;}">
                <Coords points="1372,4632 3984,4632 3984,4909 1372,4909"/>
                <Baseline points="1372,4820 2432,4818 2560,4874 3424,4824 3984,4821"/>
                <Word id="w_w2aab1b1b2b5c11ab1" language="English" custom="readingOrder {index:0;}">
                    <Coords points="1372,4633 2432,4633 2432,4906 1372,4906"/>
                    <TextEquiv>
                        <Unicode>Philofophe</Unicode>
                    </TextEquiv>
                    <TextStyle fontFamily="Times New Roman" fontSize="13.0"/>
                </Word>
                <Word id="w_w2aab1b1b2b5c11ac23" language="English" custom="readingOrder {index:1;}">
                    <Coords points="2516,4798 2560,4798 2560,4874 2516,4874"/>
                    <TextEquiv>
                        <Unicode>,</Unicode>
                    </TextEquiv>
                    <TextStyle fontFamily="Times New Roman" fontSize="13.0"/>
                </Word>
                <Word id="w_w2aab1b1b2b5c11ac27" language="English" custom="readingOrder {index:2;}">
                    <Coords points="2732,4716 3424,4716 3424,4831 2732,4831"/>
                    <TextEquiv>
                        <Unicode>comme</Unicode>
                    </TextEquiv>
                    <TextStyle fontFamily="Times New Roman" fontSize="13.0"/>
                </Word>
                <Word id="w_w2aab1b1b2b5c11ac39" language="English" custom="readingOrder {index:3;}">
                    <Coords points="3576,4713 3984,4713 3984,4829 3576,4829"/>
                    <TextEquiv>
                        <Unicode>vous</Unicode>
                    </TextEquiv>
                    <TextStyle fontFamily="Times New Roman" fontSize="13.0"/>
                </Word>
                <TextEquiv>
                    <Unicode>Philoſophe, comme vous</Unicode>
                </TextEquiv>
                <TextStyle fontFamily="Times New Roman" fontSize="13.0"/>
            </TextLine>
            <TextLine id="tl_18" primaryLanguage="English" custom="readingOrder {index:6;}">
                <Coords points="1359,4896 3984,4896 3984,5169 1359,5169"/>
                <Baseline points="1359,5084 1528,5084 2792,5087 3288,5088 3512,5092 3984,5053"/>
                <Word id="w_w2aab1b1b2b5c13ab1" language="English" custom="readingOrder {index:0;}">
                    <Coords points="1359,4896 1528,4896 1528,5084 1359,5084"/>
                    <TextEquiv>
                        <Unicode>le</Unicode>
                    </TextEquiv>
                    <TextStyle fontFamily="Times New Roman" fontSize="13.0"/>
                </Word>
                <Word id="w_w2aab1b1b2b5c13ab7" language="English" custom="readingOrder {index:1;}">
                    <Coords points="1611,4973 2792,4973 2792,5166 1611,5166"/>
                    <TextEquiv>
                        <Unicode>remarquerez</Unicode>
                    </TextEquiv>
                    <TextStyle fontFamily="Times New Roman" fontSize="13.0"/>
                </Word>
                <Word id="w_w2aab1b1b2b5c13ac31" language="English" custom="readingOrder {index:2;}">
                    <Coords points="2871,4911 3288,4911 3288,5091 2871,5091"/>
                    <TextEquiv>
                        <Unicode>dans</Unicode>
                    </TextEquiv>
                    <TextStyle fontFamily="Times New Roman" fontSize="13.0"/>
                </Word>
                <Word id="w_w2aab1b1b2b5c13ac41" language="English" custom="readingOrder {index:3;}">
                    <Coords points="3359,4900 3512,4900 3512,5092 3359,5092"/>
                    <TextEquiv>
                        <Unicode>fa</Unicode>
                    </TextEquiv>
                    <TextStyle fontFamily="Times New Roman" fontSize="13.0"/>
                </Word>
                <Word id="w_w2aab1b1b2b5c13ac47" language="English" custom="readingOrder {index:4;}">
                    <Coords points="3599,4929 3984,4929 3984,5093 3599,5093"/>
                    <TextEquiv>
                        <Unicode>Pré¬</Unicode>
                    </TextEquiv>
                    <TextStyle fontFamily="Times New Roman" fontSize="13.0"/>
                </Word>
                <TextEquiv>
                    <Unicode>le remarquerez dans ſa Pre¬</Unicode>
                </TextEquiv>
                <TextStyle fontFamily="Times New Roman" fontSize="13.0"/>
            </TextLine>
            <TextLine id="tl_19" primaryLanguage="English" custom="readingOrder {index:7;}">
                <Coords points="1371,5156 3979,5156 3979,5397 1371,5397"/>
                <Baseline points="1371,5348 1747,5345 1863,5393 2535,5350 2903,5351 3607,5349 3979,5345"/>
                <Word id="w_w2aab1b1b2b5c15ab1" language="English" custom="readingOrder {index:0;}">
                    <Coords points="1371,5156 1747,5156 1747,5348 1371,5348"/>
                    <TextEquiv>
                        <Unicode>facé</Unicode>
                    </TextEquiv>
                    <TextStyle fontFamily="Times New Roman" fontSize="13.0"/>
                </Word>
                <Word id="w_w2aab1b1b2b5c15ac11" language="English" custom="readingOrder {index:1;}">
                    <Coords points="1811,5317 1863,5317 1863,5393 1811,5393"/>
                    <TextEquiv>
                        <Unicode>,</Unicode>
                    </TextEquiv>
                    <TextStyle fontFamily="Times New Roman" fontSize="13.0"/>
                </Word>
                <Word id="w_w2aab1b1b2b5c15ac15" language="English" custom="readingOrder {index:2;}">
                    <Coords points="2031,5170 2535,5170 2535,5350 2031,5350"/>
                    <TextEquiv>
                        <Unicode>eftoit</Unicode>
                    </TextEquiv>
                    <TextStyle fontFamily="Times New Roman" fontSize="13.0"/>
                </Word>
                <Word id="w_w2aab1b1b2b5c15ac29" language="English" custom="readingOrder {index:3;}">
                    <Coords points="2683,5175 2903,5175 2903,5351 2683,5351"/>
                    <TextEquiv>
                        <Unicode>de</Unicode>
                    </TextEquiv>
                    <TextStyle fontFamily="Times New Roman" fontSize="13.0"/>
                </Word>
                <Word id="w_w2aab1b1b2b5c15ac35" language="English" custom="readingOrder {index:4;}">
                    <Coords points="3043,5188 3607,5188 3607,5356 3043,5356"/>
                    <TextEquiv>
                        <Unicode>traiter</Unicode>
                    </TextEquiv>
                    <TextStyle fontFamily="Times New Roman" fontSize="13.0"/>
                </Word>
                <Word id="w_w2aab1b1b2b5c15ac51" language="English" custom="readingOrder {index:5;}">
                    <Coords points="3779,5169 3979,5169 3979,5349 3779,5349"/>
                    <TextEquiv>
                        <Unicode>de</Unicode>
                    </TextEquiv>
                    <TextStyle fontFamily="Times New Roman" fontSize="13.0"/>
                </Word>
                <TextEquiv>
                    <Unicode>face, eſtoit de traiter de</Unicode>
                </TextEquiv>
                <TextStyle fontFamily="Times New Roman" fontSize="13.0"/>
            </TextLine>
            <TextLine id="tl_20" primaryLanguage="English" custom="readingOrder {index:8;}">
                <Coords points="1374,5428 3983,5428 3983,5669 1374,5669"/>
                <Baseline points="1374,5612 1935,5609 2243,5610 2835,5619 3187,5624 3527,5616 3983,5609"/>
                <Word id="w_w2aab1b1b2b5c17ab1" language="English" custom="readingOrder {index:0;}">
                    <Coords points="1374,5492 1935,5492 1935,5613 1374,5613"/>
                    <TextEquiv>
                        <Unicode>toutes</Unicode>
                    </TextEquiv>
                    <TextStyle fontFamily="Times New Roman" fontSize="13.0"/>
                </Word>
                <Word id="w_w2aab1b1b2b5c17ac15" language="English" custom="readingOrder {index:1;}">
                    <Coords points="2014,5429 2243,5429 2243,5610 2014,5610"/>
                    <TextEquiv>
                        <Unicode>les</Unicode>
                    </TextEquiv>
                    <TextStyle fontFamily="Times New Roman" fontSize="13.0"/>
                </Word>
                <Word id="w_w2aab1b1b2b5c17ac23" language="English" custom="readingOrder {index:2;}">
                    <Coords points="2358,5471 3006,5471 3006,5667 2358,5667"/>
                    <TextEquiv>
                        <Unicode>vertus,</Unicode>
                    </TextEquiv>
                    <TextStyle fontFamily="Times New Roman" fontSize="13.0"/>
                </Word>
                <Word id="w_w2aab1b1b2b5c17b1b1" language="English" custom="readingOrder {index:3;}">
                    <Coords points="3086,5471 3271,5471 3271,5628 3086,5628"/>
                    <TextEquiv>
                        <Unicode>&amp;c</Unicode>
                    </TextEquiv>
                    <TextStyle fontFamily="Times New Roman" fontSize="14.0" italic="true"/>
                </Word>
                <Word id="w_w2aab1b1b2b5c17b2b3" language="English" custom="readingOrder {index:4;}">
                    <Coords points="3322,5436 3527,5436 3527,5620 3322,5620"/>
                    <TextEquiv>
                        <Unicode>de</Unicode>
                    </TextEquiv>
                    <TextStyle fontFamily="Times New Roman" fontSize="13.0"/>
                </Word>
                <Word id="w_w2aab1b1b2b5c17b2b9" language="English" custom="readingOrder {index:5;}">
                    <Coords points="3618,5501 3983,5501 3983,5613 3618,5613"/>
                    <TextEquiv>
                        <Unicode>tous</Unicode>
                    </TextEquiv>
                    <TextStyle fontFamily="Times New Roman" fontSize="13.0"/>
                </Word>
                <TextEquiv>
                    <Unicode>toutes les vertus, &amp; de tous</Unicode>
                </TextEquiv>
            </TextLine>
            <TextLine id="tl_21" primaryLanguage="English" custom="readingOrder {index:9;}">
                <Coords points="1366,5676 3978,5676 3978,5917 1366,5917"/>
                <Baseline points="1366,5872 1610,5876 2314,5914 2630,5883 3434,5888 3658,5881 3978,5845"/>
                <Word id="w_w2aab1b1b2b5c19ab1" language="English" custom="readingOrder {index:0;}">
                    <Coords points="1366,5688 1610,5688 1610,5876 1366,5876"/>
                    <TextEquiv>
                        <Unicode>les</Unicode>
                    </TextEquiv>
                    <TextStyle fontFamily="Times New Roman" fontSize="13.0"/>
                </Word>
                <Word id="w_w2aab1b1b2b5c19ab9" language="English" custom="readingOrder {index:1;}">
                    <Coords points="1706,5709 2314,5709 2314,5914 1706,5914"/>
                    <TextEquiv>
                        <Unicode>vices,;</Unicode>
                    </TextEquiv>
                    <TextStyle fontFamily="Times New Roman" fontSize="13.0"/>
                </Word>
                <Word id="w_w2aab1b1b2b5c19ac25" language="English" custom="readingOrder {index:2;}">
                    <Coords points="2430,5714 2630,5714 2630,5883 2430,5883"/>
                    <TextEquiv>
                        <Unicode>Et</Unicode>
                    </TextEquiv>
                    <TextStyle fontFamily="Times New Roman" fontSize="13.0"/>
                </Word>
                <Word id="w_w2aab1b1b2b5c19ac31" language="English" custom="readingOrder {index:3;}">
                    <Coords points="2742,5775 3434,5775 3434,5892 2742,5892"/>
                    <TextEquiv>
                        <Unicode>comme</Unicode>
                    </TextEquiv>
                    <TextStyle fontFamily="Times New Roman" fontSize="13.0"/>
                </Word>
                <Word id="w_w2aab1b1b2b5c19ac43" language="English" custom="readingOrder {index:4;}">
                    <Coords points="3538,5697 3658,5697 3658,5881 3538,5881"/>
                    <TextEquiv>
                        <Unicode>il</Unicode>
                    </TextEquiv>
                    <TextStyle fontFamily="Times New Roman" fontSize="13.0"/>
                </Word>
                <Word id="w_w2aab1b1b2b5c19ac49" language="English" custom="readingOrder {index:5;}">
                    <Coords points="3726,5681 3978,5681 3978,5877 3726,5877"/>
                    <TextEquiv>
                        <Unicode>af-</Unicode>
                    </TextEquiv>
                    <TextStyle fontFamily="Times New Roman" fontSize="13.0"/>
                </Word>
                <TextEquiv>
                    <Unicode>les vices; Et comme il aſ¬</Unicode>
                </TextEquiv>
                <TextStyle fontFamily="Times New Roman" fontSize="13.0"/>
            </TextLine>
            <TextEquiv>
                <Unicode>Ce Livre ne peut gueres
paſſer que pour le commen¬
cement d’un plus long ou¬
vrage que Theophraſte avoit
entrepris. Le projet de ce
Philoſophe, comme vous
le remarquerez dans ſa Pre¬
face, eſtoit de traiter de
toutes les vertus, &amp; de tous
les vices; Et comme il aſ¬</Unicode>
            </TextEquiv>
        </TextRegion>
        <SeparatorRegion id="r_2" custom="readingOrder {index:3;}">
            <Coords points="4163,2260 4202,2260 4202,4316 4163,4316"/>
        </SeparatorRegion>
        <SeparatorRegion id="r_3" custom="readingOrder {index:4;}">
            <Coords points="4161,4568 4186,4568 4186,5356 4161,5356"/>
        </SeparatorRegion>
        <SeparatorRegion id="r_4" custom="readingOrder {index:5;}">
            <Coords points="4159,5628 4188,5628 4188,6140 4159,6140"/>
        </SeparatorRegion>
        <SeparatorRegion id="r_5" custom="readingOrder {index:6;}">
            <Coords points="107,2119 124,2119 124,2615 107,2615"/>
        </SeparatorRegion>
    </Page>
</PcGts>
