4267 7162
966 410 1263 663 fur
1315 393 2299 663 Theopbrafle.

353 674 582 859 les
653 686 1330 854 anciens
1413 701 1578 854 ôc
1649 666 1882 847 les
1969 666 2973 914 modernes,

355 926 520 1119 fe
583 952 1184 1180 jettent
1259 925 1989 1123 d’abord
2071 929 2488 1115 dans
2603 932 2964 1121 leur

354 1196 1379 1455 application
1498 1265 1814 1375 aux
1982 1263 2610 1379 mœurs
2722 1197 2958 1382 du

348 1519 1008 1717 temps,
1100 1469 1973 1718 corrigent
2096 1457 2325 1638 les
2416 1451 2953 1641 hom¬

347 1786 687 1896 mes
787 1713 1015 1897 les
1139 1784 1451 1896 uns
1590 1787 1883 1974 par
2027 1712 2259 1902 les
2411 1788 2951 1910 autres

333 2046 618 2239 par
753 2046 1010 2157 ces
1133 1987 1782 2242 images
1961 1976 2170 2161 de
2361 1971 2946 2165 choies

339 2256 628 2495 qui
732 2237 1084 2418 leur
1200 2239 1584 2420 font
1695 2238 1821 2423 fi
1920 2236 2944 2474 familières,

338 2526 499 2679 &
630 2500 1051 2682 dont
1190 2524 2215 2684 neanmoins
2350 2503 2555 2687 ils
2714 2581 2943 2690 ne

336 2753 1277 2944 s’avifoient
1348 2834 1629 3021 pas
1736 2767 1945 2947 de
2036 2832 2433 2947 tirer
2572 2764 2937 2957 leur

327 3023 1395 3207 inftruétion.

533 3285 858 3465 Tel
941 3282 1174 3463 eft
1281 3284 1434 3465 le
1489 3284 1970 3471 traité
2017 3288 2306 3474 des
2381 3316 2917 3487 Càra-

328 3554 828 3721 âeres
888 3545 1164 3726 des
1216 3614 1840 3734 mœurs
1927 3624 2252 3808 que
2328 3634 2756 3745 nous
2831 3645 2924 3750 a

322 3798 747 3981 laifle
794 3802 1963 4069 Thcophrafte
2014 3900 2055 4025 ;
2098 3813 2215 3997 il
2266 3818 2479 3999 l’a
2521 3849 2914 4084 pui-

321 4051 474 4239 fé
584 4064 989 4244 dans
1128 4067 1361 4252 les
1476 4066 2273 4336 Ethiques
2388 4119 2553 4272 Le
2680 4088 2905 4270 les

318 4329 1012 4583 grandes
1155 4330 1903 4520 Morales
2047 4340 2903 4534 d’Arifto-

309 4650 470 4766 te
545 4583 974 4770 dont
1061 4595 1186 4775 il
1265 4592 1530 4781 fut
1569 4594 1757 4787 le.
1813 4599 2598 4866 difciple:
2669 4612 2906 4794 les

312 4844 1292 5039 excellentes
1396 4853 2404 5051 définitions
2567 4948 2896 5132 que

310 5102 651 5284 l’on
742 5109 939 5294 lit
1046 5194 1255 5300 au
1378 5194 2895 5326 commencement

309 5366 505 5539 de
649 5365 1281 5643 chaque
1436 5382 2265 5652 Chapitre
2484 5391 2885 5586 font

303 5618 984 5822 établies
1091 5647 1352 5832 fur
1475 5649 1700 5834 les
1819 5652 2268 5834 idées
2371 5690 2536 5847 &
2623 5656 2887 5845 fur

1821 5935 2041 6104 A.
2117 5938 2274 6162 vj
