4267 7123
1306 543 1533 731 <?o
1906 552 2213 723 Les
2290 541 3157 744 Caractères

1292 796 1442 946 le
1508 851 2371 957 commerce
2484 866 2670 967 va
2800 827 2943 970 le
3072 837 3586 1003 mieux
3675 836 3881 1005 dit

1295 1010 1952 1201 monde,
2054 1074 2457 1234 quoy
2549 1037 2997 1243 qu’en
3103 1033 3453 1203 effet
3539 1062 3638 1206 il
3698 1112 3877 1211 ne

1289 1224 1780 1380 vende
1841 1236 2207 1387 rien.
2281 1237 2952 1402 Souvent
3017 1254 3440 1460 après
3477 1286 3876 1427 avoir

1288 1424 1848 1595 écouté
1904 1492 2082 1592 ce
2155 1502 2454 1652 que
2516 1455 2826 1611 l’on
2892 1461 3138 1675 luy
3220 1524 3306 1619 a
3396 1474 3700 1672 dit,
3776 1488 3875 1641 il

1275 1700 1658 1808 veut
1727 1639 2081 1809 faire
2167 1674 2641 1818 croire
2689 1681 3050 1879 qu’il
3131 1689 3377 1897 n’y
3463 1747 3549 1845 a
3633 1747 3869 1897 pas

1281 1908 1476 2013 eu
1517 1862 1652 2011 la
1693 1869 2391 2028 moindre
2437 1902 3195 2048 attention
3229 1969 3267 2062 ;
3357 1906 3456 2054 il
3505 1892 3871 2065 feint

1289 2069 1495 2230 de
1569 2086 2135 2236 n’avoir
2219 2140 2467 2291 pas
2540 2150 2719 2304 ap
2735 2153 3186 2313 perçu
3256 2118 3462 2266 les
3504 2118 3873 2276 cho-

1279 2285 1501 2439 fes
1555 2282 1751 2444 où
1807 2295 1907 2443 il
1951 2316 2365 2452 vient
2442 2310 2637 2460 de
2697 2324 3145 2513 jetter
3194 2324 3400 2482 les
3437 2387 3863 2533 yeux,

1286 2553 1496 2648 ou
1546 2503 1765 2655 s’il
1838 2505 2037 2655 eft
2086 2565 2783 2683 convenu
2853 2528 3212 2687 d’un
3257 2531 3606 2747 fait,
3681 2544 3867 2704 de

1272 2764 1475 2864 ne
1604 2722 1911 2869 s’en
2023 2726 2347 2925 plus
2488 2735 3175 2902 fouvenir
3279 2811 3319 2908 :
3455 2767 3552 2913 il
3643 2775 3870 2918 n’a

1278 2977 1665 3131 pour
1743 2984 2117 3089 ceux
2206 2957 2470 3151 qui
2531 2964 2781 3171 luy
2857 2967 3433 3171 parlent
3494 2974 3864 3132 d’af¬

1274 3129 1712 3294 faires
1776 3266 1823 3335 ,
1876 3203 2172 3354 que
2234 3208 2644 3319 cette
2698 3172 3092 3327 feule
3162 3170 3854 3391 réponfe,

1267 3353 1474 3563 j’y
1527 3355 2226 3572 penferay
2292 3439 2326 3523 :
2428 3379 2531 3527 il
2628 3378 2990 3595 fçait
3088 3386 3282 3547 de
3344 3419 3865 3564 certai¬

1275 3613 1542 3718 nes
1619 3569 2133 3728 chofes
2206 3704 2248 3774 ,
2367 3598 2470 3743 il
2571 3645 2753 3743 en
2879 3609 3393 3817 ignore
3455 3615 3864 3776 d’au¬

1273 3821 1568 3938 tres
1645 3842 1691 3939 ;
1785 3794 1886 3939 il
1969 3788 2174 3943 eft
2261 3802 2562 3958 faifi
2825 3814 3715 3985 admiration
3808 3905 3859 4006 ;

1261 3981 1919 4157 d’autres
1957 3986 2242 4163 fois
2336 4021 2435 4170 il
2524 4076 2862 4181 aura
2927 4028 3380 4241 penfé
3436 4099 3857 4200 com¬

1263 4257 1522 4355 me
1571 4267 1937 4370 vous
2034 4220 2273 4376 fur
2334 4284 2577 4385 cet
2634 4231 3610 4451 événement,
3706 4282 3861 4417 &£

1258 4422 1588 4569 cela
1630 4418 2036 4584 félon
2105 4434 2319 4595 fes
2405 4442 3095 4613 d’iftérens
3145 4471 3838 4641 interefts*,

1253 4625 1527 4779 fon
1601 4633 2227 4858 langage
2273 4663 2411 4810 le
2458 4669 2782 4869 plus
2844 4673 3574 4838 ordinaire
3652 4687 3852 4843 eft

1251 4846 1957 5070 celuy-cy
2003 4919 2053 5016 ;
2154 4871 2301 5064 je
2379 4925 2473 5023 n
2526 4932 2713 5030 en
2798 4902 3172 5045 crois
3238 4908 3635 5092 rien,
3709 4911 3852 5100 je

1254 5101 1452 5202 ne
1534 5078 2432 5283 comprends
2468 5147 2744 5301 pas
2768 5151 3072 5310 que
3105 5116 3423 5262 cela
3460 5115 3847 5322 puif-

1252 5269 1406 5423 fe
1480 5277 1924 5474 eftre,
2111 5302 2258 5491 je
2415 5361 2610 5460 ne
2739 5314 3078 5522 fçay
3203 5317 3408 5479 où
3558 5332 3846 5523 j’en

1259 5481 1636 5682 fuis,
1711 5549 1913 5645 ou
1999 5499 2506 5705 bien,il
2571 5578 2825 5680 me
2907 5526 3469 5686 femble
3549 5590 3845 5740 que

1244 5701 1392 5890 je
1469 5750 1660 5847 ne
1729 5709 2008 5868 fuis
2108 5774 2360 5925 pas
2453 5744 3460 5948 moy-mefme
3524 5842 3571 5907 >
3693 5774 3841 5910 &

1241 5906 1810 6075 enfuite
1888 6033 1937 6098 ,
2060 5989 2238 6091 ce
2304 5946 2671 6104 n’eft
2722 6002 2978 6164 pas
3056 5961 3415 6118 ainil
3486 5974 3851 6171 qu’il
