4267 7116
2167 460 2888 711 Diſcours
1274 794 1954 914 mœurs.
2038 744 2338 912 Les
2410 721 3138 912 femmes
3206 801 3418 918 au
3450 810 3870 919 con¬

1284 1005 1857 1211 traire,
1957 983 2189 1167 les
2276 1054 2717 1253 gens-
2805 987 3013 1172 de
3081 988 3241 1169 la
3324 1013 3877 1228 Cour,

1299 1280 1468 1445 &
1555 1317 1936 1430 tous
2035 1320 2444 1429 ceux
2567 1267 2860 1502 qui
2963 1268 3464 1434 n'ont
3575 1331 3892 1519 que

1302 1504 2191 1764 beaucoup
2254 1502 2931 1767 d’efprit
3034 1496 3399 1697 fans
3514 1514 3894 1707 éru¬

1297 1764 1929 1995 dition,
1997 1761 2981 1950 indifferens
3037 1840 3473 2033 pour
3533 1846 3909 1964 tou¬

1308 2088 1552 2205 tes
1676 2022 1912 2206 les
2024 2021 2608 2210 chofes
2767 2052 3056 2287 qui
3208 2029 3440 2214 les
3604 2108 3920 2228 ont

1306 2281 2031 2545 précédé
2131 2280 2523 2474 font
2607 2295 3171 2479 avides
3263 2289 3475 2474 de
3566 2299 3915 2483 cel¬

1325 2548 1562 2721 les
1701 2567 1994 2803 qui
2125 2540 2294 2729 fe
2445 2562 3094 2810 pafient
3229 2549 3346 2754 à
3489 2553 3926 2747 leurs,

1328 2876 1761 3053 yeux
1840 2955 1892 3035 ,
2048 2840 2217 2992 &
2336 2826 2629 3069 qui
2740 2803 3133 2997 font
3244 2886 3929 3004 comme

1335 3056 1711 3246 fous
1783 3062 2147 3248 leur
2215 3086 2687 3251 main
2775 3159 2815 3283 ;
2919 3076 3115 3257 ils
3211 3073 3447 3258 les
3555 3151 3931 3260 exa¬

1342 3341 2046 3508 minent
2090 3480 2142 3556 ,
2250 3333 2450 3509 ils
2534 3326 2782 3511 les
2890 3324 3938 3568 difeernent,

1337 3581 1541 3761 ils
1649 3654 1869 3766 ne
1964 3589 2685 3844 perdent
2816 3663 3101 3856 pas
3220 3601 3433 3782 de
3532 3671 3945 3783 veue

1347 3840 1584 4021 les
1663 3851 2580 4110 perfonnes
2687 3872 2980 4111 qui
3059 3852 3288 4053 les
3339 3923 3948 4040 entou¬

1350 4164 1826 4331 rent,
1910 4103 2035 4288 fi
2146 4105 2935 4296 charmez
3022 4116 3303 4297 des
3370 4111 3958 4302 deferi-

1349 4381 1929 4621 ptions
2049 4396 2214 4548 &
2293 4369 2581 4553 des
2681 4392 3533 4627 peintures
3637 4448 3957 4635 que

1352 4628 1724 4805 J'où
1824 4619 2140 4808 fait
2256 4633 2464 4813 de
2632 4634 3064 4816 leurs
3172 4706 3964 4826 contem¬

1358 4902 2047 5141 porains
2142 5036 2195 5112 ,
2391 4893 2603 5074 de
2771 4891 3191 5081 leurs
3374 4916 3959 5090 conci¬

1365 5212 1978 5390 toyens
2057 5296 2113 5372 ,
2225 5152 2438 5333 de
2585 5226 3002 5340 ceux
3121 5158 3594 5343 enfin
3689 5176 3990 5420 qui

1364 5396 1725 5582 leur
1868 5404 3092 5640 refifemblent,
3264 5453 3421 5606 Le
3516 5418 3609 5599 à
3684 5440 3969 5676 qui

1359 5657 1563 5845 ils
1671 5730 1899 5847 ne
2023 5732 2735 5925 croyent
2887 5752 3175 5940 pas
3291 5686 3971 5863 reflem-
