4267 7210
2152 352 2870 616 Difcôurs

1198 622 2411 879 quatre-vingt
2486 638 3107 883 quinze
3160 649 3904 902 années,*

1197 853 1432 1038 gu
1573 857 1996 1045 dans
2117 869 2360 1056 les
2498 910 3319 1147 premiers
3480 984 3833 1104 ma-
3904 1064 3929 1085 •

1193 1110 1916 1306 nufcrits
2059 1154 2362 1391 qui
2505 1211 2824 1331 ont
2961 1154 3320 1347 elle
3424 1163 3835 1376 faits

1186 1375 1409 1557 de
1461 1452 1733 1573 cet
1770 1391 2677 1585 Hiftorien
2720 1495 2764 1624 5
2797 1415 3067 1611 s’il
3129 1426 3370 1609 cil
3437 1502 3832 1702 vray

1182 1631 2029 1835 d’ailleurs
2156 1730 2497 1918 que
2710 1670 2949 1859 les
3107 1754 3697 1949 quatre
3757 1824 3879 1903 r-

1179 1910 1698 2171 vingt
1815 1909 2688 2114 dix-neuf
2722 2007 3029 2127 ans
3140 2019 3485 2210 que
3558 2035 3821 2156 cet

1183 2167 1850 2359 Auteur
1955 2173 2122 2364 fe
2223 2185 2822 2379 donne
2939 2205 3397 2397 dans-
3486 2290 3828 2412 cet¬

1176 2483 1351 2604 te
1460 2424 2150 2626 Préfacé
2218 2441 2555 2678 ,.fe
2647 2449 3158 2663 lifent
3231 2474 3804 2748 égale¬

1164 2750 1659 2877 ment
1812 2697 2239 2893 dans
2410 2786 3003 2973 quatre
3103 2754 3798 2942 manul^

1153 2964 1552 3131 dits
1621 2952 1840 3139 de
1889 2959 2068 3145 là
2105 2967 3299 3258 Bibliothèque
3332 3007 3798 3206 Pala-t

1133 3220 1508 3392 tine
1532 3293 1576 3426 j
1618 3224 2030 3410 .c’eft
2081 3227 2246 3417 là
2319 3247 3080 3503 quel’on
3145 3331 3240 3446 a
3312 3328 3802 3463 trou¬

1134 3458 1347 3653 vé
1426 3470 1669 3659 les
1782 3507 2197 3756 cinq
2293 3503 3048 3712 derniers
3121 3520 3791 3801 Ghapi-

1134 3794 1465 3916 très
1534 3738 1821 3930 des
1862 3767 2841 3967 Caraéteres
2918 3781 3137 3968 de
3169 3789 3780 3999 Théo*

1124 3989 1798 4257 phrafte
1860 4038 2167 4274 qui
2210 4064 3365 4301 manquoient
3454 4129 3827 4254 aux.

1123 4280 2050 4464 anciennes
2223 4299 3297 4564 imprdlions
3397 4471 3451 4549 ,
3598 4357 3771 4526 &

1118 4525 1944 4777 quel’on,
2003 4619 2098 4726 a
2239 4634 2540 4747 vu.
2607 4565 3112 4761 deux,
3191 4595 3756 4821 titres,

1108 4778 1479 4972 l’un
1596 4796 1835 4986 du
1953 4821 2399 5077 goût
2481 4852 3014 5092 qu’on
3151 4920 3246 5027 a
3329 4921 3796 5113 pour.

1097 5042 1340 5232 les
1384 5069 2141 5307 vicieux,
2428 5088 3019 5285 l’autre
3064 5106 3299 5296 du
3333 5140 3747 5377 gain

1101 5298 1788 5502 fordide
1855 5483 1906 5561 ,
2030 5372 2337 5600 qui
2428 5344 2840 5555 font
2926 5363 3485 5610 -fetils,
3564 5412 3736 5577 &

1097 5566 1764 5773 denuez
1837 5595 2094 5790 de.
2205 5610 2652 5816 leurs
2776 5626 3738 5904 Chapitres»
