4267 7202
941 424 1242 677 fur
1293 391 2278 672 Tbeophrajîe.

366 761 710 881 mes
798 752 1086 945 par
1154 752 1398 864 un
1486 672 1826 864 feul
1922 719 2682 947 buvrâge
2766 674 2986 858 de

370 949 1002 1137 morale
1106 992 1154 1124 ?
1266 960 1566 1128 Les
1638 1015 1950 1124 uns
2046 934 2982 1126 cherchent

370 1221 647 1397 des
682 1200 2051 1432 définitions,des
2090 1194 2979 1434 divifions,

367 1477 643 1653 des
731 1464 1355 1692 tables,
1431 1496 1599 1648 &
1715 1463 1931 1648 de
2027 1463 2183 1643 la
2259 1458 2987 1646 métho¬

367 1737 575 1917 de
651 1817 687 1941 ;
803 1729 1003 1913 ils
1139 1724 1843 1916 veulent
1935 1743 2475 1987 qu’on
2615 1722 2987 1906 leur

367 1997 1132 2253 explique
1271 2064 1464 2176 ce
1531 2063 1860 2248 que
1951 1987 2348 2175 c’eft
2415 2058 2740 2251 que
2819 1982 2992 2170 la

368 2321 840 2441 vertu
956 2324 1164 2433 en
1280 2247 2096 2512 general,
2236 2279 2400 2435 &
2540 2318 2992 2438 cette

368 2585 840 2705 vertu
912 2584 1128 2696 en
1236 2511 2212 2780 particulier
2288 2599 2328 2723 ;
2424 2510 2992 2775 quelle

376 2773 1273 2964 différence
1364 2768 1525 2956 fc
1621 2843 2221 2959 trouve
2285 2842 2757 2959 entre
2828 2770 2989 2958 la

377 3037 1021 3269 valeur,
1117 3040 1269 3220 la
1313 3028 1781 3220 force
1821 3067 1981 3223 &
2017 3035 2181 3215 la
2249 3110 2985 3298 magna¬

377 3297 981 3485 nimité
1073 3436 1109 3508 ,
1269 3300 1501 3476 les
1609 3315 2053 3492 vices
2161 3310 2989 3483 extrêmes

386 3629 658 3825 par
741 3561 898 3745 le
981 3556 1566 3745 defaut
1642 3639 1874 3744 ou
1982 3631 2274 3823 par
2393 3558 2990 3746 l’excès

390 3897 842 4009 entre
938 3820 1654 4088 lefqueîs
1774 3815 2426 4087 chaque
2506 3886 2998 4011 vertu

390 4073 538 4261 fè
606 4153 1194 4273 trouve
1294 4083 1970 4344 placée,
2114 4119 2282 4271 ôc
2358 4086 2998 4346 duquel

394 4345 591 4529 de
695 4421 951 4533 ces
1098 4352 1531 4532 deux
1695 4351 2523 4531 extrêmes
2679 4346 2999 4526 elle

395 4676 1283 4873 emprunte
1395 4608 2363 4875 davantage
2451 4695 2483 4791 :
2583 4678 2999 4794 tou¬

403 4933 559 5049 te
719 4941 1175 5057 autre
1347 4872 2139 5056 doctrine
2287 4943 2511 5055 ne
2643 4866 3003 5054 leur

400 5129 872 5393 plailt
952 5204 1288 5397 pas.
1488 5160 1784 5320 Les
1908 5203 2452 5315 autres
2560 5206 3008 5322 con¬

404 5457 840 5573 tents
976 5468 1304 5653 que
1464 5396 1828 5580 l'on
1964 5391 2620 5583 réduite
2772 5398 3004 5578 les

408 5721 1012 5845 mœurs
1108 5732 1420 5844 aux
1484 5655 2332 5924 pallions,
2432 5690 2600 5851 &
2684 5730 3008 5922 que

2097 5935 2257 6107 À
2373 5999 2477 6115 v
