4267 7116
2121 465 2873 727 Diſcours
1228 744 1397 928 té
1472 885 1528 969 ,
1608 765 1777 921 &
1828 717 1993 918 fe
2064 722 2481 918 faire
2552 799 2889 915 une
2952 728 3385 976 jufte
3464 737 3829 925 idée

1220 1000 1648 1185 d’un
1720 1065 2120 1257 pays
2224 982 2456 1175 où
2528 987 2648 1167 il
2728 983 3100 1176 faut
3200 981 3844 1181 mefmc

1235 1273 1708 1449 avoir
1751 1254 2184 1445 vécu
2251 1247 3832 1514 pourleconoiftfe.

1415 1525 2123 1701 D'autre
2207 1574 2571 1774 part
2655 1507 2771 1691 il
2867 1512 3103 1692 elt
3183 1509 3839 1693 naturel

1242 1844 1559 1957 aux
1690 1769 2483 1954 hommes
2642 1771 2855 1951 de
2987 1836 3211 1944 ne
3342 1789 3839 2028 point

1242 2046 2078 2217 convenir
2198 2026 2406 2207 de
2554 2023 2714 2207 la
2854 2020 3458 2212 beauté
3614 2105 3854 2213 ou

1238 2292 1458 2473 de
1598 2289 1762 2469 la
1898 2286 2842 2471 délicatefle
2974 2288 3390 2472 d’un
3466 2285 3854 2477 trait

1237 2548 1461 2733 de
1517 2542 2165 2729 morale
2229 2563 2521 2806 qui
2585 2543 2821 2727 les
2913 2568 3469 2808 peint,
3553 2565 3857 2809 qui

1245 2808 1481 2989 les
1577 2797 2357 3070 défigne,
2453 2835 2621 2991 &
2697 2803 2933 2991 où
3021 2804 3221 2988 ils
3329 2796 3489 2988 fe
3573 2877 3841 2993 re-

1236 3081 2324 3249 connoiüent
2396 3068 3856 3277 eux-mefmes;ils

1244 3320 1420 3513 fe
1548 3341 2072 3506 tirent
2248 3322 3264 3512 d’embarras
3388 3396 3604 3505 en
3696 3325 3856 3517 le

1259 3581 2575 3795 condamnant,
2687 3615 2855 3775 &
2955 3588 3263 3768 tels
3363 3609 3863 3853 n’ap¬

1262 3902 2127 4105 prouvent
2179 3830 2999 4095 lafatyre,
3046 3924 3371 4108 que
3435 3837 3863 4033 lorf-

1270 4172 1606 4361 que
1710 4166 2926 4355 commençant
3062 4116 3162 4292 à
3302 4104 3866 4293 lâcher

1270 4361 1710 4621 prife
1782 4393 1946 4546 &
2014 4358 2110 4542 à
2186 4358 3102 4631 s’éloigner
3166 4364 3378 4552 de
3434 4364 3862 4553 leurs

1265 4613 2337 4881 personnes,
2453 4623 2781 4807 elle
2881 4703 3089 4816 va
3193 4625 3861 4813 mordre

1273 4873 2009 5137 quelque
2105 4947 2621 5067 autre.

1552 5133 2072 5318 Enfin
2232 5143 2796 5402 quelle
2948 5213 3868 5408 apparence

1280 5396 1492 5581 de
1564 5418 2304 5649 pouvoir
2368 5403 3064 5663 remplir
3172 5476 3552 5592 tous
3632 5405 3864 5585 les

1267 5661 1787 5921 goûts
1887 5650 2020 5854 fi
2111 5654 2903 5851 differens
2999 5668 3283 5856 des
3339 5660 3863 5856 hom-
