4267 7202
2157 593 2887 855 Dlfcours

1260 880 2197 1096 différence
2367 864 2664 1044 des
2813 828 3388 1105 efprits
3598 823 3884 1015 des

1257 1165 2074 1357 hommes
2127 1084 3634 1380 aufliprodigieufe
3678 1156 3898 1272 en

1273 1501 1601 1617 eux
1709 1476 2040 1677 que
2133 1381 2560 1589 celle
2686 1373 2904 1560 de
3066 1369 3512 1547 leurs
3644 1363 3902 1541 vi-

1265 1693 1734 1954 fages
1821 1823 1876 1904 ,
2014 1674 2314 1925 qui
2459 1634 2777 1829 fait
2882 1624 3509 1897 goûter
3598 1680 3914 1803 aux

1277 2021 1600 2145 uns
1693 1935 1936 2126 les
2052 1892 2639 2108 chofes
2800 1892 3023 2081 de
3160 1872 3918 2149 Ipecula-

1286 2236 1743 2434 tion,
1820 2219 1998 2385 &
2062 2252 2381 2368 aux
2501 2222 3049 2355 autres
3117 2138 3621 2340 celles
3714 2131 3928 2319 de

1288 2481 2124 2748 pratique.
2160 2531 2208 2660 ;
2307 2445 2607 2699 qui
2671 2414 2995 2617 fait
3051 2479 3386 2680 que
3447 2390 3938 2666 quel¬

1301 2782 2117 3012 ques-uns
2220 2680 3156 2891 cherchent
3209 2666 3628 2858 dans
3713 2654 3948 2841 les

1305 3016 1895 3200 Livres
2003 2962 2115 3159 à
2278 3012 2942 3149 exercer
3015 2934 3410 3118 leur
3507 2941 3953 3109 ima¬

1320 3263 2136 3536 gination
2207 3382 2266 3459 ,
2404 3206 3208 3493 quelques
3283 3252 3828 3376 autres
3867 3251 3971 3362 a

1328 3536 1994 3724 former
2063 3495 2426 3681 leur
2492 3507 3417 3741 jugement
3485 3530 3534 3665 ;
3593 3458 3967 3708 qu’¬

1348 3849 1839 3983 entre
1903 3828 2331 3955 ceux
2403 3757 2714 4004 qui
2812 3725 3408 3942 lifent,
3506 3777 3993 3892 ceux-

1358 4127 1577 4315 cy
1654 4055 2325 4228 aiment
2394 4001 2496 4196 à
2581 3998 2996 4186 eftre
3046 3977 3632 4173 forcez
3704 4031 3992 4233 par

1361 4321 1535 4511 la
1661 4270 3163 4492 demonftration,
3260 4263 3434 4433 &
3498 4301 4008 4421 ceux-

1379 4585 1557 4771 là
1685 4550 2396 4763 veulent
2500 4514 3335 4717 entendre
3401 4490 4022 4684 délica¬

1387 4886 2074 5039 tement
2149 4965 2203 5042 ,
2326 4871 2566 4988 ou
2606 4781 3265 4978 former
3331 4763 3625 4955 des
3693 4769 4016 4938 rai-

1413 5102 2471 5298 fonnemens
2630 5082 2811 5245 &
2968 5040 3267 5229 des
3422 5038 4022 5263 .conje¬

1407 5382 2079 5560 ctures;
2135 5357 2313 5588 je
2381 5392 2669 5515 me
2717 5290 3581 5499 renferme
3657 5280 4043 5471 feu¬

1445 5631 2119 5817 lement
2228 5592 2659 5784 dans
2819 5629 3263 5762 cette
3399 5546 4054 5745 fcience

1457 5901 1777 6165 qui
1894 5865 2437 6068 décrit
2526 5847 2777 6037 les
2864 5888 3642 6051 mœurs,
3759 5813 4060 6072 qui
