4267 7032
1059 448 1221 626 de
1323 424 2289 692 Theophrafte.
2816 511 2981 666 je

432 714 833 923 qu’ils
940 749 1593 915 peuvent
1735 698 2197 848 suivre
2280 762 2321 854 ;
2475 698 2577 838 il
2659 700 2973 847 leur

431 918 1064 1137 apprend
1146 911 1224 1068 à
1322 908 1676 1065 faire
1706 915 1844 1058 le
1894 903 2976 1054 difeernement

433 1142 624 1295 de
698 1190 1060 1295 ceux
1170 1180 1532 1283 avec
1662 1132 1920 1328 qui
2041 1121 2212 1268 ils
2361 1108 2976 1265 doivent

429 1351 683 1508 lier
742 1349 1375 1551 quelque
1442 1377 2343 1514 commerce,
2401 1346 2555 1484 &
2604 1316 2983 1476 dont

428 1553 1334 1724 l’émulation
1408 1555 1610 1699 les
1677 1592 2254 1748 portera
2336 1532 2419 1706 à
2496 1543 2982 1686 imiter

428 1791 806 1936 leurs
848 1816 1334 1921 vertus
1404 1782 1550 1912 &
1599 1768 1906 1909 leur
1983 1748 2554 1961 fagefte:
2603 1751 2985 1897 Ain-

439 1990 525 2143 6
635 2000 773 2192 je
880 1989 1173 2133 vais
1271 2018 1761 2122 entrer
1887 2018 2073 2113 en
2239 1970 2849 2111 matière
2924 2080 2965 2144 ,

435 2202 760 2356 c’eft
846 2188 928 2341 à
1039 2240 1400 2340 vous
1542 2181 1736 2334 de
1827 2215 2492 2382 penetrer
2618 2164 2984 2318 dans

438 2466 800 2568 mon
881 2399 1284 2591 fens,
1394 2414 1544 2548 &
1637 2391 2535 2541 d’examiner
2622 2425 2984 2532 avec

442 2623 1175 2780 attention
1261 2605 1355 2755 fi
1453 2611 1595 2752 la
1654 2589 2115 2760 vérité
2212 2590 2363 2740 fe
2469 2639 2991 2742 trouve

444 2838 790 2991 dans
857 2876 1166 2981 mes
1249 2821 1798 3027 paroles
1889 2831 1922 2961 :
2032 2829 2186 2958 &c
2256 2798 2570 2947 fans
2644 2787 2994 2948 faire

444 3099 734 3204 une
768 3040 1086 3246 plus
1123 3006 2481 3237 longuePreface,je
2532 3010 3001 3211 parle-

444 3311 698 3465 ray
771 3237 1389 3402 d’abord
1442 3230 1633 3388 de
1715 3243 1857 3384 la
1902 3219 2993 3404 dilfimulation,

442 3479 588 3676 je
678 3453 1377 3658 définiray
1495 3498 1672 3603 ce
1771 3448 2100 3599 vice
2192 3563 2237 3628 ,
2358 3441 2504 3629 je
2606 3424 3009 3629 diray

458 3734 628 3831 ce
686 3725 980 3876 que
1062 3661 1396 3818 c’eft
1442 3668 1903 3864 qu’un
1973 3650 2603 3800 homme
2709 3630 3023 3786 dif-

461 3872 1052 4067 fimulé,
1141 3884 1279 4073 je
1376 3866 2028 4064 décriray
2108 3852 2311 4004 fes
2405 3896 3007 4036 mœurs,

476 4125 622 4251 &
660 4108 802 4292 je
893 4093 1563 4296 traiteray
1629 4073 2186 4228 ensuite
2228 4058 2486 4216 des
2536 4104 3018 4212 autres

480 4302 1066 4511 pallions
1141 4420 1186 4489 ,
1271 4294 1846 4455 suivant
1927 4287 2069 4436 le
2164 4280 2641 4485 projet
2728 4315 3025 4472 que

471 4527 753 4723 j’en
811 4569 978 4721 ay
1026 4501 1329 4662 fait.

2048 5959 2531 6159 C iiij
