4267 7116
1298 651 1663 829 l’on
1766 639 2547 904 explique
2642 643 3139 828 celles
3190 765 3274 793 -
3326 725 3527 906 cy
3606 735 3911 927 par:

1293 907 1453 1084 le
1553 944 2673 1093 mouvement
2749 900 3881 1179 dufang,.par

1292 1164 1780 1418 celuy
1816 1166 2104 1346 des
2152 1160 2660 1357 fibres
2700 1194 2868 1351 &
2916 1171 3204 1352 des
3244 1238 3880 1416 arteres,

1294 1441 2075 1680 quittent;
2138 1492 2383 1617 un
2470 1437 3131 1626 Auteur
3198 1429 3458 1626 de.
3514 1502 3926 1648 tout,

1285 1683 1454 1864 le
1529 1685 1989 1866 refie.

1548 1941 1689 2129 Il
1796 1966 2152 2128 s’en
2280 2008 2876 2139 trouve
2988 1952 3396 2134 d’un
3456 1979 3924 2143 troi—

1279 2191 1807 2397 fiéme
1963 2204 2583 2426 ordre,
2802 2228 3099 2467 qui
3242 2214 3931 2473 perfua--

1273 2463 1594 2656 dez
1701 2533 2038 2722 que
2129 2529 2606 2658 toute
2749 2470 3534 2668 doctrine
3597 2483 3870 2664 des

1276 2787 1905 2922 moeurs
1992 2723 2377 2908 doit
2432 2730 3025 2908 tendre
3104 2728 3256 2933 à.
3304 2729 3533 2926 les
3600 2807 3860 2923 re¬

1255 2975 1911 3178 former
1951 3135 2003 3211 ,
2075 2975 2168 3164 à
2243 2973 3351 3177 difcernerlcs
3407 2990 3863 3179 bon¬

1258 3241 1566 3440 nes
1742 3242 2322 3431 d’avec
2490 3241 2718 3438 les
2842 3246 3926 3496 mauvaifcs,,

1264 3531 1433 3688 &
1548 3493 1684 3701 à.
1720 3498 2477 3690 démêler
2556 3506 2973 3688 dans
3048 3512 3281 3693 les
3340 3509 3857 3706 hom¬

1251 3831 1616 3964 mes
1779 3838 1968 3950 ce
2063 3765 2468 4028 qu’il
2563 3842 2664 4014 y
2799 3847 2892 3951 a
3023 3772 3240 3952 de
3351 3847 3847 4008 vain,

1250 4019 1470 4204 de
1558 4013 2110 4223 foible
2158 4060 2330 4228 &c
2406 4029 2610 4222 de
2658 4029 3842 4238 ridicule,d’a¬

1237 4351 1545 4468 vec
1661 4357 1853 4482 ce
1936 4284 2425 4543 qu’ils
2544 4361 3301 4550 peuvent
3393 4315 3857 4483 avoir

1243 4536 2556 4771 debon,defiiin
2615 4582 2780 4743 &
2827 4551 3036 4748 dé
3091 4548 3911 4780 louable,.

1234 4799 1399 5004 G
1502 4798 2270 5061 plaifent.
2306 4809 3367 5007 infiniment:
3438 4814 3910 5004 dans;

1233 5059 1393 5240 la
1509 5069 2149 5263 lecture
2317 5068 2601 5261 des
2721 5066 3213 5256 livres
3548 5091 3834 5331 qui

1224 5322 2412 5585 luppofant-les
2455 5346 3296 5592 principes
3391 5330 3828 5594 phy-

1222 5579 1763 5848 fiques
1842 5614 2011 5775 &
2050 5655 2751 5785 moraux
2810 5588 3479 5793 rebatus
3534 5659 3827 5859 par
