4267 7170
2202 426 2910 686 Dïfcours

1270 710 1798 866 naïve
1974 678 2418 866 donc
2550 754 2926 866 tous
3046 682 3274 866 les
3410 758 3866 870 cara¬

1274 958 1798 1122 ctères
1898 1014 1998 1194 y
2114 934 2510 1130 font
2610 966 3582 1202 exprimez,
3706 982 3870 1134 &

1266 1202 1422 1386 ta
1490 1270 2490 1454 comparant
2590 1202 3434 1390 d’ailleurs
3482 1278 3870 1394 avec

1266 1458 1694 1642 celle
1846 1466 2082 1646 du
2222 1486 2754 1646 Poëte
2918 1466 3874 1646 Menandre

1262 1718 1974 1978 difciple
2046 1718 2258 1902 de
2342 1718 3606 1982 Theophrafte,
3710 1754 3874 1918 &

1258 1998 1558 2238 qui
1686 1954 2198 2170 fervit
2350 1974 2994 2166 enfuice
3166 1986 3378 2166 de
3482 2054 3874 2166 mo¬

1258 2238 1642 2422 dèle
1754 2242 1846 2426 à
1998 2254 2782 2426 Tercnce
2894 2394 2950 2474 ,
3138 2266 3658 2502 qu’on
3786 2322 3874 2430 a

1262 2498 1686 2682 dans
1746 2566 2062 2686 nos
2146 2522 2602 2742 jours
2718 2498 2838 2682 fi
2974 2498 3882 2686 lieureufe»-

1262 2830 1754 2950 ment
1902 2758 2398 2950 imité
2526 2914 2574 2990 ,
2774 2830 2990 2946 ne
3146 2834 3878 3022 peuvent

1266 3022 2310 3290 s-’èmpêcher
2390 3022 2598 3202 de
2722 3026 3878 3210 rec-onnoiftre

1270 3278 1690 3458 d'ans
1754 3354 1946 3462 ce
2022 3302 2442 3546 petit
2510 3354 3246 3550 ouvrage
3326 3282 3482 3466 la
3522 3358 3882 3546 pre¬

1270 3558 1806 3726 mière
1890 3538 2474 3730 fource
2582 3542 2790 3726 de
2890 3614 3266 3730 tout
3366 3542 3526 3726 le
3606 3622 3882 3730 co¬

1286 3818 1938 4062 mique,
1978 3834 2134 4050 je
2186 3810 2434 3986 dis
2478 3810 2694 3990 de
2766 3810 3246 4062 celuy
3298 3822 3586 4066 qui
3650 3810 3878 3986 eft

1274 4058 1786 4322 épuré
1866 4066 2150 4246 des
2222 4090 2946 4326 pointes,
2994 4070 3274 4250 des
3318 4066 3890 4250 obfce-

1274 4334 2110 4550 nitëz,des
2158 4322 3254 4594 équivoques,
3318 4346 3606 4586 qui
3642 4326 3878 4510 eft

1266 4602 1606 4838 pris
1682 4590 2094 4770 dans
2206 4594 2362 4770 la
2418 4658 3106 4822 nature,
3190 4606 3482 4850 qui
3570 4586 3882 4770 fait

1270 4862 1594 5026 rire
1670 4846 1902 5030 les
1974 4842 2430 5118 fages
2522 4850 2954 5042 &les
3026 4918 3834 5042 vertueux
3834 4926 3846 4990 1
3838 4994 3878 5034 .

1474 5122 1922 5286 Mais
2022 5118 2930 5366 peut-eftre
3050 5186 3374 5370 que
3454 5178 3878 5370 pour

1266 5366 1898 5554 relever
1990 5374 2146 5550 le
2242 5394 2834 5554 mérité
2882 5374 3086 5554 de
3162 5450 3350 5558 ce
3386 5366 3874 5554 traité

1270 5622 1554 5814 dés
1670 5650 2742 5850 GaraCteres,
2790 5666 2986 5830 ■&
3074 5642 3866 5894 eninlpi-
