4267 7032
1062 531 1229 713 de
1306 506 2281 771 Tbeophrajle.

467 794 1183 963 flatteufes
1237 829 1611 994 pour
1665 768 2275 926 adoucir
2329 809 2699 917 ceux
2765 777 3019 966 qui

469 1025 616 1176 fe
698 1019 1444 1226 plaignent
1532 988 1728 1147 de
1780 992 2112 1194 luy,
2169 998 2327 1177 &r
2361 982 2611 1176 qui
2692 970 3039 1125 font

467 1240 881 1440 aigris
926 1271 1181 1430 par
1217 1217 1417 1362 les
1469 1212 2005 1405 injures
2054 1191 2477 1403 qu’ils
2526 1236 2709 1334 en
2750 1225 3021 1331 ont

464 1456 1106 1598 receuës.
1279 1423 1526 1574 S’il
1620 1423 2078 1571 arrive
2207 1449 2497 1603 que
2595 1395 3017 1602 quel¬

468 1662 922 1864 qu’un
1003 1630 1662 1796 l’aborde
1768 1669 2130 1780 avec
2232 1601 3021 1814 emprefle-

466 1911 880 2022 ment
959 1988 1001 2045 ,
1125 1858 1224 2004 il
1311 1831 1684 2000 feint
1792 1835 2047 1993 des
2141 1816 2784 2003 affaires,
2872 1825 3027 1968 &

461 2083 710 2288 luy
749 2068 972 2225 dit
1021 2061 1212 2219 de
1250 2058 1824 2212 revenir
1870 2097 2160 2204 une
2230 2019 2928 2193 autrefois
2967 2114 3016 2183 >

462 2289 570 2445 il
639 2280 1094 2448 cache
1141 2260 2321 2484 foigneufement
2402 2291 2737 2399 tout
2854 2289 3037 2389 c*

464 2500 822 2709 qu’il
883 2485 1150 2647 fait
1226 2605 1279 2679 ,
1643 2471 1730 2625 à
1807 2454 2634 2625 l’entendre
2696 2502 3029 2656 par¬

468 2720 683 2865 ler
770 2832 813 2901 ,
965 2752 1167 2853 on
1245 2686 1843 2848 croirait
1932 2679 2590 2872 toujours
2680 2665 3034 2865 qu’il

469 2915 1112 3077 délibéré
1146 2979 1192 3072 ;
1281 2911 1384 3060 il
1426 2957 1612 3058 ne
1658 2898 2048 3100 parle
2098 2893 2524 3094 point
2577 2862 3031 3028 indif¬

469 3126 1365 3289 féremment
1408 3246 1449 3311 ,
1502 3118 1600 3269 il
1650 3163 1732 3257 a
1797 3104 2008 3256 fes
2062 3089 2600 3248 raifons
2662 3133 3036 3289 pour

478 3341 794 3504 dire
840 3328 1378 3492 tantoft
1420 3318 1774 3531 qu’il
1848 3365 2038 3466 ne
2105 3296 2374 3458 fait
2456 3353 2746 3503 que
2800 3345 3033 3445 re¬

477 3581 891 3713 venir
971 3542 1163 3697 de
1224 3550 1366 3691 la
1448 3569 2258 3730 campagne
2338 3636 2387 3701 ,
2500 3501 3038 3662 tantoft

481 3772 828 3981 qu’il
901 3757 1104 3913 eft
1217 3736 1680 3905 arrivé
1804 3736 1896 3886 à
2004 3736 2148 3881 la
2249 3726 2596 3883 ville
2723 3706 3036 3864 fort

483 3977 893 4164 tard,
1010 3985 1149 4120 &
1278 3933 2200 4170 quelquefois
2370 3932 2712 4141 qu’il
2838 3921 3040 4076 eft

478 4169 1422 4398 languiffant,
1475 4221 1669 4318 ou
1719 4215 1921 4363 qu
1970 4160 2073 4306 il
2119 4208 2197 4302 a
2279 4196 2577 4303 une
2610 4187 3036 4289 mau¬

488 4361 875 4561 vaise
914 4377 1366 4545 fanté.
1458 4381 1578 4528 II
1622 4371 1842 4530 dit
1886 4362 1974 4520 à
2012 4364 2435 4565 celuy
2496 4368 2750 4554 qui
2786 4354 3039 4551 luy

489 4650 1259 4814 emprunte
1300 4592 1487 4749 de
1532 4594 2147 4794 l’argent
2227 4566 2311 4724 à
2396 4559 3035 4747 intereft,

486 4880 685 4978 ou
722 4829 977 5027 qui
1016 4820 1152 4968 le
1193 4819 1496 5016 prie
1544 4793 1736 4952 de
1773 4777 2624 4946 contribuer
2672 4779 2779 4889 *
2848 4767 3044 4923 de

490 5034 637 5185 fa
707 5077 1013 5211 part
1110 5020 1197 5174 à
1311 5062 1605 5169 une
1709 5006 2288 5156 femme
2386 5039 2680 5172 que
2821 4980 3032 5137 fes

488 5296 840 5398 amis
914 5265 1780 5388 contentent
1857 5230 2044 5364 de
2121 5224 2368 5410 luy
2452 5209 2980 5410 prefter

489 5457 835 5669 qu’il
929 5501 1115 5600 ne
1161 5432 1559 5601 vend
1625 5435 2007 5619 rien,
2097 5419 2442 5632 qu’il
2492 5461 2678 5562 ne
2728 5406 3046 5562 s’eft

488 5676 967 5869 jamais
1057 5711 1339 5812 veu
1464 5652 1559 5802 fi
1684 5629 2167 5792 dénué
2280 5621 2943 5828 d’argent
2989 5674 3039 5771 s

490 5876 1133 6085 pendant
1178 5873 1529 6076 qu’il
1573 5861 1793 6020 dit
1882 5905 2165 6003 aux
2238 5885 2712 5992 autres
2761 5878 3056 6032 que

2038 6061 2181 6213 C
2271 6052 2418 6249 vj
