4267 7123
1030 409 1323 642 jur
1414 366 2391 628 Tbeophrajle.

700 641 1181 833 Ainlî
1340 706 1605 820 cet
1732 699 2481 888 ouvrage
2620 634 3041 812 n’eft

450 905 1339 1175 peur-eftre
1406 880 3059 1150 mefmequ’unllm-

444 1165 721 1427 ple
824 1155 1774 1422 fragment,
1920 1168 2341 1335 mais
2420 1215 3057 1406 cepen¬

446 1426 855 1611 dant
998 1488 1227 1602 un
1382 1413 1807 1597 relie
1906 1405 2687 1675 précieux
2842 1407 3059 1584 de

440 1671 1522 1943 l'antiquité,
1744 1703 1909 1864 &
2028 1740 2261 1850 un
2380 1725 3021 1849 monu¬

426 2003 919 2135 ment
1002 1937 1215 2118 de
1298 1936 1459 2115 la
1554 1924 2287 2122 vivacité
2374 1927 2583 2104 de
2658 1911 3043 2104 l’ef-

428 2217 765 2459 prit
824 2197 1265 2390 &.dù
1320 2219 2249 2458 jugement
2292 2175 2841 2372 ferme

430 2457 963 2645 fiàlide
1030 2453 1471 2644 de.ce
1530 2435 2559 2709 Philofophe
2626 2441 3051 2622 dans

437 2789 669 2907 un
780 2723 1089 2979 âge
1256 2707 1381 2904 fî
1492 2705 2133 2902 avancé
2260 2788 2289 2888 :
2388 2719 2641 2883 En
2756 2687 3021 2876 ef¬

434 2970 715 3170 fet,
754 2975 871 3156 il
930 3046 1023 3155 a
1070 2987 1855 3207 toujours
1906 2965 2239 3159 efté
2298 2960 2483 3148 lû
2558 3023 3043 3138 com¬

440 3305 713 3419 me
873 3301 1109 3415 un
1273 3221 2525 3427 chef-d’œuvre
2624 3213 3053 3400 dans

434 3498 735 3682 fon
847 3560 1367 3756 genre
1507 3570 1547 3670 :
1766 3483 1947 3671 ili
2050 3553 2267 3662 ne
2410 3487 2571 3659 le
2678 3487 3055 3657 voit

444 3774 805 3933 rien
909 3825 1149 3942 ou
1252 3748 1413 3928 le
1529 3751 1965 4010 goût
2064 3751 2789 3995 Attique
2880 3723 3045 3908 fe

430 4002 823 4195 falfe
927 4025 1503 4203 mieux
1618 4016 2720 4257 remarquer,
2878 4015 3075 4175 Ôc.

449 4345 665 4454 ou
772 4267 1705 4529 l’élegance
1768 4275 2549 4517 Grecque
2596 4244 3049 4436 écla¬

442 4590 607 4722 te
682 4532 1619 4783 davantage
1687 4590 2015 4705 :on
2094 4521 2307 4698 l’â
2374 4498 3091 4771 appellé.

449 4853 685 4971 un
772 4788 1185 4975 livre
1304 4787 1673 4968 d’or
1793 4864 1825 4960 :
1968 4778 2205 4959 les
2328 4795 3041 5015 Sçavans

446 5038 1035 5236 faifant
1107 5065 1971 5237 attention
2078 5033 2171 5218 à
2258 5002 3035 5216 ladiver-

444 5298 745 5487 fité
840 5307 1117 5488 des
1193 5376 1821 5491 mœurs
2005 5308 2293 5555 qui
2420 5359 2526 5539 y
2644 5273 3097 5462 font:

446 5555 1224 5797 traitées,
1378 5595 1552 5763 &ç
1715 5640 1816 5749 a
1998 5557 3047 5745 la.maniéré
