4267 7202
2307 517 3027 777 Difcours

1180 909 1302 1001 »
1354 830 2259 1066 beaucoup
2317 791 2533 977 de
2579 773 3157 972 chofes
3245 776 3971 1012 inutiles*

1189 1173 1308 1261 »
1372 1120 1545 1280 &
1653 1068 2084 1346 qu’il
2193 1134 2298 1316 y
2377 1119 2600 1232 en
2717 1114 2812 1224 a
2881 1112 3208 1304 peu
3272 1048 3560 1295 qui
3637 1106 3971 1218 me-

1192 1433 1306 1521 „
1372 1410 1810 1536 nent
1926 1333 2026 1519 à
2135 1386 2474 1506 une
2594 1300 2849 1492 fin
2974 1300 3517 1489 folide
3623 1378 3662 1482 :
3803 1373 3982 1482 ce

1195 1701 1313 1785 „
1373 1602 1805 1800 n’eft
1913 1608 2412 1859 point
2475 1572 2576 1762 à
2669 1635 3094 1822 moy
3159 1551 3260 1741 à
3331 1551 3980 1749 dé.libe-

1192 1953 1318 2053 »
1384 1934 1646 2060 rer
1794 1836 2070 2046 fur
2154 1848 2318 2034 le
2412 1845 2846 2104 parti
2952 1895 3290 2087 que
3382 1840 3542 2061 je
3638 1820 3990 2002 dois

1215 2227 1269 2304 3
1279 2217 1333 2303 )
1395 2123 2214 2400 prendre,
2277 2104 2405 2291 il
2486 2088 2913 2282 n’eft
2986 2086 3360 2354 plus
3394 2144 3985 2344 temps.

1225 2419 1346 2589 55
1407 2417 1859 2587 Pour
1960 2444 2390 2574 vous
2552 2378 2842 2625 qui
3004 2416 3410 2536 avez
3546 2334 3642 2525 à
3744 2408 4002 2524 me

1228 2759 1285 2836 j
1295 2741 1345 2827 5
1409 2653 2165 2846 furvivre
2253 2790 2310 2867 ,
2435 2695 2845 2823 vous
2986 2684 3213 2806 ne
3317 2604 4009 2861 fçauriez

1237 3005 1356 3100 55
1417 2917 1888 3183 peler
1925 2970 2314 3165 trop
2380 2937 4015 3125 meurementceque

1248 3264 1369 3360 55
1427 3245 1862 3371 vous
1938 3169 2477 3355 devez
2573 3142 2993 3335 faire
3063 3224 3109 3325 :
3258 3166 3421 3326 Lc
3515 3197 3693 3314 ce
3749 3122 4021 3314 fu~

1246 3520 1380 3624 j>
1438 3502 1820 3625 rent
1891 3421 2060 3615 là
2139 3416 2380 3615 fes
2455 3417 3128 3603 dernier
3150 3475 3308 3582 es
3345 3395 4024 3662 paroles.

1635 3717 2398 3887 Cicéron
2462 3676 2890 3863 dans
2974 3666 3130 3849 le
3203 3646 4033 3853 troifiéme

1437 3983 1949 4171 Livre
2149 3951 2440 4139 des
2577 3925 3616 4128 Tufculanes
3800 3921 4036 4099 dit

1468 4297 1802 4486 que
1931 4194 3130 4467 Tbeophrafte
3283 4238 4046 4370 mourant

1453 4488 1641 4683 fie
1707 4481 2453 4749 plaignit
2521 4464 2737 4647 de
2877 4460 3041 4641 la
3106 4513 3769 4665 nature,
3856 4432 4048 4622 de

1480 4826 1684 4938 ce
1744 4740 2371 5009 qu’elle
2460 4738 2935 4913 avoir
3000 4697 3703 4900 accordé
3764 4770 4051 4884 aux

1498 4999 2005 5202 Cerfs
2102 5031 2281 5200 &
2339 5067 2657 5182 aux
2729 4968 3685 5177 Corneilles
3750 5024 4060 5152 une

1502 5294 1792 5466 vie
1887 5262 2016 5453 fi
2127 5266 2784 5520 longue
2835 5401 2901 5478 ,
3075 5268 3248 5429 &
3341 5248 3639 5494 qui
3726 5224 4055 5405 leur

1515 5533 1754 5720 eft
1817 5524 1942 5715 fi
2006 5522 2687 5752 inutile,
2721 5489 3673 5765 lorfqü’eUe
3727 5506 4068 5673 n’a-

1502 5808 1896 5998 voit
2032 5776 2632 5986 donné
2822 5844 3148 5970 aux
3316 5752 4075 5959 hommes
