4267 7170
2257 453 2984 706 Diſcours
1316 762 1751 886 nom
1904 766 2131 892 ne
2296 711 3299 980 répondant
3434 775 3930 1008 point

1306 955 1732 1146 aller
1798 960 1898 1150 à
1974 964 2124 1149 la
2197 966 2712 1164 haute
2817 988 3428 1182 eftime
3519 1032 3913 1274 qu’il

1319 1240 1798 1409 avoit
1891 1226 2110 1409 de
2203 1230 2370 1418 la
2527 1230 3143 1438 beauté
3258 1261 3473 1446 de
3606 1274 3913 1470 ton

1294 1496 1815 1742 genie
1900 1515 2076 1679 &
2176 1494 2391 1680 de
2484 1497 2723 1687 les
2852 1522 3908 1779 exprefilons,

1298 1737 1426 1918 il
1626 1740 2420 2015 l’appella
2597 1761 3768 2044 Theophrafte

1287 2004 2365 2202 c’eft-à-dire
2423 2091 2666 2210 un
2699 2019 3425 2229 homme
3478 2059 3905 2250 dont

1273 2255 1447 2436 le
1593 2259 2335 2551 langage
2440 2287 2681 2470 eft
2764 2289 3255 2488 divin
3348 2396 3386 2497 :
3464 2331 3667 2502 Et
3771 2324 3896 2508 il

1270 2507 1932 2715 femble
2075 2611 2408 2806 que
2485 2566 3244 2745 Cicéron
3317 2589 3552 2765 ait
3613 2653 3898 2772 en¬

1271 2779 1536 2965 tré
1671 2785 2094 2984 dans
2235 2803 2478 2989 les
2611 2805 3545 3021 fentimens
3678 2848 3885 3035 de

1269 3109 1459 3221 ce
1560 3046 3882 3353 Philofophelorfquedans

1266 3295 1429 3483 le
1514 3325 2008 3501 Livre
2072 3328 2486 3586 qu’il
2554 3345 3338 3582 intitule,
3441 3378 3878 3548 Bru-

1259 3619 1588 3795 tus,
1647 3575 1882 3761 ou
1979 3577 2218 3767 des
2299 3601 3033 3784 Orateurs
3131 3604 3753 3873 illuflres
3809 3780 3867 3869 „

1245 3811 1381 4002 il
1506 3833 1971 4092 parle
2056 3849 2493 4034 ainli
2560 3944 2598 4041 :
2763 3877 3124 4094 Qui
3192 3879 3432 4062 eft
3494 3883 3866 4151 plus

1238 4074 1886 4279 fécond
1958 4133 2142 4293 &.
2179 4110 2564 4373 plus
2597 4116 3504 4328 abondant
3539 4217 3868 4412 que

1247 4342 1874 4543 Platon
1939 4412 1990 4546 ?
2097 4372 2474 4635 plus
2595 4381 3141 4586 folide
3246 4430 3413 4594 &c
3480 4415 3857 4674 plus

1229 4594 1787 4800 ferme
1986 4645 3039 4893 qu’Ariftote
3176 4704 3272 4841 ?.
3472 4675 3854 4993 jplus

1226 4874 2028 5132 agréable
2193 4927 2361 5087 &
2483 4901 2860 5169 plus
2985 4919 3448 5111 doux
3519 5007 3844 5196 que

1219 5127 2402 5402 Theophrafte
2615 5186 2822 5357 Et
2866 5176 3285 5366 dans
3352 5197 3844 5447 quel¬

1219 5454 2123 5645 ques-unes
2228 5420 2447 5603 de
2572 5417 2811 5615 fes
2924 5446 3642 5708 Epiftres
3728 5454 3832 5645 à

1210 5662 1884 5851 Atticus
1994 5741 2237 5864 on
2321 5705 2700 5878 voit
2763 5770 3092 5965 que
3159 5716 3828 5971 parlant
