4267 7162
992 456 1289 717 fur
1356 439 2341 708 Theophràjle.

425 725 785 913 hier
901 809 941 933 ;
1085 792 1413 981 que
1513 715 2173 976 jufques
2337 715 2749 899 dans
2869 710 3033 898 la

421 985 1037 1178 Chaire
1161 980 1529 1164 l’on
1685 971 1857 1168 fe
1977 995 2409 1159 croit
2545 970 3029 1158 obli¬

414 1249 622 1514 gé
670 1237 1378 1437 fouvent
1450 1244 1658 1424 de
1730 1227 2634 1503 fufpendre
2702 1238 3034 1426 l’E¬

406 1505 1078 1769 vangile
1126 1572 1554 1764 pour
1610 1508 1842 1688 les
1930 1502 2662 1763 prendre
2734 1570 3026 1762 par

402 1773 755 1954 leur
834 1768 1467 1996 foible,
1578 1800 1759 1952 &
1902 1767 2135 1943 les
2238 1830 3035 1955 ramener

403 2029 499 2218 à
571 2029 991 2213 leurs
1083 2028 1751 2220 devoirs
1863 2095 2147 2287 par
2239 2027 2527 2211 des
2611 2018 3031 2218 cho¬

395 2289 627 2474 ies
743 2313 1023 2553 qui
1107 2284 1655 2477 foient
1771 2295 1995 2476 de
2075 2287 2427 2475 leur
2499 2290 3011 2546 gouü

400 2585 568 2742 &
607 2557 812 2737 de
863 2553 1224 2741 leur
1292 2552 1944 2820 portée.

636 2837 856 3001 La
960 2841 1436 3001 Cour
1552 2892 1788 3000 ou
1900 2883 2120 2999 ne
2196 2810 3008 2999 connoift

392 3145 673 3334 pas
752 3073 905 3257 la
1008 3080 1541 3312 ville,
1620 3151 1853 3264 ou
1936 3139 2225 3343 par
2360 3075 2517 3255 le
2608 3066 2996 3250 mé¬

401 3353 721 3594 pris
797 3340 1417 3597 qu’elle
1513 3412 1601 3520 a
1729 3403 2157 3600 pour
2277 3334 2597 3519 elle
2689 3406 3005 3514 né¬

389 3593 849 3865 gligé
925 3601 1325 3784 d’en
1405 3596 2041 3784 relever
2117 3591 2269 3771 le
2349 3594 3005 3786 ridicu¬

381 3857 594 4089 le,
709 3889 874 4045 &
958 3868 1378 4040 n’eft
1454 3876 1954 4116 point
2069 3843 2650 4115 frapée
2721 3854 3006 4046 des

394 4137 1014 4385 images
1098 4092 1518 4381 qui!
1654 4187 2058 4384 peut
2166 4115 2854 4306 fournir
2954 4202 3002 4326 ;

394 4381 550 4570 &
630 4381 742 4565 û
810 4453 1014 4565 au
1118 4404 1962 4568 contraire
2054 4379 2418 4563 l’on
2518 4398 3002 4642 peint

387 4641 539 4826 la
639 4665 1207 4872 Cour,
1311 4719 2015 4828 comme
2107 4642 2499 4831 c’eft
2571 4706 2991 4822 tou¬

379 4925 823 5150 jours
911 4980 1303 5097 avec
1443 4908 1671 5092 les
1767 4907 3003 5171 ménagemens

383 5185 676 5422 qui
787 5169 1076 5421 luy
1187 5164 1576 5356 font
1655 5172 1968 5356 dûs
2103 5259 2144 5383 ;
2315 5175 2468 5351 la
2575 5162 2992 5350 ville

388 5489 604 5605 ne
708 5445 1020 5613 tire
1084 5508 1364 5697 pas
1500 5432 1716 5616 de
1852 5503 2120 5619 cet
2224 5422 2992 5619 ébauche

384 5685 588 5866 de
680 5765 1132 5957 quoy
1236 5700 1936 5964 remplir
2028 5691 2196 5879 fa
2268 5686 2996 5879 curioli-

1837 5975 1997 6151 A
2097 5975 2345 6207 iiij
