4267 7147
2227 550 2933 823 Diſcours
1254 890 1617 1055 tint
1686 862 2465 1087 toujours
2566 883 2800 998 un
2905 862 3852 992 commerce

1249 1131 1782 1315 étroit
1866 1160 2269 1289 avec
2366 1052 3853 1323 cePhilorophe.il

1266 1429 1974 1575 mourut
2073 1339 2565 1530 enfin
2653 1320 3325 1517 accablé
3375 1322 3852 1505 d’an¬

1266 1644 1673 1835 nées
1801 1654 1989 1810 &c
2068 1610 2289 1798 de
2435 1591 3168 1852 fatigues
3468 1602 3628 1762 &
3720 1571 3840 1749 il

1263 1896 1693 2091 ceffa
1834 1941 2213 2065 tout
2366 1938 2461 2045 a
2555 1849 2717 2029 la
2835 1847 3177 2026 fois
3243 1842 3456 2026 de
3517 1897 3852 2013 tra^

1262 2154 1878 2355 vailler
2020 2165 2193 2317 &c
2331 2123 2549 2306 de
2625 2123 3097 2299 vivre
3209 2186 3253 2287 :
3393 2154 3849 2277 toute

1260 2425 1433 2611 la
1532 2422 2077 2598 Grece
2139 2382 2305 2567 le
2385 2371 3054 2636 pleura,
3200 2390 3369 2551 &
3485 2415 3852 2534 tout

1264 2686 1437 2867 le
1490 2656 2113 2936 peuple
2167 2632 3057 2839 Athénien
3142 2608 3664 2805 alfifta
3755 2619 3853 2798 à

1260 2935 1510 3135 fes
1607 2900 2633 3113 funérailles.

1497 3208 1941 3376 L’on
2022 3217 2720 3352 raconte
2815 3148 3032 3332 de
3099 3141 3394 3389 luy
3545 3195 3860 3389 que

1268 3459 1693 3655 dans
1799 3431 2121 3622 fon
2222 3416 2965 3605 extrême
3078 3389 3860 3591 vieillelfe

1266 3783 1498 3904 ne
1570 3751 2333 3974 pouvant
2409 3674 2785 3936 plus
2897 3651 3653 3849 marcher
3759 3643 3861 3834 à

1270 3967 1673 4243 pied
1748 4111 1802 4193 ,
1944 3951 2073 4134 il
2147 3937 2312 4129 fe
2391 3918 2960 4121 faifoit
3045 3981 3612 4188 porter
3649 3972 3860 4092 en

1272 4246 1901 4428 Iittierc
2006 4276 2301 4473 par
2399 4203 2573 4383 la
2722 4184 3133 4379 ville
3216 4326 3266 4404 ,
3418 4163 3649 4354 où
3739 4164 3861 4349 il

1278 4496 1786 4685 eftoit
1858 4546 2100 4665 vu
2207 4467 2445 4650 du
2517 4441 3140 4721 peuple
3219 4437 3317 4620 à
3381 4446 3673 4691 qui
3731 4424 3861 4608 il

1278 4752 1789 4944 eftoit
1900 4729 2021 4920 fi
2102 4715 2549 4914 cher.
2640 4730 3072 4901 L’on
3147 4703 3408 4886 dit
3465 4680 3860 4873 aulfi

1275 5081 1621 5284 que
1791 4988 2033 5184 fes
2183 4969 2973 5238 difciples
3114 4974 3408 5219 qui
3550 5008 3893 5131 en.-:

1282 5274 2164 5464 touroient
2299 5233 2616 5426 fon
2755 5229 2964 5410 lit
3047 5220 3380 5403 lors
3453 5200 3856 5472 qu’il

1290 5582 2118 5736 mourut,
2175 5499 2474 5750 luy
2569 5535 3080 5741 ayant
3139 5475 3859 5662 deman¬

1272 5785 1505 5996 dé
1590 5773 1873 5978 «il
1998 5768 2657 5954 n'avoir
2750 5767 3125 5935 rien
3259 5736 3361 5927 à
3506 5730 3861 5914 leur
