4267 7155
1005 558 1320 821 fur
1362 562 2300 835 Tbeophrafle
2314 727 2355 772 .

438 809 596 998 la
666 813 1768 1018 domination
1826 835 2044 1025 de
2130 840 2500 1033 leur
2576 891 2935 1117 païs

434 1075 565 1258 il
670 1069 840 1264 fe
997 1098 1652 1356 joignit
1762 1090 1861 1280 à
2039 1099 2157 1217 *
2314 1101 3047 1365 Phydias

410 1337 732 1520 fon
790 1376 2058 1607 compatriote,
2130 1373 3047 1571 contribua

414 1669 819 1784 avec
898 1601 1191 1857 luy
1314 1611 1531 1795 de
1662 1605 1899 1799 Tes
2013 1622 2507 1817 biens
2600 1704 3047 1897 pour

410 1919 959 2042 armer
1010 1859 1239 2046 les
1326 1868 1943 2059 bannis
2020 1902 2320 2144 qui
2402 1957 3038 2082 rentrè¬

406 2181 783 2299 rent
841 2120 1251 2307 dans
1289 2123 1659 2319 leur
1725 2137 2226 2374 ville,
2289 2215 2507 2330 en
2541 2148 3034 2342 chaf-

389 2361 947 2566 ferent
1069 2384 1299 2567 les
1433 2409 2198 2632 traîtres,
2341 2436 2515 2606 8c
2617 2483 3026 2609 ren¬

389 2633 963 2826 dirent
1069 2640 1168 2829 à
1221 2710 1711 2840 toute
1793 2659 2231 2852 Pille
2325 2659 2539 2847 de
2617 2672 3022 2862 Lef-

389 2881 711 3078 bos
837 2896 1011 3086 fa
1165 2901 1834 3104 liberté.

521 3163 999 3343 Tant
1125 3161 1339 3346 de
1449 3242 1883 3360 rares
1944 3187 2683 3443 qualités
2801 3263 3022 3386 ne

381 3405 675 3669 luy
737 3441 1615 3679 acquirent
1695 3511 1974 3703 pas
2061 3439 3022 3647 feulement

361 3665 547 3874 la
637 3669 1906 3883 bienveillance
2009 3703 2242 3886 du
2299 3710 3017 3975 peuple,

393 3954 815 4113 mais
861 4006 1482 4137 encore
1525 3951 2250 4151 l’eftime
2292 3995 2462 4166 8c
2509 3967 2670 4149 la
2728 3970 3013 4161 fa¬

381 4193 1176 4384 miliarité
1241 4207 1522 4394 des
1584 4240 2006 4406 Rois
2056 4307 2094 4408 :
2164 4226 2287 4407 il
2320 4220 2594 4420 fut
2652 4258 3011 4434 ami

377 4449 590 4635 de
708 4462 1634 4654 Caflandre
1751 4498 2047 4740 qui
2116 4506 2574 4672 avoit
2652 4481 3013 4681 fuc-

369 4712 779 4895 cedé
920 4710 1019 4903 à
1112 4730 1750 4919 Aridée
1904 4737 2338 4925 frere
2416 4745 3013 4939 d’Ale¬

376 4974 1006 5160 xandre
1104 4984 1266 5167 le
1328 4996 1931 5181 Grand
1996 5071 2214 5186 au
2312 5024 3009 5258 Royau¬

376 5293 654 5409 me
744 5235 954 5420 de
1032 5252 2082 5442 Macedoine
2184 5290 2230 5472 ;
2332 5292 2502 5451 8c
2572 5288 3005 5451 Pro¬

348 5481 930 5678 longée
975 5650 1029 5727 ,
1100 5500 1362 5693 fils
1432 5514 1650 5695 de
1736 5539 2282 5780 Lagus
2356 5552 2522 5711 8c
2595 5590 3005 5786 pre¬

372 5768 802 5936 mier
948 5786 1342 6024 Roy
1476 5770 2330 6041 d’Egypte
2420 5845 2989 5971 entre-?

376 6094 637 6217 *Un
704 6114 1029 6231 Autre
1063 6156 1273 6273 que
1303 6120 1401 6237 le
1467 6122 1905 6245 fameux
1947 6125 2536 6279 Sculpteur.
2692 6058 2818 6228 B
