4267 7123
1187 566 1371 767 58
1858 526 2171 707 Les
2234 489 3107 698 Caratferes

1210 1105 1371 1262 D
1474 1160 1555 1261 e
1658 1151 1867 1256 la
1978 1093 3802 1241 Dissimulation,

1596 1471 1745 1616 A
1820 1454 1928 1575 *
1980 1450 3041 1618 dilfimulation
3108 1437 3465 1594 n’eft
3552 1491 3801 1644 pas

1605 1691 1730 1832 ai
1741 1667 1978 1831 fée
2065 1669 2146 1825 à
2233 1672 2578 1820 bien
2649 1656 3178 1818 définir
3221 1710 3266 1810 ;
3365 1653 3466 1802 fi
3509 1656 3806 1808 l’on

516 1486 1158 1623 * L'Auteur
480 1641 1039 1808 parle de
489 1796 1159 1943 celle qui ne
502 1941 1161 2099 vient pas de
492 2100 1162 2262 la pruden¬
499 2268 1167 2401 ce, & que
489 2412 1085 2545 les Grecs
496 2553 1167 2711 appelloient
481 2716 896 2843 ironie.
1210 1894 1363 2047 le
1451 1921 2171 2045 contente
2234 1884 2347 2040 d
2395 1934 2587 2031 en
2686 1881 3047 2029 faire
3111 1921 3411 2027 une
3458 1876 3799 2017 fim-

1208 2110 1365 2319 pi
1376 2165 1457 2262 e
1544 2104 2533 2310 defcription,
2672 2093 2969 2249 l'on
3036 2133 3397 2296 peut
3488 2072 3797 2239 dire

1205 2373 1506 2535 que
1569 2314 2138 2476 c’eftun
2185 2318 2746 2473 certain
2797 2352 3018 2457 art
3105 2294 3298 2451 de
3345 2351 3802 2454 -com-

1199 2533 1635 2747 pofer
1738 2527 1959 2686 fes
2047 2527 2611 2738 paroles
2706 2541 2863 2678 &
2954 2516 3167 2668 les
3255 2513 3799 2669 aétions

1200 2800 1584 2963 pour
1628 2807 1724 2900 U
1736 2799 1924 2899 ne
1968 2730 2720 2904 mauvaise
2771 2733 3024 2889 fin.
3059 2731 3312 2879 Un
3348 2733 3796 2886 hom¬

1201 3017 1462 3123 me
1553 2952 2278 3117 diflimulé
2429 2951 2582 3107 fe
2717 2990 3506 3147 comporte
3609 2940 3802 3096 de

1203 3225 1615 3335 cette
1682 3181 2415 3328 maniéré,
2498 3162 2595 3315 il
2646 3155 3215 3314 aborde
3270 3154 3487 3310 fes
3534 3208 3795 3308 en¬

1196 3400 1676 3544 nemis
1752 3515 1805 3583 ,
1927 3390 2244 3542 leur
2308 3382 2708 3596 parle
2828 3396 2980 3533 &
3103 3375 3420 3530 leur
3527 3364 3800 3527 fait

1189 3617 1674 3758 croire
1737 3654 1998 3807 par
2065 3652 2470 3757 cette
2517 3586 3338 3749 démarche
3441 3579 3794 3797 qu’il

1186 3870 1387 3975 ne
1466 3821 1683 3972 les
1758 3819 2079 3978 hait
2178 3827 2611 4025 point
2715 3905 2755 3969 >
2862 3808 2967 3961 il
3054 3803 3399 3958 loüe
3510 3860 3799 3960 ou¬

1188 4081 2036 4191 vertement
2127 4048 2284 4189 &
2400 4082 2588 4183 en
2683 4029 3008 4178 leur
3104 4013 3792 4223 prefence

1193 4296 1574 4403 ceux
1697 4239 1778 4400 à
1889 4257 2146 4462 qui
2237 4248 2338 4400 il
2445 4235 2546 4399 d
2561 4241 2918 4390 refie
2977 4231 3173 4388 de
3245 4230 3785 4389 fecret-

1190 4510 1407 4615 tes
1458 4455 2371 4656 embûches,
2430 4478 2579 4615 &
2626 4457 2731 4610 il
2778 4443 3387 4659 s’afflige
3426 4500 3783 4604 avec

1184 4725 1472 4826 eux
1572 4679 1788 4828 s’il
1863 4678 2184 4834 leur
2268 4671 2476 4824 eft
2556 4656 3028 4825 arrivé
3136 4665 3788 4867 quelque

1184 4882 1845 5098 diQjrace
1921 4954 1961 5046 ;
2105 4897 2205 5045 il
2288 4878 2857 5039 semble
2953 4870 3793 5080 pardonner

1170 5099 1379 5250 les
1518 5092 2171 5262 discours
2290 5091 3027 5252 ofFenfans
3118 5141 3415 5295 que
3478 5093 3779 5240 l’on

1167 5315 1416 5518 luy
1495 5316 1880 5467 tient
1956 5394 1996 5486 ;
2119 5320 2220 5473 il
2319 5318 2788 5467 récite
2863 5296 3792 5459 froidement

1160 5527 1365 5671 les
1409 5532 1729 5733 plus
1772 5523 2505 5685 horribles
2553 5520 3073 5674 choses
3133 5569 3429 5727 que
3468 5524 3773 5668 l’on

1162 5786 1507 5889 aura
1566 5732 1943 5895 dites
2038 5783 2567 5898 contre
2630 5737 2783 5890 fa
2834 5733 3771 5940 réputation,

1163 5970 1316 6103 &
1379 5957 1480 6102 il
1535 5962 2220 6174 employé
2283 5960 2496 6112 les
2551 5956 3124 6158 paroles
3171 5950 3380 6102 les
3447 5944 3772 6149 plus
