4267 7032
1123 563 1279 733 de
1361 549 2323 808 Theophrafie.
2829 624 2995 756 61

532 874 776 974 me
848 825 1026 971 l’a
1104 811 1362 968 fait
1424 815 2130 963 entendre
2184 944 2222 1004 ,
2276 816 2659 972 voilà
2710 885 2996 986 une

533 1035 967 1182 chofe
1009 1024 2079 1220 merveilleufe,
2131 1048 2277 1183 &
2330 1048 2575 1229 qui
2614 1048 3001 1243 palfe

536 1291 944 1394 toute
1026 1292 1632 1393 creance
1731 1360 1774 1422 ,
1870 1286 2404 1393 contez
2496 1259 2808 1398 cela
2912 1250 2996 1402 à

526 1452 1183 1641 d'autres,
1250 1451 1787 1650 dois-je
1848 1502 2205 1605 vous
2262 1474 2995 1618 croire?ou

517 1710 762 1810 me
801 1662 1736 1864 perfuaderay
1809 1672 1942 1857 je
1991 1671 2332 1864 qu’il
2367 1721 2548 1814 ne
2595 1681 2992 1824 m’ait

514 1924 757 2070 pas
816 1869 1027 2020 dit
1108 1877 1243 2017 la
1304 1860 1759 2021 vérité
1830 1914 1887 2025 ?
1988 1885 2539 2076 paroles
2614 1882 2991 2035 dou¬

513 2084 812 2226 bles
871 2105 1018 2232 &
1063 2082 2057 2272 artificîeufes,
2133 2084 2498 2236 dont
2545 2102 2640 2241 il
2693 2089 3006 2245 faut

512 2290 661 2436 fc
752 2279 1205 2440 défier
1250 2344 1833 2442 comme
1872 2295 2057 2441 de
2106 2348 2273 2442 ce
2326 2309 2677 2498 qu’il
2746 2371 2830 2506 y
2926 2362 3011 2455 a

517 2560 697 2648 au
787 2501 1329 2653 monde
1405 2500 1591 2647 de
1673 2510 1983 2698 plus
2083 2518 2909 2708 pernicieux
2957 2582 2987 2666 :

514 2766 748 2862 ces
848 2725 1554 2863 maniérés
1630 2709 2076 2915 d’agir
2162 2770 2340 2863 ne
2414 2770 2990 2922 partent

509 2935 921 3124 point
1007 2922 1347 3074 d’un
1433 2924 2299 3120 amefimple
2377 2953 2519 3078 &
2601 2930 2991 3078 droi¬

514 3184 752 3325 te,
820 3140 1168 3284 mais
1228 3135 1658 3284 d’une
1694 3137 2414 3283 mauvaife
2458 3151 2982 3289 volon¬

513 3334 749 3527 té,
861 3401 1049 3508 on
1117 3343 1471 3500 d’un
1545 3343 2149 3490 homme
2238 3358 2491 3545 qui
2629 3406 2981 3504 veut

507 3563 912 3700 nuire
1016 3622 1046 3700 :
1142 3567 1274 3702 le
1369 3558 1806 3706 venin
1896 3549 2144 3701 des
2216 3553 2720 3756 Afpics
2794 3566 2986 3714 eft

508 3773 973 3912 moins
1048 3754 1127 3907 à
1180 3759 1875 3915 craindre,

774 4263 1064 4412 De
1174 4317 1402 4415 la
1506 4271 2688 4438 Flatterie.

888 4596 1015 4736 A
1084 4597 1691 4749 flatterie
1764 4611 1957 4759 eft
2010 4665 2198 4758 un
2252 4669 2978 4763 commer¬

893 4858 1055 4950 ce
1149 4811 1805 4965 honteux
1891 4834 2132 5019 qui
2211 4826 2546 4974 n’eft
2631 4830 2987 4978 utile

508 5017 926 5206 qu’au
966 5008 1578 5171 flatteur.
1704 5032 1833 5174 Si
1922 5085 2116 5174 un
2220 5036 2788 5180 flatteur
2834 5036 2982 5182 fe

509 5268 1201 5412 promené
1273 5284 1623 5381 avec
1734 5246 2533 5436 quelqu’un
2623 5243 2969 5390 dans

508 5430 638 5570 la
687 5435 1166 5625 place,
1268 5494 2656 5647 remarquez-vous,
2738 5457 2978 5656 luy

513 5632 959 5824 dit-il,
1013 5700 1449 5793 corne
1525 5701 1847 5801 tout
1891 5659 2021 5797 le
2067 5658 2621 5806 monde
2665 5713 2739 5801 a
2779 5667 2981 5806 les

517 5896 880 6048 yeux
930 5846 1150 5999 fur
1210 5870 1952 6013 vous?cela
1991 5874 2598 6022 n’arrive
2651 5864 2988 6071 qu’à
