4267 7210
2205 455 2939 717 Diſcours
1275 719 1651 889 tain
1697 771 2035 970 que
2099 711 2439 906 lors
2513 739 3562 992 qu’Ariftote
3614 849 3896 972 ac¬

1275 953 1667 1155 cule
1729 1039 2023 1235 par
2087 993 3216 1238 Eurimedon,
3279 1032 3905 1231 Preftre

1279 1222 1494 1409 de
1607 1248 2216 1475 Ceres,,
2327 1247 2994 1443 d’avoir
3107 1276 3448 1461 mal
3544 1364 3903 1556 par¬

1259 1480 1445 1674 lé
1523 1486 1814 1677 des
1919 1516 2486 1696 Dieux
2557 1666 2620 1744 ,
2731 1545 3650 1798 craignant
3730 1562 3901 1752 le

1275 1750 1842 1937 deftin
1915 1762 2846 1964 deSocrate
2902 1796 3521 1996 voulut
3574 1810 3903 2009 for-

1275 2029 1502 2193 tir
1590 2012 2635 2272 d’Athènes,
2694 2070 2863 2231 &
2958 2031 3121 2235 fe
3194 2090 3892 2276 retirera

1222 2271 2330 2518 Oalcis,ville
2370 2292 3340 2550 d’£ubée,il
3382 2331 3899 2529 aban¬

1262 2526 1862 2729 donna
1894 2534 2777 2752 fonEcole
2830 2643 3049 2757 au
3098 2593 3882 2843 Eelbien,

1258 2794 1553 3051 luy
1598 2804 2177 2995 confia
2238 2813 2485 3008 fes
2546 2822 3227 3052 écritSjà
3261 2867 3875 3056 condi¬

1254 3069 1645 3246 tion
1730 3065 1953 3252 de
2058 3075 2297 3262 les
2386 3107 2833 3273 tenir
2889 3089 3496 3305 fecrets
3576 3210 3620 3340 ;
3693 3162 3853 3327 &

1230 3322 1647 3510 c’eft
1803 3403 2105 3595 par
2238 3338 3424 3620 Theophraftc
3546 3450 3872 3653 que

1250 3566 1649 3770 font
1798 3666 2333 3793 venus
2487 3627 3164 3889 jufques
3241 3716 3340 3827 a
3441 3718 3868 3845 nous

1250 3838 1489 4030 les
1641 3866 2528 4141 Ouvrages
2661 3878 2884 4066 de
3001 3965 3216 4079 ce

1245 4086 2030 4307 homme.

1489 4394 1845 4565 Son
1929 4456 2368 4581 nom
2449 4400 3056 4607 devint
3164 4406 3291 4610 fi
3412 4436 3854 4624 célé¬

1225 4618 1540 4816 bré
1611 4710 1920 4901 par
2029 4719 2516 4847 toute
2572 4664 2740 4854 la
2784 4690 3421 4922 Grece,
3529 4774 3851 4965 que

1213 4882 2132 5104 fuccelfeur
2200 4920 3147 5132 d’Ariftote
3320 4957 3449 5139 il
3545 5034 3843 5225 put

1213 5222 1812 5348 conter
1984 5178 2784 5384 bien-tôt
2956 5208 3383 5399 dans
3488 5225 3837 5412 l’E¬

1205 5417 1596 5606 cole
1738 5446 2158 5694 qu’il
2272 5447 2571 5708 luy
2676 5486 3147 5662 avoir
3288 5479 3831 5680 laiflee

1908 5700 2006 5890 à
2060 5708 2507 5906 deux
2603 5726 2929 5919 mil
3003 5738 3828 5980 difciples.
