4267 7123
926 443 1234 702 fur
1290 418 2270 685 Tbeophrajle.

377 777 623 909 rer
731 709 903 895 la
1055 699 1690 881 le&ure
1785 834 1839 919 ,
2019 681 2138 862 il
2264 750 2486 862 ne
2606 681 2970 863 fera

374 1056 660 1253 pas
756 961 1358 1154 inutile
1467 955 1682 1137 de
1783 941 2150 1127 dire
2221 935 2970 1203 quelque

387 1225 868 1429 ehofe
968 1224 1187 1410 de
1306 1211 1797 1461 celuy
1900 1207 2115 1384 de
2180 1203 2543 1384 leur
2580 1209 2955 1384 Au¬

382 1562 801 1689 teur.
946 1484 1092 1674 Il
1199 1474 1696 1662 eftoit
1741 1461 2486 1692 d’Erefe,
2554 1455 2972 1649 ville

386 1759 594 1945 de
659 1745 1261 1969 Eelbos
1301 1882 1394 1968 y
1430 1723 1697 1914 fils
1754 1722 2169 1906 d’un
2214 1715 2873 1905 foulon
2923 1805 2965 1922 ;

380 2019 510 2202 il
592 2072 866 2199 eut
940 2063 1374 2270 pour
1468 2003 2198 2253 premier
2275 1980 3002 2170 Maiftre

388 2275 803 2461 dans
836 2260 1143 2453 fon
1185 2285 1535 2523 pais
1581 2318 1823 2431 un
1885 2260 2523 2430 certain
2564 2259 2999 2425 Leu-

398 2550 764 2794 cipe.
829 2532 930 2637 *
1046 2536 1336 2785 qui
1414 2509 1916 2694 eftoit
2040 2505 2252 2687 de
2342 2494 2980 2685 mefme

391 2791 785 2982 ville
895 2858 1221 3048 que
1289 2784 1578 3026 luy
1667 2857 1705 2981 ;
1769 2759 2245 2951 dedà
2346 2758 2469 2941 il

402 3056 498 3241 à
578 3040 1206 3235 l’Ecole
1302 3038 1518 3224 de
1598 3027 2318 3259 Platon,,
2371 3053 2542 3212 &

3037 2502 3703 2638 * Un autre
3033 2661 3622 2816 que Leu¬
3040 2808 3714 2967 cipe Philo¬
3022 2949 3711 3117 ſophe cele¬
3042 3111 3707 3258 bre, & diſ¬
3043 3263 3718 3425 ciple de Ze¬
3049 3459 3329 3544 non.
404 3310 817 3498 relia
932 3292 1585 3488 ensuite
1679 3286 1777 3479 à
1916 3289 2373 3469 celle

402 3572 941 3792 Ilote,
1015 3552 1240 3745 où
1322 3558 1452 3735 il
1518 3540 1688 3733 fe
1746 3547 2612 3812 diftingua
2683 3609 3000 3720 en¬

414 3900 663 4017 tre
770 3893 1151 4007 tous
1297 3806 1535 3999 fes
1665 3800 2439 4070 disciples
2546 3885 2583 3989 :
2745 3817 3039 3989 Ce:

409 4084 1830 4273 nouveauMaitre
1877 4053 2558 4253 charmé
2600 4059 2810 4245 de
2852 4057 3042 4245 la:

419 4340 1045 4529 àcilité
1159 4340 1373 4521 de
1459 4329 1781 4514 fon
1915 4322 2421 4591 efprit
2527 4356 2693 4510 &
2791 4317 3021 4507 de

422 4605 580 4789 la
686 4605 1432 4786 douceur
1606 4587 1816 4772 de
1974 4587 2292 4772 fon
2410 4581 3007 4764 élocu¬

437 4880 807 5049 tion
842 5008 907 5085 ,
965 4855 1255 5109 luy
1313 4845 2079 5110 changea
2116 4837 2431 5030 fon
2465 4909 3007 5073 nom,

444 5138 730 5381 qui
808 5119 1302 5301 eftoit
1368 5121 2198 5357 Tyrtame
2276 5170 2494 5284 en
2532 5095 3018 5349 celuy

443 5374 1605 5640 d’Euphrafte,
1679 5380 1964 5627 qui
2022 5357 2688 5630 lignifie
2731 5425 3024 5539 ce¬

453 5636 740 5895 luy
870 5653 1159 5904 qui
1298 5620 1763 5896 parle
1877 5620 2295 5813 bien
2402 5711 2468 5839 ■>
2566 5647 2727 5809 &
2834 5680 3059 5802 ce.
