4267 8041
556 502 235 275 30

1543 495 1315 309 BERENICE.

1661 842 1325 155 ANTIOCHUS.

582 984 1073 178 Moy, Seigneur?

1853 1176 679 139 TITUS.

1737 1345 365 129 Vous.

1602 1502 1311 144 ANTIOCHUS.

1833 1674 2091 187 Helas! D’un Prince malheureux,

565 1821 3353 203 Que pouvez-vous, Seigneur, attendre que des vœux?

1920 2008 685 140 TITUS.

560 2149 2888 195 Je n'ay pas oublié, Prince, que ma victoire

565 2325 2887 193 Devoit à vos exploits la moitié de ſa gloire,

582 2484 2875 182 Que Rome vit paſſer au nombre des Vaincus

560 2651 2940 194 Plus d’un Captif, chargé des fers d’Antiochus,

571 2820 2551 178 Que dans le Capitole elle voit attachées

560 2983 3129 191 Les dépoüilles des Juifs par vos mains arrachées.

550 3151 3022 198 Je n'attens pas de vous de ces ſanglans exploits,

565 3323 2823 191 Et je veux ſeulement emprunter voſtre voix.

564 3487 2695 194 Je ſçay que Berenice à vos ſoins redevable

565 3650 2637 194 Croit poſſeder en vous un Amy veritable.

555 3815 2891 201 Elle ne voit dans Rome & n’écoute que vous.

560 3989 3201 196 Vous ne faites qu’un cœur & qu’une ame avec nous.

561 4153 2923 184 Au nom d’une Amitié ſi conſtante, & ſi belle,

559 4329 2841 199 Employez le pouvoir que vous avez ſur elle.

564 4492 1385 187 Voyez-la de ma part.

1571 4672 1311 136 ANTIOCHUS.

1679 4830 1737 184 Moy? paroiſtre à ſes yeux.

564 4996 2631 190 La Reyne pour jamais a receu mes adieux.

1843 5180 667 135 TITUS.

575 5326 3263 202 Prince, il faut que pour moy vous luy parliez encore.

1544 5505 1301 141 ANTIOCHUS.

564 5664 2978 201 Ah! parlez-luy, Seigneur, la Reyne vous adore.

565 5822 3228 213 Pourquoy vous dérober vous-meſme en ce moment

566 5990 2629 203 Le plaiſir de luy faire un aveu ſi charmant?

577 6166 2545 188 Elle l’attend, Seigneur, avec impatience.

565 6328 2521 226 Je répons en partant de ſon obeïſſance.
