4267 7821
619 417 111 228 2

1591 404 1279 241 BERENICE.

1847 716 828 138 ARSACE.

636 853 3181 221 Vous, Seigneur, importun? Vous, cet Amy fidelle:

637 1012 2617 210 Qu'un ſoin ſi genereux intereſſe pour elle?

634 1184 2757 202 Vous, cet Antiochus, ſon Amant autrefois;

635 1349 3165 209 Vous, que l’Orient conte entre ſes plus grands Rois?

636 1504 2653 210 Quoy déja de Titus l'Epouſe en eſperance,

653 1678 2969 176 Ce rang entre elle & vous met-il tant de diſtance.

1590 1855 1309 153 ANTIOCHUS.

643 1993 3157 205 Va, dis-je, & ſans vouloir te charger d’autres ſoins;

648 2159 2881 191 Voy ſi je puis bientoſt luy parler ſans témoins.

1533 3088 1473 210 SCENE. II.

1367 3510 1890 197 ANTIOCHUS, ſeul.

1050 3747 2766 254 E' bien, Antiochus, es-tu toujours le meſme?

691 3812 333 333 H

1059 3965 2853 179 Pourray-je ſans trembler luy dire, Je vous aime?

692 4114 3078 209 Mais quoy? Déjà je tremble, & mon cœur agité

714 4282 2791 187 Craint autant ce moment que je l’ay ſouhaité.

699 4452 2507 171 Berenice autrefois m’oſta toute eſperance.

708 4612 2491 185 Elle m'impoſa meſme un eternel ſilence.

703 4767 2679 220 Je me ſuis tû cinq ans. Et juſques à ce jour

708 4938 2781 175 D'un voile d'amitié j'ay couvert mon amour.

717 5084 2843 215 Dois-je croire qu’au rang, où Titus la deſtine,

722 5247 2539 191 Elle m’écoute mieux que dans la Paleſtine?

727 5423 2599 201 Il l'épouſe. Ay-je donc attendu ce moment

732 5575 2523 185 Pour me venir encor declarer ſon Amant?

727 5718 3100 232 Ah! puis qu’il faut partir, partons ſans luy déplaire.

722 5872 2998 240 Je me ſuis tû long-temps, je puis encore me taire.

727 6051 2896 203 Retirons nous, ſortons, & ſans nous découvrir,

769 6216 2639 206 Allons loin de ſes yeux l’oublier, ou mourir.
