4267 7963
637 471 212 258 14

1552 437 1281 273 BERENICE.

646 761 3178 194 Qu’en quelque obſcurité que le ſort l'euſt fait naiſtre,

632 926 3107 166 Le Monde, en le voyant euſt reconnu ſon Maiſtre?

628 1081 3271 181 Mais, Phénice, où m’emporte un ſouvenir charmant?

805 1263 3084 185 Cependant Rome entiere, en ce meſme moment,

616 1421 2818 159 Fait des vœux pour Titus, & par des ſacrifices

608 1578 2810 172 De ſon regne naiſſant conſacre les prémices.

608 1741 2862 172 Je prétens quelque part à des ſouhaits ſi doux.

607 1902 3280 199 Phénice, allons nous joindre aux vœux qu’on fait

923 2109 681 123 pour nous.

597 2228 2955 186 Auſſitoſt ſans l’attendre, & ſans eſtre attenduë,

587 2393 2967 170 Je reviens le chercher, & dans cette entreveuë

597 2564 2930 162 Dire tout ce qu’au cœur l'un de l’autre contens

601 2720 2810 191 Inſpirent des tranſports retenus ſi long-temps.

1384 3090 1677 159 Fin du Premier Acte.
