4267 7839
1432 385 1260 158 TRAGEDIE.

3555 451 61 120 3

373 632 3257 175 Hé quoy? ſouffrir toûjours un tourment qu'elle

687 805 494 157 ignore?

371 954 3127 183 Toûjours verſer des pleurs qu'il faut que je devore?

378 1120 3089 172 Quoy meſme en la perdant redouter ſon courroux?

377 1281 2993 183 Belle Reyne; & pourquoy vous offenſeriez-vous?

377 1444 3264 180 Viens-je vous demander que vous quittiez l’Empire,

373 1608 3276 179 Que vous m’aimiez? Helas! je ne viens que vous dire,

388 1771 3023 183 Qu’apres m’eſtre longtemps flatté que mon Rival

377 1929 2789 182 Trouveroit à ſes vœux quelque obſtacle fatal;

377 2093 3250 185 Aujourd’huy qu’il peut tout, que voſtre hymen s'a¬

709 2301 416 109 vance,

378 2410 2737 190 Exemple infortuné d'une longue conſtance,

383 2588 2851 174 Apres cinq ans d’amour, & d'eſpoir ſuperflus,

377 2739 2691 183 Je pars, fidelle encor quand je n’eſpere plus.

383 2902 2778 178 Au lieu de s'offenſer, elle pourra me plaindre,

388 3058 3233 190 Quoy qu’il en ſoit, parlõs, c’eſt aſſez nous contrain¬

705 3231 267 150 dre,

387 3380 3065 195 Et que peut craindre, helas! un Amant fans eſpoir

388 3542 2803 188 Qui peut bien ſe reſoudre à ne la jamais voir?

1192 4368 1585 195 SCENE III.

643 4717 2609 181 ANTIOCHUS, ARSACE.

1356 5049 1265 139 ANTIOCHUS.

363 5192 1787 328 ARſace, entrerons-nous?

1578 5535 823 120 ARSACE.

1619 5698 1675 174 Seigneur, j’ay vû la Reyne.

387 5849 3007 181 Mais pour me faire voir, je n’ay percé qu'à peine

383 6011 3013 181 Les flots toûjours nouveaux d’un Peuple adorateur

387 6166 2642 191 Qu’attire ſur ſes pas ſa prochaine grandeur.

2740 6357 283 167 A ij
