4267 7761
1307 485 1360 258 TRAGEDIE.

3509 497 116 279 7

1399 803 1249 134 ANTIOCHUS.

995 939 2441 197 Sur ſon hymen j’attens qu’elle s’explique.

419 1115 2763 166 Si ſa bouche s’accorde avec la voix publique,

419 1255 2916 207 S’il eſt vray qu'on l’éleve au trône des Céſars,

425 1437 2364 178 Si Titus a parlé, s’il l’épouſe, je pars.

1656 1613 795 119 ARSACE.

438 1755 2831 186 Mais qui rend à vos yeux cet hymen ſi funeſte?

1398 1931 1310 126 ANTIOCHUS.

444 2073 2820 183 Quand nous ſerons partis, je te diray le reſte.

1687 2252 813 122 ARSACE.

449 2385 3118 194 Dans quel trouble, Seigneur, jettez-vous mon eſprit!

1447 2573 1272 125 ANTIOCHUS.

453 2711 2896 186 La Reyne vient. Adieu, fai tout ce que j'ay dit.

1185 3624 1797 204 SCENE IV.

591 4022 3001 205 BERENICE, ANTIOCHUS,

1495 4274 1104 149 PHENICE.

1517 4594 1081 129 BERENICE.

744 4779 2448 207 Nfin je me dérobe à la joye importune

479 4747 252 368 E

778 4980 2885 172 De tant d’Amis nouveaux, que me fait la Fortune

480 5134 2530 177 Je fuis de leurs reſpects l’inutile longueur,

491 5300 2895 175 Pour chercher un Amy, qui me parle du cœur.

486 5444 2743 182 Il ne faut point mentir, ma juſte impatience

490 5620 2546 176 Vous accuſoit déja de quelque negligence.

495 5776 2815 173 Quoy cet Antiochus, diſois-je, dont les ſoins

500 5938 2759 167 Ont eû tout l’Orient & Rome pour témoins,

495 6082 3127 190 Luy que j’ay veû toujours conſtant dans mes traverſes

501 6250 2620 186 Suivre d’un pas égal mes fortunes diverſes;

2870 6437 307 155 A iij
