4267 8111
1183 405 1427 277 TRAGEDIE.

3414 452 217 305 25

205 771 2978 189 Pourquoy des Immortels atteſter la puiſſance?

211 935 2856 184 Faut-il par des ſermens vaincre ma défiance?

213 1105 3381 198 Mon cœur ne prétend point, Seigneur, vous dé¬

528 1297 529 142 mentir,

217 1442 2704 190 Et je vous en croiray ſur un ſimple ſoûpir.

1499 1624 667 145 TITUS.

227 1809 711 139 Madame....

1331 1957 1111 147 BERENICE.

384 2119 3216 189 Hé bien, Seigneur? Mais quoy ſans me répondre

226 2289 3280 176 Vous détournez les yeux & ſemblez vous confondre.

216 2426 2901 210 Ne m'offrirez-vous plus qu’un viſage interdit?

227 2621 3039 195 Toûjours la mort d'un Pere occupe voſtre eſprit?

232 2788 3218 191 Rien ne peut-il charmer l’ennuy qui vous devore?

1520 2974 673 141 TITUS.

242 3131 3320 180 Pluſt aux Dieux que mon Pere, helas, veſcuſt encore!

244 3302 1507 180 Que je vivois heureux!

1348 3480 1110 150 BERENICE.

1768 3650 1704 193 Seigneur, tous ces regrets

248 3796 2245 189 De voſtre pieté ſont de juſtes effets.

260 3975 2927 177 Mais vos pleurs ont aſſez honoré ſa Memoire,

254 4141 3271 186 Vous devez d’autres ſoins à Rome, à voſtre Gloire:

253 4307 2791 190 De mon propre intereſt je n’oſe vous parler.

257 4475 2564 176 Berenice autrefois pouvoit vous conſoler.

264 4643 2615 181 Avec plus de plaiſir vous m'avez écoutée.

248 4808 2955 201 De combien de malheurs pour vous perſecutée

237 4989 2744 184 Vous ay-je pour un mot ſacrifié mes pleurs!

243 5160 3080 173 Vous regrettez un Pere, Helas, foibles douleurs!

247 5317 2776 184 Et moy (ce ſouvenir me fait frémir encore)

243 5483 2811 219 On vouloit m’arracher de tout ce que j’adore,

255 5658 3365 196 Moy, dont vous connoiſſez le trouble & le tourment,

252 5831 3356 193 Quand vous ne me quittez que pour quelque moment,

259 5999 3355 185 Moy, qui mourrois le jour qu’on voudroit m’interdire

253 6180 737 146 De vous....

1543 6346 687 143 TITUS.

924 6499 2664 194 Madame, helas! que me venez-vous dire?

2846 6671 189 263 C

764 6657 743 257 Tome II.
