4267 7839
1537 593 1404 174 PREFACE.

587 823 3288 200 de peu d'invention. Ils ne ſongent pas qu’au

583 1017 3276 154 contraire toute l'invention conſiſte à faire

587 1211 3272 200 quelque choſe de rien, & que tout ce grand

583 1409 3272 200 nombre d’Incidens a toujours eſté le refuge

587 1609 3262 184 des Poëtes qui ne ſentoient dans leur Genie

577 1803 3278 200 ny aſſez d’abondance, ny aſſez de force, pour

573 1997 3266 200 attacher durant cinq Actes leurs Spectateurs,

567 2185 3272 206 par une action ſimple, ſoutenuë de la vio¬

561 2389 3274 190 lence des paſſions, de la beauté des ſentimens,

577 2583 3258 200 & de l'élegance de l'expreſſion. Je ſuis bien

573 2783 3262 194 éloigné de croire que toutes ces choſes ſe

567 2975 3262 190 rencontrent dans mon Ouvrage. Mais auſſi

551 3169 3284 200 je ne puis croire que le Public me ſçache

561 3363 3268 200 mauvais gré de luy avoir donné une Tragé¬

557 3563 3274 190 die qui a eſté honorée de tant de larmes; &

561 3751 3264 200 dont la trentiéme repreſentation a eſté auſſi

551 3961 1666 190 ſuivie que la premiere.

767 4149 3058 200 Ce n'eſt pas que quelques Perſonnes ne

551 4339 3274 210 m’ayent reproché cette meſme ſimplicité que

547 4537 3272 210 j’avois recherchée avec tant de ſoin. Ils ont

551 4737 3274 194 crû qu’une Tragédie qui eſtoit ſi peu chargée

551 4925 3274 208 d'intrigues, ne pouvoit eſtre ſelon les Regles

547 5119 3272 210 du Theatre. Je m'informay s’ils ſe plaignoient

567 5323 3252 206 qu'elle les euſt ennuyez. On me dit qu’ils

551 5523 3268 190 avoüoient tous qu'elle n’ennnyoit point,

551 5711 3258 206 qu elle les touchoit meſme en pluſieurs en¬

541 5915 3272 196 droits, & qu’ils la verroient encore avec

515 6105 3294 220 plaiſir. Que veulent-ils davantage? Je les
