<?xml version="1.0" encoding="UTF-8"?>
<alto xmlns:xsi="http://www.w3.org/2001/XMLSchema-instance"
      xmlns="http://www.loc.gov/standards/alto/ns-v4#"
      xsi:schemaLocation="http://www.loc.gov/standards/alto/ns-v4# https://gitlab.inria.fr/scripta/escriptorium/-/raw/develop/app/escriptorium/static/alto-4-1-baselines.xsd">
  <Description>
    <MeasurementUnit>pixel</MeasurementUnit>
    <sourceImageInformation>
      <fileName>Racine1676_Oeuvres_bpt6k990581p_corrected_0028.png</fileName>
    </sourceImageInformation>
  </Description>
  
  <Tags>
    <OtherTag ID="BT1" LABEL="Title" DESCRIPTION="block type Title"/><OtherTag ID="BT2" LABEL="Main" DESCRIPTION="block type Main"/><OtherTag ID="BT633" LABEL="Damage" DESCRIPTION="block type Damage"/><OtherTag ID="BT634" LABEL="Decoration" DESCRIPTION="block type Decoration"/><OtherTag ID="BT635" LABEL="DropCapital" DESCRIPTION="block type DropCapital"/><OtherTag ID="BT636" LABEL="Figure" DESCRIPTION="block type Figure"/><OtherTag ID="BT637" LABEL="Margin" DESCRIPTION="block type Margin"/><OtherTag ID="BT638" LABEL="MusicNotation" DESCRIPTION="block type MusicNotation"/><OtherTag ID="BT639" LABEL="Numbering" DESCRIPTION="block type Numbering"/><OtherTag ID="BT640" LABEL="RunningTitle" DESCRIPTION="block type RunningTitle"/><OtherTag ID="BT641" LABEL="Seal" DESCRIPTION="block type Seal"/><OtherTag ID="BT642" LABEL="Signatures" DESCRIPTION="block type Signatures"/><OtherTag ID="BT643" LABEL="Stamp" DESCRIPTION="block type Stamp"/><OtherTag ID="BT644" LABEL="Table" DESCRIPTION="block type Table"/>
    <OtherTag ID="LT227" LABEL="Default" DESCRIPTION="line type Default"/><OtherTag ID="LT228" LABEL="DropCapitalLine" DESCRIPTION="line type DropCapitalLine"/><OtherTag ID="LT229" LABEL="MusicLine" DESCRIPTION="line type MusicLine"/><OtherTag ID="LT230" LABEL="Interlinear" DESCRIPTION="line type Interlinear"/><OtherTag ID="LT231" LABEL="Rubric" DESCRIPTION="line type Rubric"/>
  </Tags>
  
  <Layout>
    <Page WIDTH="4267"
          HEIGHT="7905"
          PHYSICAL_IMG_NR="16"
          ID="eSc_dummypage_">
      <PrintSpace HPOS="0"
                  VPOS="0"
                  WIDTH="4267"
                  HEIGHT="7905">
        
        <TextBlock HPOS="611"
                   VPOS="671"
                   WIDTH="180"
                   HEIGHT="216"
                   ID="eSc_textblock_502b0d73"
                   TAGREFS="BT639">
          <Shape><Polygon POINTS="611 671 611 887 791 887 791 671"/></Shape>
          
          
          <TextLine ID="tl_1"
                    TAGREFS="LT227"
                    BASELINE="643 836 732 836 779 836" 
                    HPOS="639"
                    VPOS="599"
                    WIDTH="139"
                    HEIGHT="277">
            <Shape><Polygon POINTS="639 830 652 599 679 599 765 632 778 830 712 876 652 876"/></Shape>
	    <String CONTENT="6"
                    HPOS="639"
                    VPOS="599"
                    WIDTH="139"
                    HEIGHT="277"></String>
          </TextLine>

          
        </TextBlock>
        
        <TextBlock HPOS="1558"
                   VPOS="671"
                   WIDTH="1295"
                   HEIGHT="228"
                   ID="eSc_textblock_39477490"
                   TAGREFS="BT640">
          <Shape><Polygon POINTS="1558 671 1558 899 2853 899 2853 671"/></Shape>
          
          
          <TextLine ID="eSc_line_73c7c8d0"
                    TAGREFS="LT227"
                    BASELINE="1606 844 2858 855" 
                    HPOS="1602"
                    VPOS="612"
                    WIDTH="1253"
                    HEIGHT="270">
            <Shape><Polygon POINTS="1602 843 1615 632 1642 619 1675 645 1912 645 1958 612 2037 645 2077 619 2110 645 2255 619 2407 645 2433 619 2565 645 2631 612 2690 645 2723 612 2842 638 2855 849 2796 882 2651 882 2618 856 2466 856 2440 882 2400 856 2182 856 2156 882 1820 882 1774 856 1661 882 1609 856"/></Shape>
	    <String CONTENT="BERENICE."
                    HPOS="1602"
                    VPOS="612"
                    WIDTH="1253"
                    HEIGHT="270"></String>
          </TextLine>

          
        </TextBlock>
        
        <TextBlock HPOS="551"
                   VPOS="887"
                   WIDTH="3428"
                   HEIGHT="5825"
                   ID="eSc_textblock_7021270c"
                   TAGREFS="BT2">
          <Shape><Polygon POINTS="635 887 551 6712 3979 6641 3931 947"/></Shape>
          
          
          <TextLine ID="tl_2"
                    TAGREFS="LT227"
                    BASELINE="658 1042 773 1042 1299 1046 1537 1047 1891 1057 2375 1061 2581 1062 2823 1061 3383 1073" 
                    HPOS="658"
                    VPOS="916"
                    WIDTH="2725"
                    HEIGHT="185">
            <Shape><Polygon POINTS="658 916 3383 916 3383 1101 658 1101"/></Shape>
	    <String CONTENT="Un Prince qui jadis témoin de vos combats"
                    HPOS="658"
                    VPOS="916"
                    WIDTH="2725"
                    HEIGHT="185"></String>
          </TextLine>

          
          
          <TextLine ID="tl_3"
                    TAGREFS="LT227"
                    BASELINE="644 1200 948 1201 1154 1206 1710 1216 1864 1221 2152 1222 2382 1227 2586 1226 2936 1227 3152 1226 3222 1233 3640 1272" 
                    HPOS="644"
                    VPOS="1088"
                    WIDTH="2996"
                    HEIGHT="190">
            <Shape><Polygon POINTS="644 1088 3640 1088 3640 1278 644 1278"/></Shape>
	    <String CONTENT="Vous vit chercher la gloire &amp; la mort ſur ſes pas,"
                    HPOS="644"
                    VPOS="1088"
                    WIDTH="2996"
                    HEIGHT="190"></String>
          </TextLine>

          
          
          <TextLine ID="tl_4"
                    TAGREFS="LT227"
                    BASELINE="637 1366 789 1366 979 1365 1218 1370 1371 1371 1793 1380 2035 1382 2287 1387 2667 1392 3255 1401" 
                    HPOS="637"
                    VPOS="1252"
                    WIDTH="2619"
                    HEIGHT="177">
            <Shape><Polygon POINTS="637 1252 3256 1252 3256 1429 637 1429"/></Shape>
	    <String CONTENT="Et de qui la valeur par vos ſoins ſecondée"
                    HPOS="637"
                    VPOS="1252"
                    WIDTH="2619"
                    HEIGHT="177"></String>
          </TextLine>

          
          
          <TextLine ID="tl_5"
                    TAGREFS="LT227"
                    BASELINE="632 1530 871 1525 1217 1536 1509 1539 1659 1546 1977 1591 2133 1546 2581 1550 3016 1572" 
                    HPOS="632"
                    VPOS="1413"
                    WIDTH="2385"
                    HEIGHT="183">
            <Shape><Polygon POINTS="632 1413 3017 1413 3017 1596 632 1596"/></Shape>
	    <String CONTENT="Mit enfin ſous le joug la rebelle Judée."
                    HPOS="632"
                    VPOS="1413"
                    WIDTH="2385"
                    HEIGHT="183"></String>
          </TextLine>

          
          
          <TextLine ID="tl_6"
                    TAGREFS="LT227"
                    BASELINE="628 1690 748 1694 908 1695 1160 1700 1470 1699 1674 1706 1984 1711 2344 1707 2572 1716 3346 1719" 
                    HPOS="627"
                    VPOS="1573"
                    WIDTH="2719"
                    HEIGHT="186">
            <Shape><Polygon POINTS="627 1573 3346 1573 3346 1759 627 1759"/></Shape>
	    <String CONTENT="Il ſe ſouvient du jour illuſtre &amp; douloureux"
                    HPOS="627"
                    VPOS="1573"
                    WIDTH="2719"
                    HEIGHT="186"></String>
          </TextLine>

          
          
          <TextLine ID="tl_7"
                    TAGREFS="LT227"
                    BASELINE="623 1880 871 1855 1293 1864 1479 1865 1725 1870 2029 1874 2349 1921 2697 1880 3229 1875 3383 1865" 
                    HPOS="623"
                    VPOS="1739"
                    WIDTH="2760"
                    HEIGHT="186">
            <Shape><Polygon POINTS="623 1739 3383 1739 3383 1925 623 1925"/></Shape>
	    <String CONTENT="Qui décida du ſort d&#39;un long ſiege douteux:"
                    HPOS="623"
                    VPOS="1739"
                    WIDTH="2760"
                    HEIGHT="186"></String>
          </TextLine>

          
          
          <TextLine ID="tl_8"
                    TAGREFS="LT227"
                    BASELINE="628 2024 851 2014 1129 2024 1489 2029 2031 2034 2221 2040 2811 2039 3449 2044" 
                    HPOS="628"
                    VPOS="1903"
                    WIDTH="2821"
                    HEIGHT="185">
            <Shape><Polygon POINTS="628 1903 3449 1903 3449 2088 628 2088"/></Shape>
	    <String CONTENT="Sur leur triple rempart les Ennemis tranquiles"
                    HPOS="628"
                    VPOS="1903"
                    WIDTH="2821"
                    HEIGHT="185"></String>
          </TextLine>

          
          
          <TextLine ID="tl_9"
                    TAGREFS="LT227"
                    BASELINE="634 2184 1576 2194 1860 2199 2178 2200 2462 2199 2888 2205 3444 2240" 
                    HPOS="633"
                    VPOS="2074"
                    WIDTH="2811"
                    HEIGHT="174">
            <Shape><Polygon POINTS="633 2074 3444 2074 3444 2248 633 2248"/></Shape>
	    <String CONTENT="Contemploient ſans peril nos aſſauts inutiles,"
                    HPOS="633"
                    VPOS="2074"
                    WIDTH="2811"
                    HEIGHT="174"></String>
          </TextLine>

          
          
          <TextLine ID="tl_10"
                    TAGREFS="LT227"
                    BASELINE="619 2348 783 2348 1277 2354 1967 2359 2169 2358 2951 2363 3279 2369" 
                    HPOS="619"
                    VPOS="2237"
                    WIDTH="2660"
                    HEIGHT="176">
            <Shape><Polygon POINTS="619 2237 3279 2237 3279 2413 619 2413"/></Shape>
	    <String CONTENT="Le Bellier impuiſſant les menaçoit en vain."
                    HPOS="619"
                    VPOS="2237"
                    WIDTH="2660"
                    HEIGHT="176"></String>
          </TextLine>

          
          
          <TextLine ID="tl_11"
                    TAGREFS="LT227"
                    BASELINE="628 2514 944 2513 1226 2550 1890 2555 2210 2524 2512 2554 2764 2529 3218 2529 3323 2525 3466 2528 3898 2560" 
                    HPOS="628"
                    VPOS="2391"
                    WIDTH="3271"
                    HEIGHT="189">
            <Shape><Polygon POINTS="628 2391 3899 2391 3899 2580 628 2580"/></Shape>
	    <String CONTENT="Vous ſeul, Seigneur, vous ſeul, une échelle à la main,"
                    HPOS="628"
                    VPOS="2391"
                    WIDTH="3271"
                    HEIGHT="189"></String>
          </TextLine>

          
          
          <TextLine ID="tl_12"
                    TAGREFS="LT227"
                    BASELINE="633 2672 738 2672 954 2673 1310 2678 1530 2681 1674 2688 2014 2689 2458 2689 2652 2688 2960 2690 3590 2704" 
                    HPOS="633"
                    VPOS="2560"
                    WIDTH="2957"
                    HEIGHT="180">
            <Shape><Polygon POINTS="633 2560 3590 2560 3590 2740 633 2740"/></Shape>
	    <String CONTENT="Vous portaſtes la mort juſques ſur leurs murailles."
                    HPOS="633"
                    VPOS="2560"
                    WIDTH="2957"
                    HEIGHT="180"></String>
          </TextLine>

          
          
          <TextLine ID="tl_13"
                    TAGREFS="LT227"
                    BASELINE="639 2838 805 2838 1109 2838 1607 2848 2049 2852 2297 2849 2807 2857 3559 2888" 
                    HPOS="639"
                    VPOS="2724"
                    WIDTH="2920"
                    HEIGHT="178">
            <Shape><Polygon POINTS="639 2724 3559 2724 3559 2902 639 2902"/></Shape>
	    <String CONTENT="Ce jour preſque éclaira vos propres funerailles,"
                    HPOS="639"
                    VPOS="2724"
                    WIDTH="2920"
                    HEIGHT="178"></String>
          </TextLine>

          
          
          <TextLine ID="tl_14"
                    TAGREFS="LT227"
                    BASELINE="628 3002 938 3003 1272 3006 1860 3013 2446 3017 2806 3017 3080 3018 3434 3048" 
                    HPOS="628"
                    VPOS="2892"
                    WIDTH="2807"
                    HEIGHT="156">
            <Shape><Polygon POINTS="628 2892 3435 2892 3435 3048 628 3048"/></Shape>
	    <String CONTENT="Titus vous embraſſa mourant entre mes bras,"
                    HPOS="628"
                    VPOS="2892"
                    WIDTH="2807"
                    HEIGHT="156"></String>
          </TextLine>

          
          
          <TextLine ID="tl_15"
                    TAGREFS="LT227"
                    BASELINE="629 3162 768 3162 1042 3167 1176 3166 1550 3213 2200 3182 2616 3178 3032 3182 3501 3198" 
                    HPOS="629"
                    VPOS="3052"
                    WIDTH="2873"
                    HEIGHT="178">
            <Shape><Polygon POINTS="629 3052 3502 3052 3502 3230 629 3230"/></Shape>
	    <String CONTENT="Et tout le camp vainqueur pleura voſtre trépas."
                    HPOS="629"
                    VPOS="3052"
                    WIDTH="2873"
                    HEIGHT="178"></String>
          </TextLine>

          
          
          <TextLine ID="tl_16"
                    TAGREFS="LT227"
                    BASELINE="629 3326 989 3373 1119 3332 1587 3368 2261 3373 2453 3341 2765 3341 3135 3336 3687 3337" 
                    HPOS="628"
                    VPOS="3210"
                    WIDTH="3059"
                    HEIGHT="187">
            <Shape><Polygon POINTS="628 3210 3687 3210 3687 3397 628 3397"/></Shape>
	    <String CONTENT="Voicy le temps, Seigneur, où vous devez attendre"
                    HPOS="628"
                    VPOS="3210"
                    WIDTH="3059"
                    HEIGHT="187"></String>
          </TextLine>

          
          
          <TextLine ID="tl_17"
                    TAGREFS="LT227"
                    BASELINE="628 3492 788 3492 1072 3491 1236 3496 1508 3497 1674 3502 1896 3501 1988 3553 2348 3507 2662 3502 2920 3507 3182 3507 3810 3521" 
                    HPOS="628"
                    VPOS="3376"
                    WIDTH="3182"
                    HEIGHT="185">
            <Shape><Polygon POINTS="628 3376 3810 3376 3810 3561 628 3561"/></Shape>
	    <String CONTENT="Le fruit de tant de ſang qu’ils vous ont veû répandre."
                    HPOS="628"
                    VPOS="3376"
                    WIDTH="3182"
                    HEIGHT="185"></String>
          </TextLine>

          
          
          <TextLine ID="tl_18"
                    TAGREFS="LT227"
                    BASELINE="627 3666 754 3656 1134 3656 1320 3660 1640 3660 1844 3665 2268 3667 2508 3666 2910 3665" 
                    HPOS="627"
                    VPOS="3538"
                    WIDTH="2283"
                    HEIGHT="167">
            <Shape><Polygon POINTS="627 3538 2910 3538 2910 3705 627 3705"/></Shape>
	    <String CONTENT="Si preſſé du deſir de revoir vos Eſtats"
                    HPOS="627"
                    VPOS="3538"
                    WIDTH="2283"
                    HEIGHT="167"></String>
          </TextLine>

          
          
          <TextLine ID="tl_19"
                    TAGREFS="LT227"
                    BASELINE="633 3820 943 3821 1273 3820 1413 3825 1629 3826 1803 3831 2209 3862 2407 3831 2725 3831 2937 3831 3393 3829 3557 3826 3691 3867" 
                    HPOS="632"
                    VPOS="3708"
                    WIDTH="3059"
                    HEIGHT="173">
            <Shape><Polygon POINTS="632 3708 3691 3708 3691 3881 632 3881"/></Shape>
	    <String CONTENT="Vous vous laſſez de vivre, où vous ne regnez pas;"
                    HPOS="632"
                    VPOS="3708"
                    WIDTH="3059"
                    HEIGHT="173"></String>
          </TextLine>

          
          
          <TextLine ID="tl_20"
                    TAGREFS="LT227"
                    BASELINE="634 3990 1032 3985 1304 3990 1612 3990 2168 3996 2858 3991 3198 4001 3738 3991" 
                    HPOS="634"
                    VPOS="3866"
                    WIDTH="3104"
                    HEIGHT="177">
            <Shape><Polygon POINTS="634 3866 3738 3866 3738 4043 634 4043"/></Shape>
	    <String CONTENT="Faut-il que ſans honneur l’Euphrate vous revoye?"
                    HPOS="634"
                    VPOS="3866"
                    WIDTH="3104"
                    HEIGHT="177"></String>
          </TextLine>

          
          
          <TextLine ID="tl_21"
                    TAGREFS="LT227"
                    BASELINE="623 4150 1181 4144 1519 4155 1915 4155 2199 4160 2575 4160 2905 4153 3445 4156" 
                    HPOS="623"
                    VPOS="4034"
                    WIDTH="2823"
                    HEIGHT="178">
            <Shape><Polygon POINTS="623 4034 3446 4034 3446 4212 623 4212"/></Shape>
	    <String CONTENT="Attendez pour partir que Céſar vous renvoye"
                    HPOS="623"
                    VPOS="4034"
                    WIDTH="2823"
                    HEIGHT="178"></String>
          </TextLine>

          
          
          <TextLine ID="tl_22"
                    TAGREFS="LT227"
                    BASELINE="628 4314 1472 4351 1623 4320 2107 4320 2363 4319 2719 4315 3395 4315" 
                    HPOS="628"
                    VPOS="4192"
                    WIDTH="2767"
                    HEIGHT="179">
            <Shape><Polygon POINTS="628 4192 3395 4192 3395 4371 628 4371"/></Shape>
	    <String CONTENT="Triomphant, &amp; chargé des titres ſouverains"
                    HPOS="628"
                    VPOS="4192"
                    WIDTH="2767"
                    HEIGHT="179"></String>
          </TextLine>

          
          
          <TextLine ID="tl_23"
                    TAGREFS="LT227"
                    BASELINE="634 4500 1298 4478 1736 4484 1972 4479 2292 4485 2796 4479 3012 4476 3652 4505" 
                    HPOS="634"
                    VPOS="4356"
                    WIDTH="3018"
                    HEIGHT="171">
            <Shape><Polygon POINTS="634 4356 3652 4356 3652 4527 634 4527"/></Shape>
	    <String CONTENT="Qu&#39;ajouſte encore aux Rois l’amitié des Romains."
                    HPOS="634"
                    VPOS="4356"
                    WIDTH="3018"
                    HEIGHT="171"></String>
          </TextLine>

          
          
          <TextLine ID="tl_24"
                    TAGREFS="LT227"
                    BASELINE="633 4644 913 4633 1109 4638 1581 4670 2225 4674 2761 4643 3177 4645 3805 4649 3877 4650" 
                    HPOS="633"
                    VPOS="4514"
                    WIDTH="3245"
                    HEIGHT="188">
            <Shape><Polygon POINTS="633 4514 3878 4514 3878 4702 633 4702"/></Shape>
	    <String CONTENT="Rien ne peut-il, Seigneur, changer voſtre entrepriſe?"
                    HPOS="633"
                    VPOS="4514"
                    WIDTH="3245"
                    HEIGHT="188"></String>
          </TextLine>

          
          
          <TextLine ID="tl_25"
                    TAGREFS="LT227"
                    BASELINE="632 4808 939 4799 1145 4808 1779 4804 2194 4824" 
                    HPOS="632"
                    VPOS="4686"
                    WIDTH="1563"
                    HEIGHT="166">
            <Shape><Polygon POINTS="632 4686 2195 4686 2195 4852 632 4852"/></Shape>
	    <String CONTENT="Vous ne répondez point."
                    HPOS="632"
                    VPOS="4686"
                    WIDTH="1563"
                    HEIGHT="166"></String>
          </TextLine>

          
          
          <TextLine ID="tl_26"
                    TAGREFS="LT227"
                    BASELINE="1585 5036 2818 5029" 
                    HPOS="1585"
                    VPOS="4906"
                    WIDTH="1233"
                    HEIGHT="135">
            <Shape><Polygon POINTS="1585 4906 2818 4906 2818 5041 1585 5041"/></Shape>
	    <String CONTENT="ANTIOCHUS"
                    HPOS="1585"
                    VPOS="4906"
                    WIDTH="1233"
                    HEIGHT="135"></String>
          </TextLine>

          
          
          <TextLine ID="tl_27"
                    TAGREFS="LT227"
                    BASELINE="2326 5251 2591 5220 3111 5220 3393 5221 3579 5226 3831 5231 3903 5232" 
                    HPOS="2326"
                    VPOS="5101"
                    WIDTH="1577"
                    HEIGHT="167">
            <Shape><Polygon POINTS="2326 5101 3903 5101 3903 5268 2326 5268"/></Shape>
	    <String CONTENT="Que veux-tu que je diſe?"
                    HPOS="2326"
                    VPOS="5101"
                    WIDTH="1577"
                    HEIGHT="167"></String>
          </TextLine>

          
          
          <TextLine ID="tl_28"
                    TAGREFS="LT227"
                    BASELINE="638 5428 1314 5384 1896 5385 2096 5390 2682 5386 3414 5392" 
                    HPOS="638"
                    VPOS="5258"
                    WIDTH="2776"
                    HEIGHT="182">
            <Shape><Polygon POINTS="638 5258 3414 5258 3414 5440 638 5440"/></Shape>
	    <String CONTENT="J&#39;attens de Berenice un moment d’entretien."
                    HPOS="638"
                    VPOS="5258"
                    WIDTH="2776"
                    HEIGHT="182"></String>
          </TextLine>

          
          
          <TextLine ID="tl_29"
                    TAGREFS="LT227"
                    BASELINE="1889 5617 1989 5617 2725 5627" 
                    HPOS="1889"
                    VPOS="5505"
                    WIDTH="836"
                    HEIGHT="122">
            <Shape><Polygon POINTS="1889 5505 2725 5505 2725 5627 1889 5627"/></Shape>
	    <String CONTENT="ARSACE."
                    HPOS="1889"
                    VPOS="5505"
                    WIDTH="836"
                    HEIGHT="122"></String>
          </TextLine>

          
          
          <TextLine ID="tl_30"
                    TAGREFS="LT227"
                    BASELINE="648 5828 836 5828 1164 5828 1248 5858 1890 5817 1978 5823" 
                    HPOS="648"
                    VPOS="5702"
                    WIDTH="1330"
                    HEIGHT="167">
            <Shape><Polygon POINTS="648 5702 1978 5702 1978 5869 648 5869"/></Shape>
	    <String CONTENT="Hé bien, Seigneur?"
                    HPOS="648"
                    VPOS="5702"
                    WIDTH="1330"
                    HEIGHT="167"></String>
          </TextLine>

          
          
          <TextLine ID="tl_31"
                    TAGREFS="LT227"
                    BASELINE="1607 6024 2268 6013 2883 6019" 
                    HPOS="1607"
                    VPOS="5894"
                    WIDTH="1277"
                    HEIGHT="135">
            <Shape><Polygon POINTS="1607 5894 2884 5894 2884 6029 1607 6029"/></Shape>
	    <String CONTENT="ANTIOCHUS."
                    HPOS="1607"
                    VPOS="5894"
                    WIDTH="1277"
                    HEIGHT="135"></String>
          </TextLine>

          
          
          <TextLine ID="tl_32"
                    TAGREFS="LT227"
                    BASELINE="2110 6218 2355 6213 2607 6208 3143 6218 3323 6213 3696 6223" 
                    HPOS="2110"
                    VPOS="6084"
                    WIDTH="1587"
                    HEIGHT="141">
            <Shape><Polygon POINTS="2110 6084 3697 6084 3697 6225 2110 6225"/></Shape>
	    <String CONTENT="Son ſort decidera du mien,"
                    HPOS="2110"
                    VPOS="6084"
                    WIDTH="1587"
                    HEIGHT="141"></String>
          </TextLine>

          
          
          <TextLine ID="tl_33"
                    TAGREFS="LT227"
                    BASELINE="1797 6435 2641 6434" 
                    HPOS="1797"
                    VPOS="6313"
                    WIDTH="845"
                    HEIGHT="125">
            <Shape><Polygon POINTS="1797 6313 2642 6313 2642 6438 1797 6438"/></Shape>
	    <String CONTENT="ARSACE."
                    HPOS="1797"
                    VPOS="6313"
                    WIDTH="845"
                    HEIGHT="125"></String>
          </TextLine>

          
          
          <TextLine ID="tl_34"
                    TAGREFS="LT227"
                    BASELINE="665 6610 1401 6605" 
                    HPOS="665"
                    VPOS="6486"
                    WIDTH="736"
                    HEIGHT="127">
            <Shape><Polygon POINTS="665 6486 1401 6486 1401 6613 665 6613"/></Shape>
	    <String CONTENT="Comment?"
                    HPOS="665"
                    VPOS="6486"
                    WIDTH="736"
                    HEIGHT="127"></String>
          </TextLine>

          
        </TextBlock>
        

        
      </PrintSpace>
    </Page>
  </Layout>
</alto>
