4267 7915
1374 598 1320 172 TRAGEDIE.

3434 602 178 154 29

873 1845 2179 318 ACTE III.

683 2384 2614 217 SCENE PREMIERE.

716 2782 2551 210 TITUS, ANTIOCHUS,

1540 3045 986 150 ARSACE.

1603 3452 681 132 TITUS.

680 3588 2985 270 Uoy, Prince, vous partiez? Quelle raiſon ſubite

652 3839 2742 184 Preſſe voſtre depart, ou plutoſt voſtre fuite?

363 3614 323 475 Q

366 4008 2914 179 Vouliez-vous me cacher juſques à vos Adieux?

365 4173 3150 188 Eſt-ce comme Ennemy que vous quittez ces Lieux?

362 4339 3136 179 Que diront avec moy, la Cour, Rome, l’Empire?

366 4503 3203 181 Mais comme voſtre Amy que ne puis-je point dire?

369 4663 3159 189 De quoy m'accuſez-vous? Vous avois je ſans choix

380 4833 2662 186 Confondu juſqu’icy dans la foule des Rois?

377 4993 3293 178 Mon cœur vous fut ouvert tant qu’a veſcu mon Pere.

380 5157 2956 186 C'eſtoit le ſeul preſent que je pouvois vous faire.

366 5318 3295 194 Et lors qu’avec mon cœur ma main peut s’épancher,

361 5482 3290 184 Vous fuyez mes bienfaits tout preſts à vous chercher?

356 5654 2598 188 Penſez-vous qu’oubliant ma fortune paſſée

359 5818 2678 190 Sur ma ſeule grandeur j’arreſte ma penſée?

361 5987 2835 179 Et que tous mes Amis s’y préſentent de loin

376 6146 3285 174 Comme autant d’Inconnus, dont je n'ay plus beſoin?

370 6310 3302 188 Vous-méme, à mes regards qui vouliez vous ſouſtraire,

366 6464 2969 204 Prince, plus que jamais vous m'eſtes neceſſaire.

2793 6645 339 167 C iij
