4267 7968
611 517 100 226 8

1555 511 1283 252 BERENICE.

599 794 2748 265 Aujourd’huy que le Ciel ſemble me preſager

609 969 2983 263 Un honneur, qu'avec vous je prétens partager,

615 1129 2837 247 Ce meſme Antiochus ſe cachant à ma veuë,

608 1295 2744 240 Me laiſſe à la mercy d’une foule inconnuë?

1606 1497 1281 180 ANTIOCHUS.

596 1627 3001 245 Il eſt donc vray, Madame? Et ſelon ce diſcours

595 1795 2768 245 L’hymen va ſucceder à vos longues amours?

1649 1999 1077 150 BERENICE.

584 2126 3180 251 Seigneur, je vous veux bien confier mes allarmes.

594 2301 3293 253 Ces jours ont veû mes yeux baignez de quelques

949 2468 439 128 larmes.

595 2621 2774 239 Ce long deüil que Titus impoſoit à ſa Cour,

575 2780 2779 236 Avoit meſme en ſecret ſuſpendu ſon amour.

575 2946 2797 236 Il n’avoit plus pour moy cette ardeur aſſiduë

574 3108 3060 245 Lors qu’il paſſoit les jours, attaché ſur ma veuë.

574 3275 2929 247 Müet, chargé de ſoins, & les larmes aux yeux,

572 3437 2657 238 Il ne me laiſſoit plus que de triſtes Adieux.

569 3601 3173 250 Jugez de ma douleur, moy dont l'ardeur extréme,

583 3773 3309 250 Je vous l'ay dit cent fois, n’aime en luy que luy-même,

574 3935 2952 244 Moy qui loin des grandeurs, dont il eſt reveſtu,

581 4093 2707 224 Aurois choiſi ſon cœur, & cherché ſa vertu.

1536 4290 1325 169 ANTIOCHUS.

577 4423 2694 237 Il a repris pour vous ſa tendreſſe premiere?

1634 4627 1080 149 BERENICE.

579 4749 2775 240 Vous fuſtes ſpectateur de cette nuit derniere,

574 4919 2744 241 Lors que, pour ſeconder les ſoins religieux,

574 5081 2757 235 Le Sénat a placé ſon Pere entre les Dieux.

578 5247 2241 222 De ce juſte devoir ſa pieté contente

573 5407 2972 249 A fait place, Seigneur, au ſoin de ſon Amante.

581 5575 3171 248 Et meſme en ce moment, ſans qu’il m’en ait parlé,

583 5736 2771 239 Il eſt dans le Senat par ſon ordre aſſemblé.

569 5907 2423 208 Là de la Paleſtine il étend la frontiere,

572 6077 2455 223 Il y joint l’Arabie, & la Syrie entiere.

575 6234 2648 236 Et ſi de ſes Amis j’en dois croire la voix,

569 6391 2858 256 Si j’en crois ſes ſermons redoublez mille fois,
