4267 8223
686 596 226 287 24

1735 555 1345 315 BERENICE.

700 905 3237 179 Tandis qu'autour de moy voſtre Cour aſſemblée,

700 1075 3316 180 Retentit des bienfaits dont vous m’avez comblée,

707 1247 3037 183 Eſt-il juſte, Seigneur, que ſeule en ce moment

713 1415 2812 182 Je demeure ſans voix & ſans reſſentiment!

713 1589 3230 185 Mais Seigneur, (car je ſçay que cet Amy ſincere

712 1757 3235 183 Du ſecret de nos coeurs connoiſt tout le myſtere)

712 1925 2892 187 Voſtre deüil eſt finy, rien n’arreſte vos pas,

711 2099 2893 179 Vous eſtes ſeul enfin, & ne me cherchez pas.

707 2273 3246 181 J’entens que vous m’offrez un nouveau Diadéme,

717 2449 3188 165 Et ne puis cependant vous entendre vous meſme.

712 2617 3273 177 Helas! plus de repos, Seigneur, & moins d’éclat.

712 2785 3080 185 Voſtre amour ne peut-il paroiſtre qu’au Senat?

717 2951 3021 145 Ah Titus! Car enfin l’amour fuit la contrainte

713 3133 3212 171 De tous ces noms, que ſuit le reſpect & la crainte.

729 3297 3202 175 De quel ſoin voſtre amour va-t-il s’importuner?

716 3467 3061 179 N’a-t-il que des Eſtats qu’il me puiſſe donner?

718 3645 3416 176 Depuis quand croyez-vous que ma grandeur me

1065 3805 499 132 touche?

713 3973 3170 179 Un ſoupir, un regard, un mot de voſtre bouche,

713 4149 2860 150 Voilà l’ambition d’un cœur comme le mien.

722 4321 3038 169 Voyez-moy plus ſouvent & ne me donnez rien.

718 4479 3090 175 Tous vos momens ſont-ils dévoüez à l’Empire?

723 4651 3187 185 Ce cœur apres huit jours n’a-t-il rien à me dire?

717 4821 2796 170 Qu'un mot va raſſurer mes timides eſprits!

712 4993 3401 180 Mais parliez-vous de moy, quand je vous ay surpris?

712 5165 2968 181 Dans vos ſecrets diſcours eſtois-je intereſſée.

712 5331 3300 192 Seigneur? Eſtois-je au moins preſente à la penſée?

2029 5524 683 125 TITUS.

717 5679 3252 179 N’en doutez point, Madame, & j’atteſte les Dieux

712 5847 3059 189 Que toûjours Berenice eſt preſente à mes yeux.

708 6029 3052 165 L'abſence, ni le temps, je vous le jure encore,

712 6189 3080 189 Ne vous peuvent ravir ce cœur qui vous adore.

1809 6375 1137 131 BERENICE.

713 6525 3004 203 Hé quoy? vous me jurez une éternelle ardeur,

716 6705 2663 180 Et vous me la jurez avec cette froideur?

3484 6879 608 164 Pourquoy
