4267 7973
1400 596 1379 162 TRAGEDIE.

3496 578 166 206 32

333 846 2877 198 Et meſme elle m'a dit, que preſt à l'épouſer,

332 1016 2882 194 Vous ne la verrez plus que pour l’y diſpoſer.

1630 1251 677 129 TITUS.

333 1419 3193 183 Ah! Qu'un aveu ſi doux auroit lieu de me plaire!

338 1587 2716 195 Que je ſerois heureux, ſi j’avois à le faire!

342 1745 3159 199 Mes tranſports aujourd’huy s’attendoient d’éclatter.

353 1915 3162 203 Cependant aujourd’huy, Prince, il faut la quitter.

1401 2140 1327 130 ANTIOCHUS.

358 2314 1806 168 La quitter. Vous, Seigneur?

1656 2475 651 127 TITUS.

1999 2620 1366 138 Telle eſt ma deſtinée.

358 2784 3012 184 Pour elle, & pour Titus, il n’eſt plus d’hymenée.

358 2952 3023 180 D’un eſpoir ſi charmant je me flattois en vain,

369 3120 2872 182 Prince, il faut avec vous qu'elle parte demain,

1411 3312 1321 140 ANTIOCHUS.

370 3473 1494 175 Qu’entens-je! O Ciel!

1718 3675 697 138 TITUS.

1557 3825 2167 189 Plaignez ma grandeur importune.

383 3981 2635 203 Maiſtre de l'Univers je regle ſa Fortune.

374 4165 2581 181 Je puis faire les Roys, je puis les dépoſer.

395 4338 2882 170 Cependant de mon cœur je ne puis diſpoſer.

389 4506 3009 172 Rome contre les Roys de tout temps ſoulevée,

394 4666 2804 180 Dédaigne une Beauté dans la pourpre élevée,

394 4834 2879 178 L’éclat du Diadéme, & cent Roys pour Ayeux

401 4995 3114 191 Deſ-honorent ma flâme, & bleſſent tous les yeux.

409 5159 3335 175 Mon cœur libre d’ailleurs, ſans craindre les mur¬

716 5381 448 104 mures,

405 5491 3106 167 Peut brûler à ſon choix dans des flâmes obſcures,

415 5665 2763 169 Et Rome avec plaiſir recevroit de ma main

410 5824 3022 188 La moins digne Beauté, qu’elle cache en ſon ſein.

410 5992 3007 182 Jules ceda luy-meſme au torrent qui m’entraîne,

405 6159 2784 185 Si le Peuple demain ne voit partir la Reyne.

421 6319 2493 181 Demain elle entendra ce Peuple furieux

426 6485 2622 185 Me venir demander ſon depart à ſes yeux.

2807 6665 374 166 C iiij
