4267 8041
1261 576 1335 275 TRAGEDIE.

3435 649 194 275 19

267 907 2650 172 Paulin. Je me ſuis fait un plaiſir neceſſaire

263 1079 3126 168 De la voir chaque jour, de l'aimer, de luy plaire.

257 1247 2922 168 J’ay fait plus. Je n'ay rien de ſecret à tes yeux.

257 1419 3096 164 J’ay pour elle cent fois rendu graces aux Dieux,

267 1577 3016 174 D’avoir choiſi mon Pere au fond de l’Idumée,

263 1743 2816 174 D’avoir rangé ſous luy l’Orient & l'Armée,

277 1911 2640 154 Et ſoulevant encor le reſte des Humains,

273 2073 2870 180 Remis Rome ſanglante en ſes paiſibles mains.

267 2247 2828 158 J'ay meſme ſouhaitté la place de mon Pere,

273 2399 3340 184 Moy, Paulin, qui cent fois, ſi le Sort moins ſevere,

277 2577 2462 136 Euſt voulu de ſa vie étendre les liens,

277 2743 3132 170 Aurois donné mes jours pour prolonger les ſiens.

277 2911 3200 164 Tout cela (qu’un Amant ſçait mal ce qu'il deſire!)

289 3073 2722 164 Dans l'eſpoir d'élever Berenice à l'Empire,

289 3235 2848 170 De reconnoiſtre un jour ſon amour & ſa foy,

299 3403 3084 168 Et de voir à ſes pieds tout le monde avec moy.

283 3565 3326 174 Malgré tout mon amour, Paulin, & tous ſes charmes,

293 3739 2944 162 Apres mille ſermens appuyez de mes larmes,

289 3905 3136 164 Maintenant que je puis couronner tant d’attraits,

289 4073 3120 164 Maintenant que je l’aime encor plus que jamais,

289 4225 3188 180 Lors qu’un heureux hymen joignant nos deſtinées

299 4399 3058 168 Peut payer en un jour les vœux de cinq années;

293 4561 3018 168 Je vais, Paulin.... O Ciel! puis-je le déclarer?

1523 4759 834 126 PAULIN.

299 4917 1136 168 Quoy, Seigneur?

1629 5089 686 132 TITUS.

1195 5247 2126 162 Pour jamais je vais m'en ſeparer.

299 5413 3346 158 Mon cœur en ce moment ne vient pas de ſe rendre,

289 5581 2832 164 Si je t’ay fait parler, ſi j’ay voulu t’entendre,

283 5743 2766 168 Je voulois que ton zele achevaſt en ſecret

305 5911 2884 174 De confondre un amour qui ſe taiſt à regret.

299 6079 2644 168 Berenice a longtemps balancé la victoire.

299 6241 2864 168 Et ſi je panche enfin du coſté de ma Gloire,

305 6403 3356 174 Croy qu’il m’en a couſté, pour vaincre tant d’amour.

305 6575 3366 180 Des combats dont mon coeur ſaignera plus d'un jour.

2785 6743 248 164 B ij
