4267 8051
1374 784 1146 147 BERENICE.

1760 964 1466 183 Cette prompte retraitte

334 1107 2742 216 Me laiſſe, je l'avouë, une douleur ſecrette.

1474 1326 994 149 PHENICE.

341 1503 1140 181 Je l’aurois retenu.

1447 1702 1046 134 BERENICE.

1534 1871 1446 171 Qui moy? Le retenir?

330 2011 2770 213 J’en doy perdre plutoſt juſques au ſouvenir.

344 2175 2992 212 Tu veux donc que je flatte une ardeur inſenſée?

1494 2392 957 141 PHENICE.

339 2531 2720 202 Titus n’a point encore expliqué la penſée.

351 2701 3210 205 Rome vous voit, Madame, avec des yeux jaloux,

367 2868 2950 203 La rigueur de ſes Loix m’épouvante pour vous.

355 3031 3302 212 L’hymen chez les Romains n’admet qu’une Romaine.

367 3198 2996 205 Rome hait tous les Rois, & Berenice eſt Reyne.

1441 3390 1073 128 BERENICE.

356 3527 3286 208 Le temps n’eſt plus, Phénice, où je pouvois trembler.

354 3693 3026 206 Titus m’aime, il peut tout, il n’a plus qu’à parler.

366 3858 2824 209 Il verra le Senat m’apporter ſes hommages,

372 4024 2876 210 Et le Peuple, de fleurs couronner ſes images.

533 4196 3024 200 De cette nuit, Phénice, as-tu veu la ſplendeur?

365 4356 3238 208 Tes yeux ne ſont-ils pas tous pleins de ſa grandeur?

371 4522 2998 227 Ces flambeaux, ce Bucher, cette nuit enflâmée,

377 4690 3294 207 Ces Aigles, ces Faiſceaux, ce Peuple, cette Armée,

377 4854 2760 200 Cette foule de Rois, ces Conſuls, ce Senat,

376 5022 3128 211 Qui tous de mon Amant empruntoient leur éclat;

382 5188 2906 210 Cette pourpre, cet or que rehauſſoit ſa gloire,

372 5356 2860 196 Et ces Lauriers encore témoins de ſa victoire,

366 5520 3044 214 Tous ces yeux, qu’on voyoit venir de toutes parts

382 5682 2786 205 Confondre ſur luy ſeul leurs avides regards;

382 5854 2571 194 Ce port majeſtueux, cette douce preſence.

381 6020 2998 208 Ciel! avec quel reſpect, & quelle complaiſance,

371 6182 3080 211 Tous les cœurs en ſecret l’aſſuroient de leur foy!

393 6348 3120 217 Parle. Peut-on le voir fans penſer comme moy,

1293 523 1306 173 TRAGEDIE.

3521 592 130 150 13
