4267 8172
549 596 195 154 32

1650 581 1355 179 BERENICE.

585 808 3158 226 Sauvons de cet affront mon nom, & ſa memoire.

591 983 3069 237 Et puis qu'il faut ceder, cedons à noſtre gloire.

584 1150 3263 242 Ma bouche, & mes regards muets depuis huit jours,

582 1321 2608 211 L’auront pu préparer à ce triſte diſcours.

590 1486 2989 236 Et meſme en ce moment, inquiete, empreſſée,

597 1661 2875 227 Elle veut qu’à ſes yeux j’explique ma penſée.

593 1833 2766 226 D’un Amant interdit ſoulagez le tourment,

583 1996 2789 225 Epargnez à mon cœur cet éclairciſſement.

580 2174 3181 226 Allez, expliquez-luy mon trouble & mon ſilence,

591 2332 2815 229 Sur tout qu’elle me laiſſe éviter ſa preſence.

580 2504 3069 230 Soyez le ſeul témoin de ſes pleurs & des miens.

591 2683 2867 214 Portez-luy mes Adieux, & recevez les ſiens.

582 2846 2864 222 Fuyons tous deux, fuyons un ſpectacle funeſte

589 3013 2916 225 Qui de noſtre conſtance accableroit le reſte.

574 3188 3003 230 Si l'eſpoir de regner & de vivre en mon cœur

585 3357 2639 222 Peut de ſon infortune adoucir la rigueur;

581 3524 3071 233 Ah Prince! jurez-luy que toujours trop fidelle,

589 3695 3021 235 Gemiſſant dans ma Cour, & plus exilé qu'elle,

590 3867 3042 230 Portant juſqu’au tombeau le nom de ſon Amant,

584 4036 2979 232 Mon regne ne ſera qu’un long banniſſement,

585 4211 2627 175 Si le Ciel non content de me l'avoir ravie

593 4378 2686 225 Veut encor m’affliger par une longue vie.

593 4548 2843 223 Vous, que l’amitié ſeule attache ſur les pas,

594 4713 3081 218 Prince, dans ſon malheur ne l’abandonnez pas.

590 4888 2726 206 Que l’Orient vous voye arriver à ſa ſuite;

594 5045 3149 239 Que ce ſoit un triomphe, & non pas une fuite;

595 5222 2681 214 Qu'une amitié ſi belle ait d’éternels liens,

600 5381 3371 243 Que mon nom ſoit toujours dans tous vos entretiens.

595 5562 3191 228 Pour rendre vos Eſtats plus voiſins l'un de l’autre,

596 5727 2871 224 L’Euphrate bornera ſon Empire & le voſtre.

593 5902 2923 226 Je ſçay que le Senat tout plein de voſtre nom,

595 6069 2668 179 D’une commune voix confirmera ce don.

591 6234 2489 217 Je joins la Cilicie à voſtre Comagene.

596 6404 3217 243 Adieu, ne quittez point ma Princeſſe, ma Reyne,

594 6576 2837 231 Tout ce qui de mon cœur fut l'unique deſir,

588 6738 2975 243 Tout ce que j'aimeray juſqu’au dernier ſoupir.
