<?xml version="1.0" encoding="UTF-8"?>
<alto xmlns:xsi="http://www.w3.org/2001/XMLSchema-instance"
      xmlns="http://www.loc.gov/standards/alto/ns-v4#"
      xsi:schemaLocation="http://www.loc.gov/standards/alto/ns-v4# https://gitlab.inria.fr/scripta/escriptorium/-/raw/develop/app/escriptorium/static/alto-4-1-baselines.xsd">
  <Description>
    <MeasurementUnit>pixel</MeasurementUnit>
    <sourceImageInformation>
      <fileName>Racine1676_Oeuvres_bpt6k990581p_corrected_0017.png</fileName>
    </sourceImageInformation>
  </Description>
  
  <Tags>
    <OtherTag ID="BT1" LABEL="Title" DESCRIPTION="block type Title"/><OtherTag ID="BT2" LABEL="Main" DESCRIPTION="block type Main"/><OtherTag ID="BT633" LABEL="Damage" DESCRIPTION="block type Damage"/><OtherTag ID="BT634" LABEL="Decoration" DESCRIPTION="block type Decoration"/><OtherTag ID="BT635" LABEL="DropCapital" DESCRIPTION="block type DropCapital"/><OtherTag ID="BT636" LABEL="Figure" DESCRIPTION="block type Figure"/><OtherTag ID="BT637" LABEL="Margin" DESCRIPTION="block type Margin"/><OtherTag ID="BT638" LABEL="MusicNotation" DESCRIPTION="block type MusicNotation"/><OtherTag ID="BT639" LABEL="Numbering" DESCRIPTION="block type Numbering"/><OtherTag ID="BT640" LABEL="RunningTitle" DESCRIPTION="block type RunningTitle"/><OtherTag ID="BT641" LABEL="Seal" DESCRIPTION="block type Seal"/><OtherTag ID="BT642" LABEL="Signatures" DESCRIPTION="block type Signatures"/><OtherTag ID="BT643" LABEL="Stamp" DESCRIPTION="block type Stamp"/><OtherTag ID="BT644" LABEL="Table" DESCRIPTION="block type Table"/>
    <OtherTag ID="LT227" LABEL="Default" DESCRIPTION="line type Default"/><OtherTag ID="LT228" LABEL="DropCapitalLine" DESCRIPTION="line type DropCapitalLine"/><OtherTag ID="LT229" LABEL="MusicLine" DESCRIPTION="line type MusicLine"/><OtherTag ID="LT230" LABEL="Interlinear" DESCRIPTION="line type Interlinear"/><OtherTag ID="LT231" LABEL="Rubric" DESCRIPTION="line type Rubric"/>
  </Tags>
  
  <Layout>
    <Page WIDTH="4267"
          HEIGHT="7765"
          PHYSICAL_IMG_NR="6"
          ID="eSc_dummypage_">
      <PrintSpace HPOS="0"
                  VPOS="0"
                  WIDTH="4267"
                  HEIGHT="7765">
        
        <TextBlock HPOS="4051"
                   VPOS="3991"
                   WIDTH="156"
                   HEIGHT="192"
                   ID="eSc_textblock_e0d8f22c"
                   TAGREFS="BT633">
          <Shape><Polygon POINTS="4051 3991 4051 4183 4207 4183 4207 3991"/></Shape>
          
        </TextBlock>
        
        <TextBlock HPOS="2582"
                   VPOS="6269"
                   WIDTH="300"
                   HEIGHT="191"
                   ID="eSc_textblock_127e05f4"
                   TAGREFS="BT642">
          <Shape><Polygon POINTS="2882 6447 2869 6269 2582 6269 2582 6460"/></Shape>
          
          
          <TextLine ID="line_1549883634203_522"
                    TAGREFS="LT227"
                    BASELINE="2621 6406 2871 6405" 
                    HPOS="2620"
                    VPOS="6283"
                    WIDTH="252"
                    HEIGHT="160">
            <Shape><Polygon POINTS="2620 6284 2870 6283 2872 6442 2622 6443"/></Shape>
	    <String CONTENT="ã iij"
                    HPOS="2620"
                    VPOS="6283"
                    WIDTH="252"
                    HEIGHT="160"></String>
          </TextLine>

          
        </TextBlock>
        
        <TextBlock HPOS="276"
                   VPOS="851"
                   WIDTH="3380"
                   HEIGHT="5442"
                   ID="eSc_textblock_5db82d85"
                   TAGREFS="BT2">
          <Shape><Polygon POINTS="372 851 276 6293 3656 6269 3656 851"/></Shape>
          
          
          <TextLine ID="tl_2"
                    TAGREFS="LT227"
                    BASELINE="440 982 943 987 1555 994 1971 1017 2495 1013 3107 1018 3662 1014" 
                    HPOS="439"
                    VPOS="849"
                    WIDTH="3224"
                    HEIGHT="234">
            <Shape><Polygon POINTS="439 849 3663 849 3663 1083 439 1083"/></Shape>
	    <String CONTENT="conjure d&#39;avoir aſſez bonne opinion d’eux-"
                    HPOS="439"
                    VPOS="849"
                    WIDTH="3224"
                    HEIGHT="234"></String>
          </TextLine>

          
          
          <TextLine ID="tl_3"
                    TAGREFS="LT227"
                    BASELINE="443 1177 962 1185 1362 1185 1614 1190 1902 1199 2352 1206 2894 1210 3334 1221 3642 1219" 
                    HPOS="443"
                    VPOS="1034"
                    WIDTH="3199"
                    HEIGHT="237">
            <Shape><Polygon POINTS="443 1034 3642 1034 3642 1271 443 1271"/></Shape>
	    <String CONTENT="meſmes pour ne pas croire qu&#39;une Piece qui"
                    HPOS="443"
                    VPOS="1034"
                    WIDTH="3199"
                    HEIGHT="237"></String>
          </TextLine>

          
          
          <TextLine ID="tl_4"
                    TAGREFS="LT227"
                    BASELINE="432 1368 608 1367 1220 1392 1439 1383 1737 1387 2034 1397 2488 1401 2696 1402 3140 1412 3231 1413 3643 1411" 
                    HPOS="427"
                    VPOS="1197"
                    WIDTH="3211"
                    HEIGHT="258">
            <Shape><Polygon POINTS="427 1365 453 1197 498 1248 679 1210 796 1255 932 1255 997 1216 1042 1255 1269 1261 1366 1216 1418 1268 1735 1268 1780 1229 1864 1268 1897 1235 1981 1242 2052 1281 2130 1235 2175 1268 2240 1235 2369 1287 2525 1287 2577 1242 2687 1268 2868 1248 2900 1274 3069 1255 3114 1300 3263 1300 3347 1261 3625 1261 3638 1410 3619 1449 3354 1430 3146 1455 3114 1423 3004 1449 2965 1417 2706 1449 2654 1410 2402 1436 2376 1410 2220 1404 2052 1430 2013 1397 1974 1430 1936 1397 1741 1423 1651 1391 1605 1423 1489 1423 1463 1397 1353 1417 1301 1391 1133 1417 1061 1384 822 1384 796 1410 673 1378 641 1404 433 1384"/></Shape>
	    <String CONTENT="les touche, &amp; qui leur donne du plaiſir, puiſſe"
                    HPOS="427"
                    VPOS="1197"
                    WIDTH="3211"
                    HEIGHT="258"></String>
          </TextLine>

          
          
          <TextLine ID="tl_5"
                    TAGREFS="LT227"
                    BASELINE="430 1558 745 1564 1605 1578 2090 1589 2326 1594 2908 1610 3242 1609 3644 1583" 
                    HPOS="429"
                    VPOS="1430"
                    WIDTH="3216"
                    HEIGHT="233">
            <Shape><Polygon POINTS="429 1430 3645 1430 3645 1663 429 1663"/></Shape>
	    <String CONTENT="eſtre abſolument contre les Regles, La prin¬"
                    HPOS="429"
                    VPOS="1430"
                    WIDTH="3216"
                    HEIGHT="233"></String>
          </TextLine>

          
          
          <TextLine ID="tl_6"
                    TAGREFS="LT227"
                    BASELINE="429 1756 830 1766 1372 1765 1660 1771 1948 1779 2418 1780 2672 1792 2958 1792 3631 1805" 
                    HPOS="428"
                    VPOS="1626"
                    WIDTH="3204"
                    HEIGHT="225">
            <Shape><Polygon POINTS="428 1626 3632 1626 3632 1851 428 1851"/></Shape>
	    <String CONTENT="cipale Regle eſt de plaire &amp; de toucher."
                    HPOS="428"
                    VPOS="1626"
                    WIDTH="3204"
                    HEIGHT="225"></String>
          </TextLine>

          
          
          <TextLine ID="tl_7"
                    TAGREFS="LT227"
                    BASELINE="435 1959 942 1963 1246 1962 1772 1964 2038 1975 2416 1978 2884 1980 3208 1985 3626 1989" 
                    HPOS="435"
                    VPOS="1821"
                    WIDTH="3191"
                    HEIGHT="222">
            <Shape><Polygon POINTS="435 1821 3626 1821 3626 2043 435 2043"/></Shape>
	    <String CONTENT="Toutes les autres ne ſont faites que pour"
                    HPOS="435"
                    VPOS="1821"
                    WIDTH="3191"
                    HEIGHT="222"></String>
          </TextLine>

          
          
          <TextLine ID="tl_8"
                    TAGREFS="LT227"
                    BASELINE="411 2200 1002 2160 1185 2155 1588 2156 2338 2176 2822 2171 3344 2181 3622 2181" 
                    HPOS="411"
                    VPOS="2010"
                    WIDTH="3212"
                    HEIGHT="218">
            <Shape><Polygon POINTS="411 2010 3623 2010 3623 2228 411 2228"/></Shape>
	    <String CONTENT="parvenir à cette premiere. Mais toutes ces"
                    HPOS="411"
                    VPOS="2010"
                    WIDTH="3212"
                    HEIGHT="218"></String>
          </TextLine>

          
          
          <TextLine ID="tl_9"
                    TAGREFS="LT227"
                    BASELINE="419 2347 893 2345 1245 2344 1595 2348 1987 2353 2493 2373 2879 2364 3072 2367 3294 2368 3626 2373" 
                    HPOS="414"
                    VPOS="2180"
                    WIDTH="3211"
                    HEIGHT="227">
            <Shape><Polygon POINTS="414 2342 427 2206 459 2193 582 2225 783 2180 912 2225 1003 2180 1165 2232 1282 2232 1333 2187 1450 2187 1560 2232 1651 2187 1689 2225 1728 2200 1767 2238 1845 2213 2020 2225 2071 2193 2110 2219 2305 2193 2382 2200 2428 2245 2557 2245 2602 2200 2674 2200 2764 2206 2810 2245 2881 2213 2984 2245 3243 2251 3328 2206 3405 2206 3438 2238 3483 2219 3515 2251 3613 2251 3625 2368 3289 2381 3256 2407 3107 2381 3030 2407 2861 2400 2829 2374 2680 2400 2544 2368 2454 2394 2272 2361 2162 2394 1838 2394 1806 2368 1612 2355 1133 2355 1023 2387 835 2348 686 2381 420 2368"/></Shape>
	    <String CONTENT="Regles ſont d&#39;un long détail, dont je ne leur"
                    HPOS="414"
                    VPOS="2180"
                    WIDTH="3211"
                    HEIGHT="227"></String>
          </TextLine>

          
          
          <TextLine ID="tl_10"
                    TAGREFS="LT227"
                    BASELINE="413 2530 994 2540 1276 2544 1508 2541 2535 2564 2818 2555 3092 2560 3354 2565 3621 2553" 
                    HPOS="413"
                    VPOS="2393"
                    WIDTH="3209"
                    HEIGHT="228">
            <Shape><Polygon POINTS="413 2393 3622 2393 3622 2621 413 2621"/></Shape>
	    <String CONTENT="conſeille pas de s&#39;embarraſſer. Ils ont des oc¬"
                    HPOS="413"
                    VPOS="2393"
                    WIDTH="3209"
                    HEIGHT="228"></String>
          </TextLine>

          
          
          <TextLine ID="tl_11"
                    TAGREFS="LT227"
                    BASELINE="403 2722 1054 2732 1366 2741 2291 2751 2812 2747 3010 2753 3628 2751" 
                    HPOS="403"
                    VPOS="2592"
                    WIDTH="3225"
                    HEIGHT="222">
            <Shape><Polygon POINTS="403 2592 3628 2592 3628 2814 403 2814"/></Shape>
	    <String CONTENT="cupations plus importantes. Qu&#39;ils ſe repoſent"
                    HPOS="403"
                    VPOS="2592"
                    WIDTH="3225"
                    HEIGHT="222"></String>
          </TextLine>

          
          
          <TextLine ID="tl_12"
                    TAGREFS="LT227"
                    BASELINE="399 2914 592 2919 942 2929 1164 2929 1342 2935 1884 2943 2652 2940 2874 2946 3622 2949" 
                    HPOS="398"
                    VPOS="2779"
                    WIDTH="3225"
                    HEIGHT="227">
            <Shape><Polygon POINTS="398 2779 3623 2779 3623 3006 398 3006"/></Shape>
	    <String CONTENT="ſur nous de la fatigue d&#39;éclaircir les difficultez"
                    HPOS="398"
                    VPOS="2779"
                    WIDTH="3225"
                    HEIGHT="227"></String>
          </TextLine>

          
          
          <TextLine ID="tl_13"
                    TAGREFS="LT227"
                    BASELINE="399 3110 554 3109 740 3120 1398 3130 2201 3143 2731 3136 2937 3140 3628 3141" 
                    HPOS="398"
                    VPOS="2975"
                    WIDTH="3230"
                    HEIGHT="224">
            <Shape><Polygon POINTS="398 2975 3628 2975 3628 3199 398 3199"/></Shape>
	    <String CONTENT="de la Poëtique d&#39;Ariſtote. Qu&#39;ils ſe reſervent"
                    HPOS="398"
                    VPOS="2975"
                    WIDTH="3230"
                    HEIGHT="224"></String>
          </TextLine>

          
          
          <TextLine ID="tl_14"
                    TAGREFS="LT227"
                    BASELINE="389 3298 508 3298 1022 3314 1262 3322 1684 3323 2006 3328 2566 3328 3258 3333 3370 3373 3622 3333" 
                    HPOS="389"
                    VPOS="3165"
                    WIDTH="3233"
                    HEIGHT="235">
            <Shape><Polygon POINTS="389 3165 3622 3165 3622 3400 389 3400"/></Shape>
	    <String CONTENT="le plaiſir de pleurer &amp; d&#39;eſtre attendris; Et"
                    HPOS="389"
                    VPOS="3165"
                    WIDTH="3233"
                    HEIGHT="235"></String>
          </TextLine>

          
          
          <TextLine ID="tl_15"
                    TAGREFS="LT227"
                    BASELINE="398 3546 764 3506 1068 3510 1928 3525 2176 3520 2514 3525 2884 3526 3122 3526 3624 3531" 
                    HPOS="398"
                    VPOS="3365"
                    WIDTH="3226"
                    HEIGHT="228">
            <Shape><Polygon POINTS="398 3365 3624 3365 3624 3593 398 3593"/></Shape>
	    <String CONTENT="qu&#39;ils me permettent de leur dire ce qu&#39;un"
                    HPOS="398"
                    VPOS="3365"
                    WIDTH="3226"
                    HEIGHT="228"></String>
          </TextLine>

          
          
          <TextLine ID="tl_16"
                    TAGREFS="LT227"
                    BASELINE="395 3693 1023 3708 1513 3707 1686 3709 2363 3712 2801 3737 3035 3723 3623 3707" 
                    HPOS="394"
                    VPOS="3539"
                    WIDTH="3225"
                    HEIGHT="214">
            <Shape><Polygon POINTS="394 3688 407 3539 453 3571 517 3539 602 3571 673 3539 789 3571 841 3546 874 3571 1184 3571 1236 3539 1333 3539 1379 3571 1411 3539 1767 3571 1851 3539 2020 3539 2162 3546 2201 3578 2525 3552 2557 3578 2706 3578 2738 3546 2848 3578 2900 3546 3017 3578 3146 3578 3218 3546 3250 3578 3373 3578 3528 3552 3600 3565 3619 3701 3567 3753 3457 3727 3399 3753 3360 3720 3250 3753 3127 3720 3043 3720 3010 3753 2551 3753 2389 3714 2272 3753 2059 3753 2033 3720 1884 3740 1838 3714 1793 3740 1683 3714 1657 3740 1528 3707 1385 3714 1353 3740 1282 3714 1230 3746 1133 3707 1029 3707 945 3746 854 3714 764 3733 725 3707 401 3707"/></Shape>
	    <String CONTENT="Muſicien diſoit à Philippe Roy de Mace¬"
                    HPOS="394"
                    VPOS="3539"
                    WIDTH="3225"
                    HEIGHT="214"></String>
          </TextLine>

          
          
          <TextLine ID="tl_17"
                    TAGREFS="LT227"
                    BASELINE="389 3878 766 3892 909 3883 1216 3900 1848 3904 2036 3909 2584 3910 3268 3916 3611 3905" 
                    HPOS="388"
                    VPOS="3714"
                    WIDTH="3218"
                    HEIGHT="239">
            <Shape><Polygon POINTS="388 3876 394 3714 446 3714 537 3753 563 3733 615 3772 692 3746 764 3772 1048 3772 1120 3733 1288 3778 1379 3727 1625 3727 1741 3772 1812 3733 1864 3759 1981 3727 2059 3785 2220 3785 2305 3740 2389 3772 2447 3733 2628 3785 2719 3733 2848 3740 2907 3785 3023 3785 3127 3740 3198 3778 3328 3791 3386 3753 3502 3740 3587 3753 3606 3901 3587 3927 2913 3927 2881 3953 2661 3914 2318 3914 2240 3947 2130 3947 2091 3908 1942 3940 1812 3940 1761 3908 1638 3940 1586 3914 1288 3940 1217 3901 1023 3934 977 3895 938 3934 822 3934 789 3908 517 3914 498 3888 427 3888 394 3921"/></Shape>
	    <String CONTENT="doine, qui prétendoit qu&#39;une Chanſon n&#39;é¬"
                    HPOS="388"
                    VPOS="3714"
                    WIDTH="3218"
                    HEIGHT="239"></String>
          </TextLine>

          
          
          <TextLine ID="tl_18"
                    TAGREFS="LT227"
                    BASELINE="385 4076 624 4081 902 4083 1322 4097 1544 4092 2109 4108 2286 4081 2490 4107 2910 4108 3110 4112 3617 4147" 
                    HPOS="385"
                    VPOS="3944"
                    WIDTH="3233"
                    HEIGHT="226">
            <Shape><Polygon POINTS="385 3944 3618 3944 3618 4170 385 4170"/></Shape>
	    <String CONTENT="toit pas ſelon les Regles.  A Dieu ne plaiſe,"
                    HPOS="385"
                    VPOS="3944"
                    WIDTH="3233"
                    HEIGHT="226"></String>
          </TextLine>

          
          
          <TextLine ID="tl_19"
                    TAGREFS="LT227"
                    BASELINE="374 4263 447 4260 1113 4283 1201 4324 1527 4288 1917 4289 2341 4298 2861 4294 3002 4309 3611 4283" 
                    HPOS="374"
                    VPOS="4140"
                    WIDTH="3237"
                    HEIGHT="225">
            <Shape><Polygon POINTS="374 4140 3611 4140 3611 4365 374 4365"/></Shape>
	    <String CONTENT="„ Seigneur, que vous ſoyez jamais ſi malheu¬"
                    HPOS="374"
                    VPOS="4140"
                    WIDTH="3237"
                    HEIGHT="225"></String>
          </TextLine>

          
          
          <TextLine ID="tl_20"
                    TAGREFS="LT227"
                    BASELINE="379 4456 457 4456 811 4472 1123 4481 1357 4481 1885 4485 2159 4486 2854 4496 3313 4497 3611 4495" 
                    HPOS="378"
                    VPOS="4327"
                    WIDTH="3234"
                    HEIGHT="223">
            <Shape><Polygon POINTS="378 4327 3612 4327 3612 4550 378 4550"/></Shape>
	    <String CONTENT="„ reux que de ſçavoir ces choſes-là mieux que"
                    HPOS="378"
                    VPOS="4327"
                    WIDTH="3234"
                    HEIGHT="223"></String>
          </TextLine>

          
          
          <TextLine ID="tl_21"
                    TAGREFS="LT227"
                    BASELINE="364 4661 865 4679" 
                    HPOS="362"
                    VPOS="4510"
                    WIDTH="499"
                    HEIGHT="207">
            <Shape><Polygon POINTS="362 4659 375 4542 433 4542 466 4510 537 4548 686 4529 712 4555 848 4516 861 4678 835 4697 699 4717 524 4671 369 4684"/></Shape>
	    <String CONTENT="„ moy."
                    HPOS="362"
                    VPOS="4510"
                    WIDTH="499"
                    HEIGHT="207"></String>
          </TextLine>

          
          
          <TextLine ID="tl_22"
                    TAGREFS="LT227"
                    BASELINE="560 4864 958 4865 1282 4870 1464 4875 1746 4874 2052 4907 2152 4880 2450 4879 2562 4880 2786 4881 3604 4921" 
                    HPOS="556"
                    VPOS="4671"
                    WIDTH="3044"
                    HEIGHT="285">
            <Shape><Polygon POINTS="556 4859 576 4704 602 4697 822 4710 887 4678 990 4717 1113 4678 1171 4723 1521 4730 1579 4697 1605 4736 1689 4736 1728 4704 1858 4717 1942 4678 1994 4710 2071 4678 2149 4730 2246 4678 2305 4704 2395 4671 2492 4704 2538 4684 2609 4723 2700 4684 2758 4736 2816 4743 3004 4691 3593 4717 3600 4917 3548 4943 3522 4917 3302 4911 3250 4956 3146 4904 2738 4917 2570 4885 2318 4911 2156 4879 2123 4911 1961 4924 1858 4885 1761 4917 1625 4885 1592 4911 1482 4904 1437 4879 1346 4904 1294 4872 1269 4898 1152 4898 1126 4872 563 4879"/></Shape>
	    <String CONTENT="Voilà tout ce que j&#39;ay à dire à ces Perſonnes,"
                    HPOS="556"
                    VPOS="4671"
                    WIDTH="3044"
                    HEIGHT="285"></String>
          </TextLine>

          
          
          <TextLine ID="tl_23"
                    TAGREFS="LT227"
                    BASELINE="368 5048 454 5048 730 5051 901 5057 1349 5081 1973 5066 2419 5071 2675 5072 3183 5087 3605 5087" 
                    HPOS="362"
                    VPOS="4885"
                    WIDTH="3238"
                    HEIGHT="233">
            <Shape><Polygon POINTS="362 5047 375 4885 459 4885 517 4930 653 4930 789 4885 900 4930 1055 4891 1139 4937 1184 4898 1223 4937 1320 4898 1366 4937 1573 4943 1806 4943 1851 4898 1974 4943 2110 4898 2292 4950 2356 4924 2434 4950 2479 4904 2596 4904 2641 4950 2777 4904 2920 4904 3017 4950 3095 4917 3256 4956 3302 4911 3392 4911 3490 4956 3587 4956 3600 5086 3464 5118 3366 5086 3069 5086 3030 5111 2855 5086 2687 5111 2654 5079 2305 5105 2233 5073 2136 5073 2104 5105 1987 5105 1955 5073 1923 5099 1819 5079 1754 5105 1573 5105 1528 5079 1275 5099 1230 5073 1048 5092 945 5066 757 5092 712 5060 608 5092 511 5092 479 5060 369 5079"/></Shape>
	    <String CONTENT="à qui je feray toujours gloire de plaire. Car"
                    HPOS="362"
                    VPOS="4885"
                    WIDTH="3238"
                    HEIGHT="233"></String>
          </TextLine>

          
          
          <TextLine ID="tl_24"
                    TAGREFS="LT227"
                    BASELINE="364 5296 695 5244 861 5245 1407 5255 1735 5253 2045 5259 2195 5265 2475 5269 2985 5269 3337 5325 3429 5300 3595 5269" 
                    HPOS="364"
                    VPOS="5110"
                    WIDTH="3232"
                    HEIGHT="217">
            <Shape><Polygon POINTS="364 5110 3596 5110 3596 5327 364 5327"/></Shape>
	    <String CONTENT="pour le Libelle que l&#39;on a fait contre moy, je"
                    HPOS="364"
                    VPOS="5110"
                    WIDTH="3232"
                    HEIGHT="217"></String>
          </TextLine>

          
          
          <TextLine ID="tl_25"
                    TAGREFS="LT227"
                    BASELINE="358 5436 678 5436 968 5442 1206 5442 1888 5451 2156 5452 3046 5461 3591 5447" 
                    HPOS="356"
                    VPOS="5280"
                    WIDTH="3231"
                    HEIGHT="207">
            <Shape><Polygon POINTS="356 5435 369 5299 524 5319 556 5286 712 5286 815 5319 887 5280 932 5319 990 5280 1055 5280 1087 5312 1184 5325 1223 5286 1346 5286 1379 5319 1418 5286 1689 5286 1761 5325 1832 5286 1942 5325 2059 5325 2117 5286 2169 5312 2428 5286 2473 5325 2525 5299 2577 5325 2635 5286 2784 5325 3030 5299 3567 5325 3587 5441 3567 5474 3477 5487 3405 5461 3366 5487 3321 5461 3185 5487 3127 5454 2972 5487 2881 5461 2758 5487 2622 5461 1994 5487 1903 5454 1761 5487 1385 5454 1307 5487 1269 5454 1133 5474 1100 5448 524 5480 485 5448 362 5448"/></Shape>
	    <String CONTENT="croy que les Lecteurs me diſpenſeront volon¬"
                    HPOS="356"
                    VPOS="5280"
                    WIDTH="3231"
                    HEIGHT="207"></String>
          </TextLine>

          
          
          <TextLine ID="tl_26"
                    TAGREFS="LT227"
                    BASELINE="358 5623 643 5630 901 5657 1654 5649 1903 5639 2195 5649 3191 5653 3349 5653 3587 5653" 
                    HPOS="356"
                    VPOS="5480"
                    WIDTH="3224"
                    HEIGHT="207">
            <Shape><Polygon POINTS="356 5616 362 5506 407 5480 479 5506 802 5480 874 5506 945 5480 984 5506 1048 5480 1171 5506 1340 5480 1670 5506 1838 5480 1916 5513 1955 5487 2013 5513 2233 5487 2376 5513 3360 5487 3399 5513 3561 5487 3580 5649 3483 5674 3347 5655 3302 5681 3172 5655 3101 5687 2991 5661 2894 5687 2816 5655 2615 5687 2544 5661 2492 5687 2162 5687 2078 5655 2033 5687 1948 5687 1897 5649 1800 5649 1748 5681 1709 5649 1333 5649 1178 5681 984 5655 802 5681 744 5649 569 5649 479 5681 362 5649"/></Shape>
	    <String CONTENT="tiers d&#39;y répondre. Et que répondrois-je à un"
                    HPOS="356"
                    VPOS="5480"
                    WIDTH="3224"
                    HEIGHT="207"></String>
          </TextLine>

          
          
          <TextLine ID="tl_27"
                    TAGREFS="LT227"
                    BASELINE="352 5824 917 5827 1220 5830 1453 5831 1903 5831 2287 5857 2473 5851 2753 5841 2949 5844 3313 5843 3581 5845" 
                    HPOS="352"
                    VPOS="5683"
                    WIDTH="3230"
                    HEIGHT="221">
            <Shape><Polygon POINTS="352 5683 3582 5683 3582 5904 352 5904"/></Shape>
	    <String CONTENT="Homme qui ne penſe rien, &amp; qui ne ſçait pas"
                    HPOS="352"
                    VPOS="5683"
                    WIDTH="3230"
                    HEIGHT="221"></String>
          </TextLine>

          
          
          <TextLine ID="tl_28"
                    TAGREFS="LT227"
                    BASELINE="347 6014 811 6018 1569 6022 1775 6026 2168 6032 2641 6032 2896 6038 3329 6033 3581 6033" 
                    HPOS="346"
                    VPOS="5873"
                    WIDTH="3236"
                    HEIGHT="228">
            <Shape><Polygon POINTS="346 5873 3582 5873 3582 6101 346 6101"/></Shape>
	    <String CONTENT="meſme conſtruire ce qu&#39;il penſe. Il parle de"
                    HPOS="346"
                    VPOS="5873"
                    WIDTH="3236"
                    HEIGHT="228"></String>
          </TextLine>

          
          
          <TextLine ID="tl_29"
                    TAGREFS="LT227"
                    BASELINE="344 6206 845 6215 980 6214 1579 6224 1863 6225 2601 6230 2837 6225 3173 6234 3332 6261 3561 6229" 
                    HPOS="343"
                    VPOS="6037"
                    WIDTH="3211"
                    HEIGHT="304">
            <Shape><Polygon POINTS="343 6205 349 6050 382 6037 498 6082 679 6069 744 6037 822 6076 867 6037 1035 6037 1094 6063 1236 6050 1294 6089 1372 6089 1418 6050 1508 6089 1664 6089 1709 6050 1812 6050 1890 6089 2285 6089 2343 6056 2460 6082 2512 6056 2557 6089 2596 6050 2687 6050 2738 6095 3004 6095 3049 6050 3101 6089 3392 6050 3418 6076 3535 6076 3554 6224 3535 6322 3502 6296 3412 6341 3360 6341 3269 6283 2965 6309 2933 6276 2868 6296 2771 6257 2615 6257 2518 6309 2466 6263 2298 6283 2207 6250 2136 6250 1948 6334 1838 6334 1787 6302 1741 6328 1664 6289 1541 6334 1152 6334 1061 6257 971 6263 880 6315 692 6250 582 6276 537 6244 349 6244"/></Shape>
	    <String CONTENT="Protaſe, comme s’il entendoit ce mot, &amp;"
                    HPOS="343"
                    VPOS="6037"
                    WIDTH="3211"
                    HEIGHT="304"></String>
          </TextLine>

          
        </TextBlock>
        
        <TextBlock HPOS="1139"
                   VPOS="587"
                   WIDTH="1678"
                   HEIGHT="312"
                   ID="eSc_textblock_90c2ed00"
                   TAGREFS="BT640">
          <Shape><Polygon POINTS="1139 587 1139 899 2817 899 2817 623"/></Shape>
          
          
          <TextLine ID="tl_1"
                    TAGREFS="LT227"
                    BASELINE="1259 792 2755 827" 
                    HPOS="1259"
                    VPOS="637"
                    WIDTH="1497"
                    HEIGHT="190">
            <Shape><Polygon POINTS="1259 637 2756 637 2756 827 1259 827"/></Shape>
	    <String CONTENT="PREFACE."
                    HPOS="1259"
                    VPOS="637"
                    WIDTH="1497"
                    HEIGHT="190"></String>
          </TextLine>

          
        </TextBlock>
        

        
      </PrintSpace>
    </Page>
  </Layout>
</alto>
