4267 8061
658 497 228 262 16

1760 456 1243 262 BERENICE.

662 761 2700 178 L’Orient preſque entier va fléchir ſous ſa loy.

667 945 1135 160 Vous la plaignez?

2021 1107 646 123 TITUS

1695 1263 2296 173 Paulin, qu'on vous laiſſe avec moy.

1543 1726 1569 190 SCENE II.

1283 2069 1984 183 TITUS, PAULIN.

1958 2302 681 133 TITUS.

1034 2425 2930 214 E' bien, de mes deſſeins Rome encore incer¬

651 2411 363 390 H

1333 2634 296 117 taine

661 2789 2856 177 Attend que deviendra le deſtin de la Reyne,

660 2959 2811 153 Paulin, & les ſecrets de ſon cœur & du mien

656 3125 2668 130 Sont de tout l’Univers devenus l’entretien.

660 3283 3176 183 Voicy le temps enfin qu'il faut que je m’explique.

656 3457 2998 171 De la Reyne & de moy que dit la voix publique?

651 3625 1749 163 Parlez. Qu’entendez-vous?

1959 3795 798 137 PAULIN.

2241 3950 1414 174 J’entens de tous coſtez

651 4121 2862 165 Publier vos vertus, Seigneur, & ſes beautez.

2026 4293 663 133 TITUS.

646 4439 2966 183 Que dit-on des ſoupirs que je pouſſe pour elle?

646 4613 2762 162 Quel ſuccés attend-on d’un amour ſi fidelle?

1944 4791 786 123 PAULIN.

651 4945 3303 173 Vous pouvez tout. Aimez, ceſſez d’eſtre amoureux;

651 5117 2846 171 La Cour ſera toûjours du party de vos vœux.

1895 5289 664 133 TITUS.

647 5445 2762 174 Et je l’ay veuë auſſi cette Cour peu ſincere,

646 5605 3065 181 A ſes Maiſtres toujours trop ſoigneuſe de plaire,

646 5779 2882 171 Des crimes de Neron approuver les horreurs,

640 5943 2742 180 Je l'ay veuë à genoux conſacrer ſes fureurs.

646 6111 2972 179 Je ne prens point pour Juge une Cour idolâtre;

655 6273 2921 187 Paulin, Je me propoſe un plus ample Theatre;

3653 6447 156 125 Et
