4267 7934
315 798 2709 200 Rome vous vit, Madame, arriver avec, luy.

318 962 2858 208 Dans l'Orient deſert quel devint mon ennuy!

320 1117 2927 219 Je demeuray longtemps errant dans Céſarée,

313 1280 3134 198 Lieux charmans, où mon cœur vous avoit adorée.

313 1452 2629 202 Je vous redemandois à vos triſtes Eſtats,

314 1617 2792 201 Je cherchois en pleurant les traces de vos pas.

325 1779 2669 179 Mais enfin ſuccombant à ma mélancolie,

329 1942 2706 202 Mon deſeſpoir tourna mes pas vers l’Italie.

349 2094 2809 218 Le Sort m'y reſervoit le dernier de ſes coups.

330 2267 2922 171 Titus en m’embraſſant m'amena devant vous.

337 2426 2968 198 Un voile d’amitié vous trompa l'un & l’autre;

361 2588 2818 180 Et mon amour devint le confident du voſtre.

345 2731 3154 231 Mais toujours quelque eſpoir flattoit mes déplaiſirs.

346 2920 2704 202 Rome, Veſpaſien, traverſoient vos ſoûpirs.

355 3080 2964 196 Apres tant de combats Titus cedoit peut-eſtre.

347 3242 2568 202 Veſpaſien eſt mort, & Titus eſt le Maiſtre.

362 3403 3164 219 Que ne fuyois-je alors! J’ay voulu quelques jours

372 3576 2538 198 De ſon nouvel empire examiner le cours.

377 3732 2968 212 Mon ſort eſt accomply. Voſtre gloire s’apreſte.

375 3894 2948 204 Aſſez d'autres ſans moy, témoins de cette Feſte,

376 4054 3200 208 A vos heureux tranſports viendront joindre les leurs.

386 4220 3181 216 Pour moy, qui ne pourrois y meſler que des pleurs,

381 4388 2716 202 D’un inutile amour trop conſtante victime,

381 4536 3278 215 Heureux dans mes malheurs, d’en avoir pû ſans crime,

392 4708 2942 216 Conter toute l’hiſtoire aux yeux qui les ont faits,

381 4874 2818 212 Je pars plus amoureux que je ne fus jamais.

1519 5056 1066 138 BERENICE.

385 5190 2961 216 Seigneur, je n'ay pas crû que dans une journée

392 5356 2436 202 Qui doit avec Céſar unir ma deſtinée,

396 5515 2749 213 Il fuſt quelque Mortel qui puſt impunément

387 5683 2632 201 Se venir à mes yeux déclarer mon Amant.

398 5844 2946 214 Mais de mon Amitié mon ſilence eſt un gage,

402 6006 2952 218 J'oublie en ſa faveur un diſcours qui m'outrage.

435 6173 2698 204 Je n’en ay point troublé le cours injurieux.

401 6325 2762 225 Je fay plus, A regret je reçoy vos adieux.

1362 456 1284 291 TRAGEDIE.

3446 469 238 245 11
