4267 8012
1496 863 831 133 PAULIN.

311 1005 3101 192 Je n'attendois pas moins de cet amour de gloire

304 1177 2717 176 Qui par tout apres vous attacha la Victoire.

303 1339 2709 198 La Judée aſſervie & ſes remparts fumans,

302 1509 2757 168 De cette noble ardeur éternels monumens,

303 1668 2995 193 Me répondoient aller que voſtre grand courage

304 1838 3197 191 Ne voudroit pas, Seigneur, détruire ſon ouvrage,

307 2006 2857 183 Et qu’un Heros vainqueur de tant de Nations

296 2166 3013 187 Sçauroit bien, toſt ou tard, vaincre ſes paſſions.

1617 2352 675 126 TITUS.

307 2497 3232 192 Ah! que ſous de beaux noms cette Gloire eſt cruelle!

313 2665 3228 190 Combien mes triſtes yeux la trouveroient plus belle,

302 2836 2657 189 S’il ne falloit encor qu’affronter le trépas!

313 3000 3189 189 Que dis-je? Cette ardeur que j'ay pour ſes appas,

318 3171 2479 178 Berenice en mon ſein l’a jadis allumée.

313 3333 2757 192 Tu ne l'ignores pas, toûjours la Renommée

322 3501 2793 182 Avec le meſme éclat n’a pas ſemé mon nom,

333 3670 2537 173 Ma jeuneſſe nourrie à la Cour de Néron

330 3823 2803 190 S’égaroit cher Paulin, par l’exemple abuſée,

333 4000 2487 183 Et ſuivoit du plaiſir la pente trop aiſée.

334 4167 3001 176 Berenice me plut. Que ne fait point un Cœur

335 4319 3313 200 Pour plaire à ce qu’il aime, & gagner ſon Vainqueur!

328 4487 3363 202 Je prodiguay mon ſang. Tout fit place à mes armes.

333 4657 3007 188 Je revins triomphant. Mais le ſang & les larmes

344 4824 2897 187 Ne me ſuffiſoient pas pour meriter ſes vœux.

335 4995 2751 180 J’entrepris le bonheur de mille malheureux.

354 5151 2987 194 On vit de toutes parts mes bontez ſe répandre;

349 5319 3351 196 Heureux! & plus heureux que tu ne peux comprendre,

354 5485 2991 194 Quand je pouvois paroiſtre à ſes yeux ſatisfaits

365 5653 3111 198 Chargé de mille cœurs conquis par mes bienfaits.

354 5828 2839 186 Je luy doy tout, Paulin. Recompenſe cruelle

361 5998 2807 185 Tout ce que je luy doy va retomber ſur elle.

370 6163 3095 190 Pour prix de tant de gloire & de tant de vertus,

375 6317 2617 200 Je luy diray, Partez & ne me voyez plus.

2858 6488 315 160 B iij

1399 603 1315 152 TRAGEDIE,

3431 662 153 117 21
