4267 7821
1447 779 998 120 PHENICE,

377 931 3256 168 Comme vous je me perds d’autant plus que j’y penſe.

326 1090 2705 132 Mais ne s’offre-t-il rien à voſtre ſouvenir?

356 1257 2955 168 Qui contre vous, Madame, ait pu le prévenir?

363 1435 1156 141 Voyez, examinez.

1405 1588 1132 126 BERENICE.

1398 1750 1775 154 Helas, tu peux m’en croire;

379 1906 2682 165 Plus je veux du paſſé rappeller la memoire,

373 2062 2582 176 Du jour que je le vis, juſqu’à ce triſte jour,

378 2229 3167 169 Plus je voy qu’on me peut reprocher trop d’amour.

372 2390 2985 148 Mais tu nous entendois. Il ne faut rien me taire.

373 2556 2852 168 Parle. N’ay-je rien dit qui luy puiſſe déplaire?

376 2709 3057 178 Que ſçay-je? J’ay peut-eſtre avec trop de chaleur

378 2876 2478 167 Rabaiſſé ſes préſens, ou blâmé ſa douleur.

382 3036 3011 175 N’eſt-ce point que de Rome il redoute la haine?

383 3199 3122 172 Il craint peut-eſtre, il craint d'épouſer une Reyne.

378 3365 2959 169 Helas! s’il eſtoit vray.... Mais non, il a cent fois

382 3524 2659 144 Raſſuré mon amour contre leurs dures Lois.

383 3685 3096 180 Cent fois.. Ah! Qu’il m’explique un ſilence ſi rude.

372 3850 2455 171 Je ne reſpire pas dans cette incertitude.

372 4012 2944 179 Moy, je vivrois, Phenice, & je pourrois penſer

378 4165 3101 187 Qu'il me neglige, ou bien que j’ay pu l’offenſer?

383 4333 3132 184 Retournons ſur ſes pas. Mais quand je m'examine,

376 4502 2670 173 Je croy de ce deſordre entrevoir l’origine,

396 4650 2539 188 Phénice, il aura ſceu tout ce qui s’eſt paſſé.

391 4824 2630 171 L'amour d’Antiochus l’a peut-eſtre offenſé.

399 4981 2892 183 Il attend, m’a-t-on dit, le Roy de Comagene.

398 5137 2902 190 Ne cherchons point ailleurs le ſujet de ma peine.

382 5305 2909 188 Sans doute ce chagrin qui vient de m’allarmer,

387 5468 2670 187 N’eſt qu’un leger ſoupçon facile à deſarmer.

366 5632 2542 175 Je ne te vante point cette foible victoire,

382 5799 3173 177 Titus. Ah, pluſt au Ciel, que ſans bleſſer ta gloire,

387 5952 2812 186 Un Rival plus puiſſant vouluſt tenter ma foy,

383 6124 3040 179 Et peuſt mettre à mes piez plus d’Empires qu toy,

1386 498 1341 153 TRAGEDIE.

3481 551 194 162 27

2786 6304 256 155 C ij
