4267 8051
236 777 3226 214 Ouvrez les yeux, Seigneur, & ſongeons entre nous

230 949 2727 166 Par combien de raiſons Berenice eſt à vous.

239 1113 3258 208 Puis qu'aujourd’huy Titus ne prétend plus luy plaire,

231 1281 3088 214 Songez que voſtre hymen luy devient neceſſaire.

1241 1461 1293 149 ANTIOCHUS.

241 1638 741 141 Neceſſaire!

1489 1800 839 139 ARSACE.

849 1948 2383 196 A ſes pleurs accordez quelques jours.

256 2113 2902 207 De ſes premiers ſanglots laiſſez paſſer le cours.

258 2284 3010 194 Tout parlera pour vous, le dépit, la vangeance,

266 2444 2918 198 L’abſence de Titus, le temps, voſtre préſence,

268 2605 3245 207 Trois Sceptres, que ſon bras ne peut ſeul ſoutenir,

268 2775 3025 205 Vos deux Eſtats voiſins, qui cherchent à s’unir.

261 2948 2776 188 L'intereſt, la raiſon, l'amitié, tout vous lie.

1183 3126 1320 144 ANTIOCHUS.

261 3275 2734 199 Ah, je reſpire Arſace, & tu me rens la vie.

253 3446 2642 205 J'accepte avec plaiſir un préſage ſi doux.

263 3600 3351 214 Que tardons-nous? Faiſons-ce qu'on attend de nous.

260 3770 3354 210 Entrons chez Berenice; & puis qu’on nous l'ordonne,

266 3948 2750 198 Allons luy déclarer que Titus l'abandonne.

272 4100 3340 208 Mais plutoſt demeurons. Que faiſois-je? Eſt-ce à moy,

272 4282 2598 198 Arſace, à me charger de ce cruel employ?

272 4429 3195 189 Soit vertu ſoit amour, mon cœur s'en effarouche.

272 4611 2885 175 L'aimable Berenice entendroit de ma bouche,

283 4754 3352 230 Qu’on l'abandonne. Ah Reyne! Et qui l’auroit penſé

283 4941 3022 205 Que ce mot duſt jamais vous eſtre prononcé?

1545 5138 936 150 ARSACE.

277 5274 2623 186 La haine ſur Titus tombera toute entiere,

279 5441 3043 209 Seigneur, ſi vous parlez, ce n'eſt qu'à ſa priere.

1221 5636 1323 146 ANTIOCHUS.

288 5767 3208 215 Non, ne la voyons point. Reſpectons ſa douleur.

298 5935 3022 217 Aſſez d’autres viendront luy conter ſon malheur.

308 6123 2264 191 Et ne la crois-tu pas aſſez infortunée

314 6277 2990 209 D’apprendre à quel mépris Titus l’a condannée,

304 6452 2555 194 Sans luy donner encor le déplaiſir fatal

309 6609 2923 216 D'apprendre ce mépris par ſon propre Rival?

1233 518 1395 178 TRAGEDIE.

3413 543 168 208 35
