4267 7783
1460 589 1352 181 PREFACE.

567 807 3199 224 que je n'ay point pouſſé Berenice juſqu’à ſe

562 1007 3205 210 tüer comme Didon, parce que Berenice n’ayant

563 1205 3204 206 pas icy avec Titus les derniers engagemens que

567 1399 3205 202 Didon avoit avec Enée, elle n’eſt pas obligée

558 1591 3218 198 comme elle de renoncer à la vie. A cela prés,

562 1779 3219 202 le dernier Adieu qu’elle dit à Titus, & l'effort

569 1971 3213 214 qu’elle ſe fait pour s’en ſeparer, n’eſt pas le

574 2169 3208 210 moins tragique de la Piece, & j'oſe dire qu’il

568 2363 3209 210 renouvelle aſſez bien dans le cœur des Specta¬

573 2559 3194 206 teurs l'émotion que le reſte y avoit pû exciter.

583 2751 3205 206 Ce n’eſt point une neceſſité qu’il y ait du ſang &

582 2947 3215 206 des morts dans une Tragédie; il ſuffit que l’A¬

589 3139 3208 204 ction en ſoit grande, que les Acteurs en ſoient

579 3329 3219 206 heroïques, que les Paſſions y ſoient excitées,

584 3521 3212 214 & que tout s’y reſſente de cette triſteſſe maje¬

582 3722 3023 207 ſtueuſe qui fait tout le plaiſir de la Tragédie.

735 3923 3073 198 Je crûs que je pourrois rencontrer toutes

594 4111 3218 202 ces parties dans mon ſujet. Mais ce qui m'en

598 4303 3215 212 plût davantage, c’eſt que je le trouvay extré¬

597 4499 3221 204 mement ſimple. Il y avoit long temps que je

594 4689 3224 210 voulois eſſayer ſi je pourrois faire une Tragé¬

588 4885 3235 204 die avec cette ſimplicité d’action qui a eſté ſi

593 5081 3234 208 fort du gouſt des Anciens. Car c’eſt un des pre¬

597 5269 3235 212 „ miers préceptes qu’ils nous ont laiſſez. Que

608 5461 3215 212 „ ce que vous ferez, dit Horace, ſoit toûjours

599 5655 3234 216 „ ſimple, & ne ſoit qu'un. Ils ont admiré

613 5841 3221 222 l'Ajax de Sophocle, qui n’eſt autre choſe qu’A¬

614 6039 3218 216 jax qui ſe tuë de regret, à cauſe de la fureur
