4267 8126
690 622 204 210 22

1713 555 1294 298 BERENICE.

2000 936 832 145 PAULIN.

699 1090 3363 198 Hé quoy, Seigneur, hé quoy? Cette magnificence

699 1260 2972 181 Qui va juſqu'à l’Euphrate étendre ſa puiſſance,

698 1428 3067 176 Tant d’honneurs, dont l’excés a ſurpris le Senat,

704 1600 3126 184 Vous laiſſent-ils encor craindre le nom d’ingrat?

699 1770 3115 164 Sur cent Peuples nouveaux Berenice commande.

1999 1946 710 138 TITUS.

704 2096 2835 187 Foibles amuſemens d’une douleur ſi grande!

688 2268 3014 183 Je connoy Berenice, & ne ſçay que trop bien

699 2436 3115 180 Que ſon cœur n’a jamais demandé que le mien.

687 2600 2974 179 Je l’aimay, je luy plûs. Depuis cette journée,

708 2766 2747 173 (Dois-je dire funeſte, helas! ou fortunée?)

687 2932 2967 187 Sans avoir en aimant d’objet que ſon amour,

693 3102 3010 181 Eſtrangere dans Rome, inconnue à la Cour,

688 3272 3025 177 Elle paſſe ſes jours, Paulin, ſans rien prétendre

682 3440 3358 180 Que quelque heure à me voir, & le reſte à m’attendre.

677 3608 2673 179 Encor ſi quelquefois un peu moins aſſidu

671 3770 2646 182 Je paſſe le moment, où je ſuis attendu,

666 3942 2857 175 Je la revoy bientoſt de pleurs toute trempée.

672 4110 2898 183 Ma main à les ſecher eſt longtemps occupêe.

677 4270 3205 190 Enfin tout ce qu’Amour a de nœuds plus puiſſans,

671 4444 3200 172 Doux reproches, tranſports ſans ceſſe renaiſſans,

666 4612 3125 180 Soin de plaire ſans art, crainte toûjours nouvelle,

672 4778 2888 167 Beauté, Gloire, Vertu, je trouve tout en elle,

661 4950 3031 173 Depuis cinq ans entiers chaque jour je la vois,

667 5114 2946 177 Et croy toûjours la voir pour la premiere fois.

662 5272 3363 210 N'y ſongeons plus. Allons, cher Paulin, plus j’y penſe,

662 5444 2792 181 Plus je ſens chanceler ma cruelle confiance.

655 5618 3031 177 Quelle nouvelle, ô Ciel! je luy vais annoncer!

651 5780 3040 183 Encor un coup, allons, il n’y faut plus penſer.

640 5952 3083 173 Je connoy mon devoir, c’eſt à moy de le ſuivre,

646 6118 2702 186 Je n’examine point ſi j’y pourray ſurvivre.
