4267 7982
656 807 2933 192 Je diſputay longtemps, je fis parler mes yeux.

661 973 3297 182 Mes pleurs & mes ſoûpirs vous ſuivoient en tous lieux.

660 1135 2507 186 Enfin voſtre rigueur emporta la balance,

659 1297 2789 189 Vous ſçeuſtes m'impoſer l'exil, ou le ſilence.

654 1467 2571 178 Il fallut le promettre, & meſme le jurer.

651 1641 2859 176 Mais, puisqu’en ce moment j'oſe me declarer,

644 1797 3059 183 Lors que vous m’arrachiez cette injuſte promeſſe,

655 1961 3059 167 Mon cœur faiſoit ſerment de vous aimer ſans ceſſe.

1720 2169 1109 140 BERENICE.

665 2343 1597 161 Ah! Que me dites-vous?

1704 2517 1333 145 ANTIOCHUS.

2215 2687 1399 170 Je me ſuis tû cinq ans,

645 2837 3004 182 Madame, & vais encor me taire plus longtemps.

780 3005 3000 183 De mon heureux Rival j'accompagnay les armes.

659 3126 2955 246 J'eſperay de verſer mon ſang apres mes larmes,

660 3331 3297 190 Ou qu'au moins juſqu'à vous porté par mille exploits,

645 3493 3109 181 Mon nom pourroit parler, au défaut de ma voix.

640 3653 2797 183 Le Ciel ſembla promettre une fin à ma peine.

655 3821 3147 177 Vous pleuraſtes ma mort, helas! trop peu certaine.

644 3987 2653 172 Inutiles périls! Quelle eſtoit mon erreur!

645 4151 2461 175 La valeur de Titus ſurpaſſoit ma fureur.

638 4309 2611 184 Il faut qu’à ſa vertu mon eſtime réponde.

649 4481 3174 182 Quoy qu'attendu, Madame, à l’Empire du Monde,

654 4641 2509 174 Chery de l'Univers, enfin aimé de vous;

644 4801 2766 181 Il ſembloit à luy ſeul appeller tous les coups,

639 4928 2742 227 Tandis que ſans eſpoir, haï, laſſé de vivre,

640 5131 2975 180 Son malheureux Rival ne ſembloit que le ſuivre.

789 5295 2835 182 Je voy que voſtre cœur m’applaudit en ſecret,

634 5461 2985 182 Je voy que l'on m’écoute avec moins de regret,

651 5623 2449 175 Et que trop attentive à ce recit funeſte,

650 5787 2767 171 En faveur de Titus vous pardonnez le reſte.

773 5949 2577 183 Enfin apres un ſiege auſſi cruel que lent,

644 6115 2771 181 Il domta les mutins, reſte pâle & ſanglant

649 6279 2903 166 Des flâmes, de la faim, des fureurs inteſtines,

660 6445 2949 176 Et laiſſa leurs remparts cachez ſous leurs ruïnes.

1637 458 1252 293 BERENICE.

665 512 147 226 10
