<?xml version="1.0" encoding="UTF-8"?>
<alto xmlns:xsi="http://www.w3.org/2001/XMLSchema-instance"
      xmlns="http://www.loc.gov/standards/alto/ns-v4#"
      xsi:schemaLocation="http://www.loc.gov/standards/alto/ns-v4# https://gitlab.inria.fr/scripta/escriptorium/-/raw/develop/app/escriptorium/static/alto-4-1-baselines.xsd">
  <Description>
    <MeasurementUnit>pixel</MeasurementUnit>
    <sourceImageInformation>
      <fileName>Racine1676_Oeuvres_bpt6k990581p_corrected_0039.png</fileName>
    </sourceImageInformation>
  </Description>
  
  <Tags>
    <OtherTag ID="BT1" LABEL="Title" DESCRIPTION="block type Title"/><OtherTag ID="BT2" LABEL="Main" DESCRIPTION="block type Main"/><OtherTag ID="BT633" LABEL="Damage" DESCRIPTION="block type Damage"/><OtherTag ID="BT634" LABEL="Decoration" DESCRIPTION="block type Decoration"/><OtherTag ID="BT635" LABEL="DropCapital" DESCRIPTION="block type DropCapital"/><OtherTag ID="BT636" LABEL="Figure" DESCRIPTION="block type Figure"/><OtherTag ID="BT637" LABEL="Margin" DESCRIPTION="block type Margin"/><OtherTag ID="BT638" LABEL="MusicNotation" DESCRIPTION="block type MusicNotation"/><OtherTag ID="BT639" LABEL="Numbering" DESCRIPTION="block type Numbering"/><OtherTag ID="BT640" LABEL="RunningTitle" DESCRIPTION="block type RunningTitle"/><OtherTag ID="BT641" LABEL="Seal" DESCRIPTION="block type Seal"/><OtherTag ID="BT642" LABEL="Signatures" DESCRIPTION="block type Signatures"/><OtherTag ID="BT643" LABEL="Stamp" DESCRIPTION="block type Stamp"/><OtherTag ID="BT644" LABEL="Table" DESCRIPTION="block type Table"/>
    <OtherTag ID="LT227" LABEL="Default" DESCRIPTION="line type Default"/><OtherTag ID="LT228" LABEL="DropCapitalLine" DESCRIPTION="line type DropCapitalLine"/><OtherTag ID="LT229" LABEL="MusicLine" DESCRIPTION="line type MusicLine"/><OtherTag ID="LT230" LABEL="Interlinear" DESCRIPTION="line type Interlinear"/><OtherTag ID="LT231" LABEL="Rubric" DESCRIPTION="line type Rubric"/>
  </Tags>
  
  <Layout>
    <Page WIDTH="4267"
          HEIGHT="7939"
          PHYSICAL_IMG_NR="27"
          ID="eSc_dummypage_">
      <PrintSpace HPOS="0"
                  VPOS="0"
                  WIDTH="4267"
                  HEIGHT="7939">
        
        <TextBlock HPOS="2625"
                   VPOS="2301"
                   WIDTH="300"
                   HEIGHT="240"
                   ID="eSc_textblock_8830196b"
                   TAGREFS="BT633">
          <Shape><Polygon POINTS="2625 2301 2625 2541 2925 2541 2925 2301"/></Shape>
          
        </TextBlock>
        
        <TextBlock HPOS="3044"
                   VPOS="5861"
                   WIDTH="156"
                   HEIGHT="180"
                   ID="eSc_textblock_d9790fe7"
                   TAGREFS="BT633">
          <Shape><Polygon POINTS="3044 5861 3044 6041 3200 6041 3200 5861"/></Shape>
          
        </TextBlock>
        
        <TextBlock HPOS="276"
                   VPOS="815"
                   WIDTH="3428"
                   HEIGHT="5789"
                   ID="eSc_textblock_97d5bafe"
                   TAGREFS="BT2">
          <Shape><Polygon POINTS="276 815 300 6604 3644 6592 3704 827"/></Shape>
          
          
          <TextLine ID="tl_2"
                    TAGREFS="LT227"
                    BASELINE="342 968 476 962 782 962 1256 967 1758 972 1886 972 2032 973 2362 973 2616 972 3272 1009" 
                    HPOS="342"
                    VPOS="836"
                    WIDTH="2930"
                    HEIGHT="176">
            <Shape><Polygon POINTS="342 836 3272 836 3272 1012 342 1012"/></Shape>
	    <String CONTENT="Et ſans preſter l’oreille à la voix des Flatteurs,"
                    HPOS="342"
                    VPOS="836"
                    WIDTH="2930"
                    HEIGHT="176"></String>
          </TextLine>

          
          
          <TextLine ID="tl_3"
                    TAGREFS="LT227"
                    BASELINE="336 1163 385 1163 471 1128 807 1126 1045 1132 1465 1138 1943 1137 2511 1138 2791 1137 2993 1137 3547 1179" 
                    HPOS="336"
                    VPOS="1012"
                    WIDTH="3211"
                    HEIGHT="167">
            <Shape><Polygon POINTS="336 1012 3547 1012 3547 1179 336 1179"/></Shape>
	    <String CONTENT="Je veux par voſtre bouche entendre tous les Cœurs."
                    HPOS="336"
                    VPOS="1012"
                    WIDTH="3211"
                    HEIGHT="167"></String>
          </TextLine>

          
          
          <TextLine ID="tl_4"
                    TAGREFS="LT227"
                    BASELINE="341 1288 648 1287 880 1293 1262 1293 1774 1298 2002 1303 2472 1303 2632 1304 2812 1303 3278 1314" 
                    HPOS="341"
                    VPOS="1182"
                    WIDTH="2937"
                    HEIGHT="159">
            <Shape><Polygon POINTS="341 1182 3278 1182 3278 1341 341 1341"/></Shape>
	    <String CONTENT="Vous me l’avez promis. Le reſpect &amp; la crainte"
                    HPOS="341"
                    VPOS="1182"
                    WIDTH="2937"
                    HEIGHT="159"></String>
          </TextLine>

          
          
          <TextLine ID="tl_5"
                    TAGREFS="LT227"
                    BASELINE="341 1454 865 1453 1302 1461 1484 1464 1814 1504 1978 1467 2486 1467 2605 1468 2766 1467 3281 1496" 
                    HPOS="341"
                    VPOS="1345"
                    WIDTH="2941"
                    HEIGHT="167">
            <Shape><Polygon POINTS="341 1345 3282 1345 3282 1512 341 1512"/></Shape>
	    <String CONTENT="Ferment autour de moy le paſſage à la plainte."
                    HPOS="341"
                    VPOS="1345"
                    WIDTH="2941"
                    HEIGHT="167"></String>
          </TextLine>

          
          
          <TextLine ID="tl_6"
                    TAGREFS="LT227"
                    BASELINE="332 1616 621 1619 1025 1628 1623 1629 2092 1660 2239 1630 2573 1634 3153 1639 3606 1690" 
                    HPOS="332"
                    VPOS="1504"
                    WIDTH="3274"
                    HEIGHT="186">
            <Shape><Polygon POINTS="332 1504 3606 1504 3606 1690 332 1690"/></Shape>
	    <String CONTENT="Pour mieux voir, cher Paulin, &amp; pour entendre mieux,"
                    HPOS="332"
                    VPOS="1504"
                    WIDTH="3274"
                    HEIGHT="186"></String>
          </TextLine>

          
          
          <TextLine ID="tl_7"
                    TAGREFS="LT227"
                    BASELINE="331 1825 466 1780 802 1788 932 1789 1014 1836 1640 1789 1904 1793 2481 1819 2736 1795 3111 1820" 
                    HPOS="331"
                    VPOS="1668"
                    WIDTH="2780"
                    HEIGHT="171">
            <Shape><Polygon POINTS="331 1668 3111 1668 3111 1839 331 1839"/></Shape>
	    <String CONTENT="Je vous ay demandé des oreilles, des yeux."
                    HPOS="331"
                    VPOS="1668"
                    WIDTH="2780"
                    HEIGHT="171"></String>
          </TextLine>

          
          
          <TextLine ID="tl_8"
                    TAGREFS="LT227"
                    BASELINE="326 1985 571 1991 845 1955 1335 1961 1459 1960 1645 1959 1935 1959 2291 1960 2735 1965 3230 1997" 
                    HPOS="326"
                    VPOS="1814"
                    WIDTH="2904"
                    HEIGHT="184">
            <Shape><Polygon POINTS="326 1814 3230 1814 3230 1998 326 1998"/></Shape>
	    <String CONTENT="J’ay mis meſme à ce prix mon amitié ſecrete,"
                    HPOS="326"
                    VPOS="1814"
                    WIDTH="2904"
                    HEIGHT="184"></String>
          </TextLine>

          
          
          <TextLine ID="tl_9"
                    TAGREFS="LT227"
                    BASELINE="325 2149 574 2155 983 2124 1248 2125 1484 2120 1956 2125 2270 2124 2410 2125 2674 2125 3406 2140 3480 2171" 
                    HPOS="325"
                    VPOS="1994"
                    WIDTH="3155"
                    HEIGHT="183">
            <Shape><Polygon POINTS="325 1994 3480 1994 3480 2177 325 2177"/></Shape>
	    <String CONTENT="J’ay voulu que des Cœurs vous fuſſiez l’Interprete,"
                    HPOS="325"
                    VPOS="1994"
                    WIDTH="3155"
                    HEIGHT="183"></String>
          </TextLine>

          
          
          <TextLine ID="tl_10"
                    TAGREFS="LT227"
                    BASELINE="335 2300 730 2284 1190 2295 1432 2290 1976 2289 2404 2289 2963 2294" 
                    HPOS="335"
                    VPOS="2152"
                    WIDTH="2628"
                    HEIGHT="150">
            <Shape><Polygon POINTS="335 2152 2963 2152 2963 2302 335 2302"/></Shape>
	    <String CONTENT="Qu’au travers des Flatteurs voſtre ſincerité"
                    HPOS="335"
                    VPOS="2152"
                    WIDTH="2628"
                    HEIGHT="150"></String>
          </TextLine>

          
          
          <TextLine ID="tl_11"
                    TAGREFS="LT227"
                    BASELINE="330 2435 555 2441 1132 2457 1607 2455 1922 2501 2324 2450 2480 2455 2946 2480" 
                    HPOS="330"
                    VPOS="2319"
                    WIDTH="2616"
                    HEIGHT="184">
            <Shape><Polygon POINTS="330 2319 2946 2319 2946 2503 330 2503"/></Shape>
	    <String CONTENT="Fiſt toûjours juſqu&#39;à moy paſſer la Verité."
                    HPOS="330"
                    VPOS="2319"
                    WIDTH="2616"
                    HEIGHT="184"></String>
          </TextLine>

          
          
          <TextLine ID="tl_12"
                    TAGREFS="LT227"
                    BASELINE="331 2596 705 2604 1093 2640 1447 2620 1870 2616 2115 2620 2687 2627 3091 2626 3173 2631" 
                    HPOS="331"
                    VPOS="2488"
                    WIDTH="2842"
                    HEIGHT="181">
            <Shape><Polygon POINTS="331 2488 3173 2488 3173 2669 331 2669"/></Shape>
	    <String CONTENT="Parlez donc. Que faut-il que Berenice eſpere?"
                    HPOS="331"
                    VPOS="2488"
                    WIDTH="2842"
                    HEIGHT="181"></String>
          </TextLine>

          
          
          <TextLine ID="tl_13"
                    TAGREFS="LT227"
                    BASELINE="330 2766 710 2770 946 2821 1546 2786 2316 2816 2518 2786 2848 2786 3022 2793" 
                    HPOS="330"
                    VPOS="2648"
                    WIDTH="2694"
                    HEIGHT="187">
            <Shape><Polygon POINTS="330 2648 3024 2648 3024 2835 330 2835"/></Shape>
	    <String CONTENT="Rome luy ſera-t&#39;elle indulgente, ou ſevere?"
                    HPOS="330"
                    VPOS="2648"
                    WIDTH="2694"
                    HEIGHT="187"></String>
          </TextLine>

          
          
          <TextLine ID="tl_14"
                    TAGREFS="LT227"
                    BASELINE="333 2932 813 2941 1225 2949 1747 2946 1929 2945 2387 2951 2617 2950 3061 2956" 
                    HPOS="333"
                    VPOS="2820"
                    WIDTH="2728"
                    HEIGHT="179">
            <Shape><Polygon POINTS="333 2820 3061 2820 3061 2999 333 2999"/></Shape>
	    <String CONTENT="Dois-je croire qu’aſſiſe au Trône des Céſars"
                    HPOS="333"
                    VPOS="2820"
                    WIDTH="2728"
                    HEIGHT="179"></String>
          </TextLine>

          
          
          <TextLine ID="tl_15"
                    TAGREFS="LT227"
                    BASELINE="326 3102 596 3101 726 3106 1034 3116 1454 3118 2012 3105 2208 3112 2662 3121 2796 3127" 
                    HPOS="325"
                    VPOS="2968"
                    WIDTH="2471"
                    HEIGHT="196">
            <Shape><Polygon POINTS="325 2968 2796 2968 2796 3164 325 3164"/></Shape>
	    <String CONTENT="Une ſi belle Reyne offenſaſt ſes regards?"
                    HPOS="325"
                    VPOS="2968"
                    WIDTH="2471"
                    HEIGHT="196"></String>
          </TextLine>

          
          
          <TextLine ID="tl_16"
                    TAGREFS="LT227"
                    BASELINE="1550 3277 2409 3299" 
                    HPOS="1550"
                    VPOS="3129"
                    WIDTH="859"
                    HEIGHT="170">
            <Shape><Polygon POINTS="1550 3129 2409 3129 2409 3299 1550 3299"/></Shape>
	    <String CONTENT="PAULIN."
                    HPOS="1550"
                    VPOS="3129"
                    WIDTH="859"
                    HEIGHT="170"></String>
          </TextLine>

          
          
          <TextLine ID="tl_17"
                    TAGREFS="LT227"
                    BASELINE="331 3432 653 3431 1097 3442 1521 3462 2167 3463 2527 3438 2915 3446 3101 3452 3613 3488" 
                    HPOS="331"
                    VPOS="3310"
                    WIDTH="3282"
                    HEIGHT="184">
            <Shape><Polygon POINTS="331 3310 3613 3310 3613 3494 331 3494"/></Shape>
	    <String CONTENT="N’en doutez point, Seigneur. Soit raiſon ou caprice,"
                    HPOS="331"
                    VPOS="3310"
                    WIDTH="3282"
                    HEIGHT="184"></String>
          </TextLine>

          
          
          <TextLine ID="tl_18"
                    TAGREFS="LT227"
                    BASELINE="325 3596 704 3598 916 3601 1416 3607 1820 3602 2140 3607 2408 3607 3249 3627" 
                    HPOS="325"
                    VPOS="3480"
                    WIDTH="2924"
                    HEIGHT="171">
            <Shape><Polygon POINTS="325 3480 3249 3480 3249 3651 325 3651"/></Shape>
	    <String CONTENT="Rome ne l’attend point pour ſon Imperatrice."
                    HPOS="325"
                    VPOS="3480"
                    WIDTH="2924"
                    HEIGHT="171"></String>
          </TextLine>

          
          
          <TextLine ID="tl_19"
                    TAGREFS="LT227"
                    BASELINE="324 3758 525 3757 829 3761 1251 3771 1459 3772 2186 3793 2435 3769 2601 3772 2735 3787 3087 3778 3509 3787" 
                    HPOS="324"
                    VPOS="3642"
                    WIDTH="3185"
                    HEIGHT="174">
            <Shape><Polygon POINTS="324 3642 3509 3642 3509 3816 324 3816"/></Shape>
	    <String CONTENT="On ſçait qu’elle eſt charmante. Et de ſi belles mains"
                    HPOS="324"
                    VPOS="3642"
                    WIDTH="3185"
                    HEIGHT="174"></String>
          </TextLine>

          
          
          <TextLine ID="tl_20"
                    TAGREFS="LT227"
                    BASELINE="315 3923 902 3923 1212 3933 1872 3932 2468 3937 2694 3933 3349 3968" 
                    HPOS="314"
                    VPOS="3802"
                    WIDTH="3035"
                    HEIGHT="177">
            <Shape><Polygon POINTS="314 3802 3349 3802 3349 3979 314 3979"/></Shape>
	    <String CONTENT="Semblent vous demander l’Empire des Humains."
                    HPOS="314"
                    VPOS="3802"
                    WIDTH="3035"
                    HEIGHT="177"></String>
          </TextLine>

          
          
          <TextLine ID="tl_21"
                    TAGREFS="LT227"
                    BASELINE="329 4084 554 4083 662 4084 1118 4103 1189 4129 1614 4103 1707 4133 1846 4102 2228 4100 2600 4102 3281 4130" 
                    HPOS="329"
                    VPOS="3971"
                    WIDTH="2952"
                    HEIGHT="164">
            <Shape><Polygon POINTS="329 3971 3281 3971 3281 4135 329 4135"/></Shape>
	    <String CONTENT="Elle a meſme, dit-on, le cœur d’une Romaine."
                    HPOS="329"
                    VPOS="3971"
                    WIDTH="2952"
                    HEIGHT="164"></String>
          </TextLine>

          
          
          <TextLine ID="tl_22"
                    TAGREFS="LT227"
                    BASELINE="324 4252 549 4249 669 4252 1015 4262 1464 4284 1873 4262 1948 4303 2620 4300 2859 4268 3065 4274 3546 4269" 
                    HPOS="324"
                    VPOS="4133"
                    WIDTH="3222"
                    HEIGHT="187">
            <Shape><Polygon POINTS="324 4133 3546 4133 3546 4320 324 4320"/></Shape>
	    <String CONTENT="Elle a mille vertus. Mais, Seigneur, elle eſt Reyne."
                    HPOS="324"
                    VPOS="4133"
                    WIDTH="3222"
                    HEIGHT="187"></String>
          </TextLine>

          
          
          <TextLine ID="tl_23"
                    TAGREFS="LT227"
                    BASELINE="319 4414 755 4454 1014 4428 1282 4431 1572 4474 1655 4461 1908 4433 2110 4432 2280 4428 2594 4428 3241 4475" 
                    HPOS="319"
                    VPOS="4292"
                    WIDTH="2922"
                    HEIGHT="198">
            <Shape><Polygon POINTS="319 4292 3241 4292 3241 4490 319 4490"/></Shape>
	    <String CONTENT="Rome, par une Loy, qui ne ſe peut changer,"
                    HPOS="319"
                    VPOS="4292"
                    WIDTH="2922"
                    HEIGHT="198"></String>
          </TextLine>

          
          
          <TextLine ID="tl_24"
                    TAGREFS="LT227"
                    BASELINE="324 4580 871 4589 1200 4593 1452 4594 1758 4646 2182 4593 2502 4642 3064 4604 3188 4641" 
                    HPOS="324"
                    VPOS="4458"
                    WIDTH="2864"
                    HEIGHT="190">
            <Shape><Polygon POINTS="324 4458 3188 4458 3188 4648 324 4648"/></Shape>
	    <String CONTENT="N&#39;admet avec ſon ſang aucun ſang étranger,"
                    HPOS="324"
                    VPOS="4458"
                    WIDTH="2864"
                    HEIGHT="190"></String>
          </TextLine>

          
          
          <TextLine ID="tl_25"
                    TAGREFS="LT227"
                    BASELINE="317 4739 458 4738 647 4749 1366 4753 1757 4758 1955 4759 2311 4758 3049 4802" 
                    HPOS="317"
                    VPOS="4632"
                    WIDTH="2732"
                    HEIGHT="175">
            <Shape><Polygon POINTS="317 4632 3049 4632 3049 4807 317 4807"/></Shape>
	    <String CONTENT="Et ne reconnoiſt point les fruits illégitimes,"
                    HPOS="317"
                    VPOS="4632"
                    WIDTH="2732"
                    HEIGHT="175"></String>
          </TextLine>

          
          
          <TextLine ID="tl_26"
                    TAGREFS="LT227"
                    BASELINE="315 4934 557 4909 1085 4920 1401 4919 1913 4925 2521 4926 2653 4925 2845 4924 3487 4951" 
                    HPOS="315"
                    VPOS="4792"
                    WIDTH="3173"
                    HEIGHT="175">
            <Shape><Polygon POINTS="315 4792 3488 4792 3488 4967 315 4967"/></Shape>
	    <String CONTENT="Qui naiſſent d’un Hymen contraire à ſes maximes."
                    HPOS="315"
                    VPOS="4792"
                    WIDTH="3173"
                    HEIGHT="175"></String>
          </TextLine>

          
          
          <TextLine ID="tl_27"
                    TAGREFS="LT227"
                    BASELINE="310 5064 994 5116 1324 5081 1464 5086 1970 5115 2166 5085 2842 5090 3038 5096 3428 5127" 
                    HPOS="310"
                    VPOS="4958"
                    WIDTH="3118"
                    HEIGHT="179">
            <Shape><Polygon POINTS="310 4958 3428 4958 3428 5137 310 5137"/></Shape>
	    <String CONTENT="D’ailleurs, vous le ſçavez, en banniſſant ſes Rois,"
                    HPOS="310"
                    VPOS="4958"
                    WIDTH="3118"
                    HEIGHT="179"></String>
          </TextLine>

          
          
          <TextLine ID="tl_28"
                    TAGREFS="LT227"
                    BASELINE="315 5234 693 5240 813 5241 983 5246 1323 5245 1479 5246 1893 5251 2129 5250 2273 5254 2599 5254 3245 5291" 
                    HPOS="315"
                    VPOS="5118"
                    WIDTH="2930"
                    HEIGHT="173">
            <Shape><Polygon POINTS="315 5118 3245 5118 3245 5291 315 5291"/></Shape>
	    <String CONTENT="Rome à ce nom ſi noble &amp; ſi ſaint autrefois,"
                    HPOS="315"
                    VPOS="5118"
                    WIDTH="2930"
                    HEIGHT="173"></String>
          </TextLine>

          
          
          <TextLine ID="tl_29"
                    TAGREFS="LT227"
                    BASELINE="316 5396 798 5408 1148 5413 1592 5415 1862 5414 2248 5436 2848 5420 2920 5462" 
                    HPOS="316"
                    VPOS="5283"
                    WIDTH="2604"
                    HEIGHT="179">
            <Shape><Polygon POINTS="316 5283 2920 5283 2920 5462 316 5462"/></Shape>
	    <String CONTENT="Attacha pour jamais une haine puiſſante;"
                    HPOS="316"
                    VPOS="5283"
                    WIDTH="2604"
                    HEIGHT="179"></String>
          </TextLine>

          
          
          <TextLine ID="tl_30"
                    TAGREFS="LT227"
                    BASELINE="311 5559 451 5556 807 5613 1113 5579 1309 5575 1737 5580 2229 5612 2931 5622" 
                    HPOS="311"
                    VPOS="5450"
                    WIDTH="2620"
                    HEIGHT="179">
            <Shape><Polygon POINTS="311 5450 2931 5450 2931 5629 311 5629"/></Shape>
	    <String CONTENT="Et quoy qu&#39;à ſes Céſars fidelle, obeïſſante,"
                    HPOS="311"
                    VPOS="5450"
                    WIDTH="2620"
                    HEIGHT="179"></String>
          </TextLine>

          
          
          <TextLine ID="tl_31"
                    TAGREFS="LT227"
                    BASELINE="319 5724 642 5731 1014 5746 1097 5776 1690 5745 1777 5772 2110 5744 2290 5746 2444 5745 2808 5750 2889 5776" 
                    HPOS="319"
                    VPOS="5614"
                    WIDTH="2571"
                    HEIGHT="178">
            <Shape><Polygon POINTS="319 5614 2890 5614 2890 5792 319 5792"/></Shape>
	    <String CONTENT="Cette haine, Seigneur, reſte de ſa fierté,"
                    HPOS="319"
                    VPOS="5614"
                    WIDTH="2571"
                    HEIGHT="178"></String>
          </TextLine>

          
          
          <TextLine ID="tl_32"
                    TAGREFS="LT227"
                    BASELINE="306 5891 688 5906 1004 5910 1318 5907 1506 5906 1968 5905 2322 5906 2460 5905 2951 5934" 
                    HPOS="306"
                    VPOS="5780"
                    WIDTH="2645"
                    HEIGHT="167">
            <Shape><Polygon POINTS="306 5780 2951 5780 2951 5947 306 5947"/></Shape>
	    <String CONTENT="Survit dans tous les cœurs apres la liberté."
                    HPOS="306"
                    VPOS="5780"
                    WIDTH="2645"
                    HEIGHT="167"></String>
          </TextLine>

          
          
          <TextLine ID="tl_33"
                    TAGREFS="LT227"
                    BASELINE="300 6091 587 6061 663 6092 901 6077 1031 6082 1571 6077 1723 6077 2201 6076 2331 6076 2539 6078 2957 6081 3019 6108" 
                    HPOS="300"
                    VPOS="5934"
                    WIDTH="2719"
                    HEIGHT="191">
            <Shape><Polygon POINTS="300 5934 3019 5934 3019 6125 300 6125"/></Shape>
	    <String CONTENT="Jules, qui le premier la foûmit à ſes armes,"
                    HPOS="300"
                    VPOS="5934"
                    WIDTH="2719"
                    HEIGHT="191"></String>
          </TextLine>

          
          
          <TextLine ID="tl_34"
                    TAGREFS="LT227"
                    BASELINE="309 6242 556 6225 716 6226 1020 6242 1222 6237 1520 6238 1858 6236 2010 6237 2364 6237 2600 6246 3190 6247" 
                    HPOS="309"
                    VPOS="6102"
                    WIDTH="2976"
                    HEIGHT="181">
            <Shape><Polygon POINTS="309 6102 3283 6104 3285 6283 311 6281"/></Shape>
	    <String CONTENT="Qui fit taire les Lois dans le bruit des allarmes,"
                    HPOS="309"
                    VPOS="6102"
                    WIDTH="2976"
                    HEIGHT="181"></String>
          </TextLine>

          
          
          <TextLine ID="tl_35"
                    TAGREFS="LT227"
                    BASELINE="310 6365 637 6391 959 6408 1625 6403 1696 6437 1851 6406 2139 6401 2291 6402 2839 6416 2920 6446" 
                    HPOS="310"
                    VPOS="6262"
                    WIDTH="2610"
                    HEIGHT="186">
            <Shape><Polygon POINTS="310 6262 2920 6262 2920 6448 310 6448"/></Shape>
	    <String CONTENT="Brûla pour Cleopatre, &amp; ſans ſe déclarer,"
                    HPOS="310"
                    VPOS="6262"
                    WIDTH="2610"
                    HEIGHT="186"></String>
          </TextLine>

          
          
          <TextLine ID="tl_36"
                    TAGREFS="LT227"
                    BASELINE="305 6541 626 6561 944 6577 1030 6582 1494 6578 1656 6583 2024 6565 2605 6598" 
                    HPOS="304"
                    VPOS="6426"
                    WIDTH="2301"
                    HEIGHT="182">
            <Shape><Polygon POINTS="2604 6608 304 6608 304 6426 2605 6426 2605 6593"/></Shape>
	    <String CONTENT="Seule dans l&#39;Orient la laiſſa ſoupirer."
                    HPOS="304"
                    VPOS="6426"
                    WIDTH="2301"
                    HEIGHT="182"></String>
          </TextLine>

          
        </TextBlock>
        
        <TextBlock HPOS="1306"
                   VPOS="539"
                   WIDTH="1391"
                   HEIGHT="276"
                   ID="eSc_textblock_7947bb21"
                   TAGREFS="BT640">
          <Shape><Polygon POINTS="1306 539 1306 815 2697 815 2697 539"/></Shape>
          
          
          <TextLine ID="tl_1"
                    TAGREFS="LT227"
                    BASELINE="1344 765 2481 756 2733 770" 
                    HPOS="1338"
                    VPOS="529"
                    WIDTH="1391"
                    HEIGHT="297">
            <Shape><Polygon POINTS="1338 760 1345 568 1716 582 1841 529 2007 568 2060 529 2213 529 2266 568 2365 549 2425 575 2464 535 2544 535 2623 582 2709 582 2729 767 2709 793 2557 793 2497 826 2425 793 2345 826 2226 807 2126 826 2100 800 2027 826 1702 800 1663 826 1610 793 1576 826 1477 826 1444 793 1345 826"/></Shape>
	    <String CONTENT="TRAGEDIE."
                    HPOS="1338"
                    VPOS="529"
                    WIDTH="1391"
                    HEIGHT="297"></String>
          </TextLine>

          
        </TextBlock>
        
        <TextBlock HPOS="3428"
                   VPOS="623"
                   WIDTH="216"
                   HEIGHT="264"
                   ID="eSc_textblock_4c449480"
                   TAGREFS="BT639">
          <Shape><Polygon POINTS="3428 623 3428 887 3644 887 3644 623"/></Shape>
          
          
          <TextLine ID="eSc_line_099fa863"
                    TAGREFS="LT227"
                    BASELINE="3428 807 3613 817" 
                    HPOS="3425"
                    VPOS="615"
                    WIDTH="186"
                    HEIGHT="231">
            <Shape><Polygon POINTS="3425 800 3452 615 3478 648 3544 654 3611 628 3611 813 3577 846 3518 820 3432 833"/></Shape>
	    <String CONTENT="17"
                    HPOS="3425"
                    VPOS="615"
                    WIDTH="186"
                    HEIGHT="231"></String>
          </TextLine>

          
        </TextBlock>
        
        <TextBlock HPOS="1774"
                   VPOS="6616"
                   WIDTH="731"
                   HEIGHT="156"
                   ID="eSc_textblock_ae8eeb79"
                   TAGREFS="BT640">
          <Shape><Polygon POINTS="1774 6772 1774 6616 2469 6616 2505 6772"/></Shape>
          
          
          <TextLine ID="tl_37"
                    TAGREFS="LT227"
                    BASELINE="1817 6743 2202 6738 2491 6742 2528 6741" 
                    HPOS="1815"
                    VPOS="6595"
                    WIDTH="709"
                    HEIGHT="259">
            <Shape><Polygon POINTS="1815 6741 1835 6595 1928 6595 1961 6629 2266 6629 2451 6595 2504 6615 2524 6734 2511 6794 2312 6794 2259 6840 2166 6807 2040 6854 1828 6854"/></Shape>
	    <String CONTENT="Tome II."
                    HPOS="1815"
                    VPOS="6595"
                    WIDTH="709"
                    HEIGHT="259"></String>
          </TextLine>

          
        </TextBlock>
        
        <TextBlock HPOS="2889"
                   VPOS="6616"
                   WIDTH="131"
                   HEIGHT="156"
                   ID="eSc_textblock_d99aadde"
                   TAGREFS="BT642">
          <Shape><Polygon POINTS="3020 6772 3020 6616 2889 6616 2889 6772"/></Shape>
          
          
          <TextLine ID="eSc_line_ab62e341"
                    TAGREFS="LT227"
                    BASELINE="2911 6736 3041 6734" 
                    HPOS="2908"
                    VPOS="6523"
                    WIDTH="119"
                    HEIGHT="297">
            <Shape><Polygon POINTS="2908 6734 2908 6536 3008 6523 3027 6801 2928 6820"/></Shape>
	    <String CONTENT="B"
                    HPOS="2908"
                    VPOS="6523"
                    WIDTH="119"
                    HEIGHT="297"></String>
          </TextLine>

          
        </TextBlock>
        

        
      </PrintSpace>
    </Page>
  </Layout>
</alto>
