4267 7697
2986 6192 224 159 ã ij

562 780 3201 215 où il eſtoit tombé, apres le refus qu’on luy avoit

552 970 3210 173 Fait des armes d'Achille. Ils ont admiré le Phi¬

551 1160 3213 217 loctete, dont tout le ſujet eſt Ulyſſe, qui vient

552 1356 3207 221 pour ſurprendre les fleches d'Hercule. L'Oe¬

551 1552 3197 217 dipe meſme, quoy que tout plein de recon¬

550 1744 3209 211 noiſſances, eſt moins chargé de matiere, que la

547 1938 3211 217 plus ſimple Tragédie de nos jours. Nous voyons

550 2126 3207 213 enfin que les Partiſans de Terence, qui l'éle¬

546 2320 3216 165 vent avec raiſon au deſſus de tous les Poëtes

557 2514 3196 205 Comiques, pour l'élegance de ſa diction, &

546 2702 3217 219 pour la vrayſemblance de ſes mœurs, ne laiſſent

551 2886 3213 225 pas de confeſſer que Plaute a un grand avanta¬

542 3084 3221 219 ge ſur luy, par la ſimplicité qui eſt dans la pluſ¬

537 3282 3231 209 part des ſujets de Plaute. Et c'eſt ſans doute

536 3472 3233 207 cette ſimplicité merveilleuſe qui a attiré à ce

541 3670 3231 213 dernier toutes les loüanges que les Anciens luy

537 3860 3230 159 ont données. Combien Menandre eſtoit-il en¬

532 4052 3237 213 core plus ſimple, puis que Terence eſt obligé

537 4248 3221 199 de prendre deux Comedies de ce Poëte, pour

530 4436 1721 150 en faire une des ſiennes?

697 4629 3067 216 Et il ne faut point croire que cette Regle

526 4822 3237 213 ne ſoit fondée que ſur la fantaiſie de ceux qui

521 5014 3237 211 l'ont faite. Il n'y a que le vray-ſemblable qui

520 5204 3239 211 touche dans la Tragédie. Et quelle vray-ſem¬

512 5398 3240 215 blance y a-t-il qu’il arrive en un jour une

511 5594 3243 219 multitude de choſes qui pourroient à peine

506 5784 3257 215 arriver en pluſieurs ſemaines? Il y en a qui

507 5972 3241 217 penſent que cette ſimplicité eſt une marque

1448 558 1500 179 PREFACE.
