4267 8101
696 928 2559 191 Antoine, qui l’aima juſqu’à l’idolâtrie,

707 1093 2733 200 Oublia dans ſon ſein ſa gloire & ſa Patrie,

700 1267 2755 184 Sans oſer toutefois ſe nommer ton Eſpoux.

695 1435 2693 194 Rome l'alla chercher juſques à ſes genoux,

706 1597 2619 194 Et ne deſarma point ſa fureur vengereſſe,

711 1766 2925 177 Qu'elle n’euſt accablé l'Amant & la Maiſtreſſe.

712 1941 3019 188 Depuis ce temps, Seigneur, Caligula, Neron,

711 2106 2771 187 Monſtres, dont à regret je cite icy le nom,

712 2272 2887 189 Et qui ne conſervant que la figure d'Homme,

707 2441 3029 182 Foulerent à leurs pieds toutes les Lois de Rome,

722 2607 3337 186 Ont craint cette Loy ſeule, & n’ont point à nos yeux

715 2777 2673 178 Allumé le Flambeau d’un Hymen odieux.

712 2936 3151 161 Vous m'avez commandé ſur tout d'eſtre ſincere.

727 3109 2971 184 De l’affranchy Pallas nous avons veu le Frere.

722 3279 2595 182 Des fers de Claudius Felix encor flétry,

728 3453 2970 180 De deux Reynes, Seigneur, devenir le Mary;

732 3614 2819 189 Et s’il faut juſqu'au bout que je vous obeïſſe,

737 3775 2999 196 Ces deux Reynes eſtoient du ſang de Berenice.

738 3929 3241 204 Et vous pourriez, Seigneur, ſans bleſſer nos regards,

745 4114 2875 187 Faire entrer une Reyne au Lit de nos Ceſars,

734 4284 2897 187 Tandis que l’Orient dans le Lit de ſes Reynes

739 4445 3023 190 Voir paſſer un Eſclave au ſortir de nos chaiſnes?

748 4612 3211 199 C'eſt ce que les Romains penſent de voſtre amour.

743 4786 2519 189 Et je ne répons pas avant la fin du jour

744 4953 3055 188 Que le Senat chargé des vœux de tout l’Empire,

750 5125 2680 180 Ne vous rediſe icy ce que je viens de dire:

748 5285 3025 198 Et que Rome avec luy tombant à vos genoux,

753 5447 3227 192 Ne vous demande un choix digne d’elle & de vous.

754 5606 3205 205 Vous pouvez preparer, Seigneur, voſtre réponſe.

2084 5818 697 148 TITUS.

767 5989 2943 180 Hélas! A quel amour on veut que je renonce!

2010 6156 834 147 PAULIN.

781 6313 2664 164 Cet amour eſt ardent, il le faut confeſſer.

2122 6495 680 128 TITUS.

775 6646 2767 199 Plus ardent mille fois que tu ne peux penſer,

702 677 149 149 18

1738 652 1301 180 BERENICE.
