4267 7905
600 415 151 197 4

1530 335 1338 277 BERENICE.

597 685 2780 170 Titus apres huit jours d’une retraites auſtere

613 849 2636 176 Ceſſe enfin de pleurer Veſpaſien ſon pere.

613 1015 2950 154 Cet Amant ſe redonne aux ſoins de ſon amour.

607 1189 3028 172 Et ſi j'en croy, Seigneur, l'entretien de la Cour,

607 1349 2710 140 Peut-eſtre avant la nuit l’heureuſe Berenice

619 1519 2960 180 Change le nom de Reyne au nom d’Imperatrice.

1585 1725 1304 140 ANTIOCHUS.

623 1921 450 134 Helas!

1879 2115 840 126 ARSACE.

1143 2265 2760 166 Quoy? ce diſcours pourroit-il vous troubler?

1653 2477 1278 140 ANTIOCHUS,

623 2631 2848 170 Ainſi donc ſans témoins je ne luy puis parler?

1813 2851 840 130 ARSACE.

629 3007 2970 164 Vous la verrez, Seigneur. Berenice eſt inſtruite

639 3171 2822 166 Que vous voulez icy la voir ſeule, & ſans ſuite.

633 3331 2606 170 La Reyne d’un regard a daigné m'avertir

643 3501 2868 160 Qu'à à voſtre empreſſement elle alloit conſentir.

643 3659 2878 136 Et ſans doute elle attend le moment favorable

649 3825 3032 170 De diſparoiſtre aux yeux d'une Cour qui l'accable.

1571 3999 1298 120 ANTIOCHUS.

649 4149 2548 170 Il ſuffit. Cependant n'as-tu rien négligé

665 4309 2810 170 Des ordres importans dont je t'avois chargé?

1827 4489 856 130 ARSACE.

665 4637 3088 188 Seigneur, vous connoiſſez ma promte obeïſſance.

665 4807 2820 162 Des Vaiſſeaux dans Oſtie armez en diligence,

679 4977 2950 172 Preſts à quitter le port de momens en momens,

675 5137 3094 166 N’attendent pour partir que vos commandemens.

685 5297 2992 172 Mais qui renvoyez-vous dans voſtre Comagene?

1683 5467 1308 148 ANTIOCHUS.

695 5615 3090 182 Arſace, il faut partir quand j'auray veû la Reyne.

1873 5801 830 120 ARSACE.

705 5975 1016 154 Qui doit partir?

1663 6115 1278 140 ANTIOCHUS.

1889 6295 326 150 Moy.
