4267 7934
340 780 2725 164 Il va ſur tant d'Eſtats couronner Berenice,

341 940 3193 182 Pour joindre à plus de noms le nom d’Imperatrice,

346 1101 2859 183 Il m'en viendra luy-meſme aſſurer en ce lieu.

1271 1280 1314 148 ANTIOCHUS.

355 1438 2829 191 Et je viens donc vous dire un éternel adieu.

1472 1612 1101 141 BERENICE.

351 1770 3292 172 Que dites-vous! Ah Ciel! Quel adieu? Quel langage?

361 1926 3135 193 Prince, vous vous troublez, & changez de viſage?

1400 2110 1283 139 ANTIOCHUS.

373 2273 1534 166 Madame, il faut partir.

1406 2437 1064 136 BERENICE.

1726 2591 1607 169 Quoy? ne puis-je ſçavoir

377 2762 823 169 Quel ſujet....

1292 2924 1324 136 ANTIOCHUS.

1390 3073 1865 174 Il falloit partir ſans la revoir.

1431 3246 1123 143 BERENICE.

374 3383 3294 200 Que craignez-vous? Parlez, c'eſt trop long-temps ſe

784 3590 313 126 taire.

381 3718 3109 189 Seigneur, de ce départ quel eſt donc le myſtere?

1370 3902 1306 149 ANTIOCHUS.

376 4050 3103 189 Au moins, ſouvenez-vous que je cede à vos lois,

387 4209 2819 190 Et que vous m’écoutez pour la derniere fois.

512 4370 3023 195 Si dans ce haut degré de gloire & de puiſſance,

382 4538 3213 179 Il vous ſouvient des lieux où vous priſtes naiſſance,

377 4705 3309 190 Madame, il vous ſouvient que mon cœur en ces lieux

378 4871 2837 188 Receût le premier trait qui partit de vos yeux.

371 5035 3024 190 J’aimay, j'obtins l'aveu d'Agrippa voſtre Frere.

377 5195 2977 184 Il vous parla pour moy. Peut-eſtre ſans colere

376 5362 2747 157 Alliez-vous de mon cœur recevoir le tribut,

377 5511 3308 184 Titus, pour mon malheur, vint, vous vit, & vous plût.

381 5684 3175 169 Il parut devant vous dans tout l’éclat d'un Homme

382 5846 3081 197 Qui porte entre ſes mains la vengeance de Rome.

383 6013 2516 180 La Judée en pâlit. La triſte Antiochus

381 6172 2777 185 Se conta le premier au nombre des vaincus.

392 6332 2767 191 Bientoſt de mon malheur interprete ſevere,

393 6497 2928 164 Voſtre bouche à la mienne ordonna de ſe taire.

1353 492 1325 165 TRAGEDIE.

3498 580 98 114 9
