4267 7959
591 743 3332 219 Le Ciel ſçait qu’au milieu des honneurs qu’il m'en¬

931 960 381 121 voye,

590 1081 3120 223 Je n’attendois que vous pour témoin de ma joye.

600 1246 2708 198 Avec tout l'Uniuers j’honorois vos vertus,

594 1403 2696 191 Titus vous cheriſſoit, vous admiriez Titus.

610 1574 2836 198 Cent fois je me ſuis fait une douceur extréme

609 1740 2738 207 D’entretenir Titus dans un autre luy-méme.

1584 1928 1341 152 ANTIOCHUS.

615 2077 2988 199 Et c’eſt ce que je fuis. J’évite, mais trop tard,

631 2232 2920 207 Ces cruels entretiens où je n'ay point de part.

610 2388 2905 217 Je fuis Titus. Je fuis ce nom qui m’inquiete,

630 2558 3142 207 Ce nom qu’à tous momens voſtre bouche repete.

616 2720 3146 212 Que vous diray-je enfin? Je fuis des yeux diſtraits

626 2894 3018 199 Qui me voyant toûjours ne me voyoient jamais.

622 3052 3166 215 Adieu, je vais le cœur trop plein de voſtre image,

631 3220 3204 211 Attendre en vous aimant la mort pour mon partage.

637 3384 3146 209 Surtout ne craignez point qu’une aveugle douleur

631 3540 2960 204 Rempliſſe l’Univers du bruit de mon malheur,

631 3702 3086 220 Madame, le ſeul bruit d’une mort que j’implore,

635 3868 2604 203 Vous fera ſouvenir que je vivois encore.

637 4038 412 148 Adieu.

570 517 179 199 12

1552 500 1304 172 BERENICE.

1331 5087 1790 224 SCENE V.

1005 5494 2587 219 BERENICE, PHENICE.

1939 5862 959 161 PHENICE

1327 5829 405 392 Q

1645 5989 1951 225 ue je le plains! Tant de fidelité,

639 6169 2358 215 Madame, meritoit plus de proſperité.

656 6342 1614 200 Ne le plaignez-vous pas?
