4267 7925
1331 518 1293 157 TRAGEDIE.

3435 551 197 164 33

1153 1475 1615 208 SCENE II.

580 1864 2721 191 ANTIOCHUS, ARSACE.

1560 2210 826 131 ARSACE.

634 2370 2648 218 Inſi le Ciel s’appreſte à vous rendre juſtice.

310 2390 317 330 A

645 2570 2880 194 Vous partirez, Seigneur, mais avec Berenice.

320 2743 2624 143 Loin de vous la ravir on va vous la livrer.

1243 2916 1335 134 ANTIOCHUS.

335 3072 2484 176 Arſace, laiſſe-moy le temps de reſpirer.

346 3212 3194 213 Ce changement eſt grand, ma ſurpriſe eſt extréme.

335 3399 2949 175 Titus entre mes mains remet tout ce qu’il aime?

350 3539 3270 216 Dois-je croire, grands Dieux! ce que je viens d’oüir,

356 3725 2804 189 Et quand je le croiray, dois-je m’en réjoüir?

1537 3908 827 128 ARSACE.

362 4052 3263 198 Mais moy-meſme, Seigneur, que faut il que je croye?

360 4211 2806 192 Quel obſtacle nouveau s’oppoſe à voſtre joye?

355 4380 3061 193 Me trompiez-vous tantoſt au ſortir de ces Lieux,

350 4545 2960 193 Lors qu'encor tout ému de vos derniers Adieux,

346 4715 2818 183 Tremblant d’avoir oſé s’expliquer devant elle,

351 4881 2777 146 Voſtre cœur me contoit ſon audace nouvelle?

352 5035 2968 194 Vous fuyiez un hymen qui vous faiſoit trembler.

364 5184 3182 212 Cet hymen eſt rompu. Quel ſoin peut vous troubler?

351 5350 3077 217 Suivez les doux tranſports où l’amour vous invite.

1346 5556 1304 130 ANTIOCHUS.

360 5701 2598 196 Arſace, je me voy chargé de ſa conduite.

356 5872 2773 195 Je joüiray longtemps de ſes chers entretiens,

364 6003 3298 219 Ses yeux meſme pourront s’accoutumer aux miens.

380 6188 2430 183 Et peut-eſtre ſon cœur fera la difference

378 6358 2633 178 Des froideurs de Titus à ma perſeverance.
