4267 8141
659 481 244 299 34

1685 474 1304 279 BERENICE.

667 811 2914 215 Titus m’accable icy du poids de ſa grandeur.

667 981 3174 215 Tout diſparoiſt dans Rome aupres de ſa ſplendeur.

673 1147 3158 215 Mais quoy que l’Orient ſoit plein de ſa mémoire,

672 1325 2644 208 Berenice y verra des traces de ma gloire.

1935 1506 845 155 ARSACE.

676 1655 3370 213 N’en doutez point, Seigneur, tout ſuccede à vos vœux.

1642 1847 1376 197 ANTIOCHUS.

672 1991 3370 211 Ah! Que nous nous plaiſons à nous tromper tous

1027 2161 369 129 deux?

1940 2350 836 188 ARSACE.

672 2501 1844 187 Et pourquoy nous tromper!

1680 2673 1326 175 ANTIOCHUS.

2262 2858 1780 192 Quoy je luy pourrois plaire?

668 2997 2966 212 Berenice à mes voeux ne ſeroit plus contraire?

668 3169 2764 170 Berenice d’un mot flatteroit mes douleurs?

664 3335 2800 214 Penſes-tu ſeulement que parmy ſes malheurs,

668 3503 3050 225 Quand l'Univers entier negligeroit ſes charmes,

668 3673 3152 215 L’Ingrate me permiſt de luy donner des larmes,

677 3845 2484 213 Ou qu’elle s’abaiſſaſt juſques à recevoir

667 4015 3046 213 Des ſoins, qu'à mon amour elle croiroit devoir?

1946 4215 849 144 ARSACE.

677 4349 3030 217 Et qui peut mieux que vous conſoler ſa diſgrace?

667 4517 3066 222 Sa fortune, Seigneur, va prendre une autre face.

687 4689 922 184 Titus la quitte.

1647 4879 1362 153 ANTIOCHUS.

1919 5038 2144 207 Helas! De ce grand changement

693 5193 2834 213 Il ne me reviendra que le nouveau tourment

683 5363 3254 220 D’apprendre par ſes pleurs à quel point elle l'aime.

677 5533 3158 215 Je la verrai gémir, je la plaindray moy-meſme.

693 5697 3162 221 Pour fruit de tant d’amour j’auray le triſte employ

679 5873 3241 214 De recüeillir des pleurs qui ne ſont pas pour moy.

1945 6079 857 140 ARSACE.

692 6199 3370 238 Quoy? Ne vous plairez-vous qu’à vous geſner ſans

1023 6374 342 132 ceſſe?

682 6543 3385 224 Jamais dans un grand cœur vit-on plus de foibleſſe?
