4267 7830
1378 600 1301 241 TRAGEDIE.

3469 606 131 242 5

1549 880 820 132 ARSACE.

1872 1058 380 110 Vous?

1320 1190 1277 138 ANTIOCHUS.

2285 1349 1301 171 En ſortant du Palais,

372 1513 3097 192 Je ſors de Rome, Arſace, & j’en ſors pour jamais.

1560 1685 854 130 ARSACE.

376 1831 2793 184 Je ſuis ſurpris ſans doute, & c’eſt avec juſtice.

388 1999 2763 182 Quoy depuis ſi long-temps la Reyne Berenice

383 2157 2917 183 Vous arrache, Seigneur, du ſein de vos Eſtats,

388 2323 3061 172 Depuis trois ans dans Rome elle arreſte vos pas;

399 2481 2677 174 Et lors que cette Reyne aſſurant ſa conqueſte

392 2637 2949 175 Vous attend pour témoin de cette illuſtre Feſte,

397 2803 2851 173 Quand l'amoureux Titus, devenant ſon Epoux,

393 2965 2646 174 Luy prépare un éclat qui rejallit ſur vous....

1260 3139 1333 131 ANTIOCHUS.

399 3283 2259 172 Arſace, laiſſe-la joüir de ſa fortune,

404 3449 2967 175 Et quitte un entretien dont le cours m’importune.

1611 3623 823 123 ARSACE.

402 3771 2907 183 Je vous entens, Seigneur. Ces meſmes dignitez

413 3933 2631 178 Ont rendu Berenice ingrate à vos bontez.

403 4095 2199 135 L’inimitié ſuccede à l’amitié trahie.

1372 4270 1265 127 ANTIOCHUS.

413 4417 2765 176 Non, Arſace, jamais je ne l'ay moins haïe.

1570 4597 827 130 ARSACE.

407 4741 3097 180 Quoy donc? De ſa grandeur déja trop prévenu,

412 4899 2673 168 Le nouvel Empereur vous a-t-il méconnu?

404 5057 2646 176 Quelque preſſentiment de ſon indifference

413 5217 2759 186 Vous fait-il loin de Rome éviter ſa preſence?

1316 5398 1307 139 ANTIOCHÜS.

407 5545 2715 176 Titus n’a point pour moy paru ſe démentir,

418 5705 1765 171 J’aurois tort de me plaindre.

1580 5889 828 118 ARSACE.

1748 6042 1639 175 Et pourquoy donc partir?

414 6179 3009 196 Quel caprice vous rend ennemy de vous-meſme?

409 6341 2989 200 Le Ciel met ſur le Trône un Prince qui vous aime,

2764 6539 297 160 A iij
