4267 7886
647 853 3298 203 veut que cette premiere des quatre parties de

647 1043 3292 215 la Tragédie ſoit toûjours la plus proche de la

648 1245 3291 221 derniere, qui eſt la Cataſtrophe. Il ſe plaint

652 1435 3288 209 que la trop grande connoiſſance des Regles

648 1635 3302 205 l'empeſche de ſe divertir à la Comedie, Cer¬

652 1829 3298 209 tainement ſi l'on en juge par ſa Diſſertation, il

653 2031 3303 207 n’y eut jamais de plainte plus mal fondée. Il

657 2223 3304 215 paroît bien qu’il n’a jamais lû Sophocle, qu’il

663 2423 3292 207 loüe tres-injuſtement d'une grande multiplici¬

672 2621 3289 207 té d'incidens, & qu'il n’a meſme jamais rien

666 2809 3294 213 lû de la Poëtique, que dans quelques Préfa¬

668 3009 3292 211 faces de Tragédies. Mais je luy pardonne de

667 3215 3299 203 ne pas ſçavoir les Regles du Theatre, puis

679 3407 3292 217 qu’heureuſement pour le Public, il ne s’appli¬

689 3605 3276 209 que pas à ce genre d’écrire. Ce que je ne luy

678 3801 3303 209 pardonne pas, c’eſt de ſçavoir ſi peu les Regles

688 3989 3282 217 de la bonne plaiſanterie, luy qui ne veut pas

694 4189 3266 221 dire un mot ſans plaiſanter. Croit-il réjoüir

687 4381 3281 219 beaucoup les honneſtes Gens par ces Helas de

683 4591 3286 205 poche, ces Meſdemoiſelles mes Regles, & quan¬

699 4787 3272 191 tité d’autres baſſes affectations qu’il trouvera

699 4975 3276 177 condamnées dans tous les bons Auteurs, s’il

710 5171 1669 219 ſe meſle jamais de lire?

900 5376 3070 208 Toutes ces Critiques ſont le partage de

710 5573 3266 217 quatre ou cinq petits Auteurs infortunez, qui

709 5767 3267 219 n’ont jamais pû par eux-meſmes exciter la cu¬

709 5961 3272 203 rioſité du Public. Ils attendent toûjours l'oc¬

709 6161 3272 215 caſion de quelque Ouvrage qui reüſſiſſe, pour

1561 617 1307 198 PREFACE.
