4267 8136
1662 576 1343 285 BERENICE.

666 914 3099 205 J’aimois, je ſoupirois dans une paix proſonde,

667 1090 3067 199 Un autre eſtoit changé de l'Empire du Monde;

688 1258 3048 199 Maiſtre de mon deſtin, libre dans mes ſoupirs,

677 1435 2871 184 Je ne rendois qu’à moy conte de mes deſirs.

688 1612 2761 179 Mais à peine le Ciel eut rappellé mon Pere,

683 1772 2961 193 Dés que ma triſte main eut fermé ſa paupiere,

688 1950 2627 173 De mon aimable erreur je fus deſabuſé,

687 2114 2613 191 Je ſentis le fardeau qui m’eſtoit impoſé.

682 2255 3253 224 Je connus que bientoſt loin d’eſtre à ce que j’aime,

693 2450 3099 185 Il falloit, cher Paulin, renoncer à moy-meſme,

704 2614 3389 195 Et que le choix des Dieux, contraire à mes amours,

693 2789 2575 184 Livroit à l’Univers le reſte de mes jours.

700 2955 3225 182 Rome obſerve aujourd’huy ma conduite nouvelle.

709 3130 3093 189 Quelle honte pour moy! Quel préſage pour elle,

704 3300 3019 177 Si dés le premier pas renverſant tous ſes droits,

709 3460 3025 189 Je fondois mon bonheur ſur le débris des Lois!

710 3634 2356 175 Reſolu d’accomplir ce cruel ſacrifice,

709 3803 2484 186 J’y voulus préparer la triſte Berenice.

716 3962 3372 195 Mais par où commencer? Vingt fois depuis huit jours

709 4143 2760 188 J’ay voulu devant elle en ouvrir le diſcours,

719 4305 2903 192 Et dés le premier mot ma langue embaraſſée

724 4477 2841 192 Dans ma bouche vingt fois a demeuré glacée.

719 4647 3259 198 J’eſperois que du moins mon trouble & ma douleur

720 4814 3035 197 Luy feroit preſſentir noſtre commun malheur.

731 4979 3187 190 Mais ſans me ſoupçonner, ſenſible à mes allarmes,

730 5150 2939 177 Elle m’offre ſa main pour eſſuyer mes larmes,

741 5318 2951 191 Et ne prévoit rien moins dans cette obſcurité

740 5490 2983 197 Que la fin d’un amour, quelle a trop merité.

745 5657 2777 202 Enfin j'ay ce matin rappellé ma conſtance.

742 5827 2837 178 Il faut la voir, Paulin, & rompre le ſilence.

741 6003 2849 198 J’attens Antiochus, pour luy recommander

756 6171 2719 192 Ce dépoſt précieux que je ne puis garder.

751 6336 2995 205 Juſques dans l'Orient je veux qu’il la remeine.

746 6508 2967 183 Demain Rome avec luy verra partir la Reyne.

747 6677 2775 170 Elle en ſera bientoſt inſtruite par ma voix,

742 6838 2675 207 Et je vais luy parler pour la derniere fois.

651 671 210 210 20
